[{"type":"U","date":"2018-05-04T01:02:07.000Z","volume":102000,"label":"P","price":19.92},{"type":"U","date":"2018-05-04T01:02:09.000Z","volume":800,"label":"P","price":19.86},{"type":"U","date":"2018-05-04T01:05:00.000Z","volume":20000,"label":"P","price":19.735},{"type":"U","date":"2018-05-04T01:20:00.000Z","volume":148000,"label":"U","price":20.15},{"type":"B","date":"2018-05-04T01:30:02.000Z","volume":24000,"label":" ","price":20.05},{"type":"U","date":"2018-05-04T01:30:02.000Z","volume":2000,"label":" ","price":20.1},{"type":"B","date":"2018-05-04T01:30:02.000Z","volume":4000,"label":" ","price":20.05},{"type":"B","date":"2018-05-04T01:30:03.000Z","volume":2000,"label":" ","price":20.05},{"type":"A","date":"2018-05-04T01:30:04.000Z","volume":4000,"label":" ","price":20.1},{"type":"B","date":"2018-05-04T01:30:04.000Z","volume":2000,"label":" ","price":20.05},{"type":"A","date":"2018-05-04T01:30:06.000Z","volume":2000,"label":" ","price":20.1},{"type":"A","date":"2018-05-04T01:30:10.000Z","volume":2000,"label":" ","price":20.1},{"type":"U","date":"2018-05-04T01:30:12.000Z","volume":2000,"label":"X","price":20.075},{"type":"A","date":"2018-05-04T01:30:19.000Z","volume":6000,"label":" ","price":20.1},{"type":"A","date":"2018-05-04T01:30:23.000Z","volume":10000,"label":" ","price":20.1},{"type":"B","date":"2018-05-04T01:30:24.000Z","volume":40000,"label":" ","price":20.05},{"type":"A","date":"2018-05-04T01:30:24.000Z","volume":2000,"label":" ","price":20.1},{"type":"B","date":"2018-05-04T01:30:24.000Z","volume":8000,"label":" ","price":20.05},{"type":"B","date":"2018-05-04T01:30:25.000Z","volume":2000,"label":" ","price":20.05},{"type":"B","date":"2018-05-04T01:30:25.000Z","volume":2000,"label":" ","price":20.05},{"type":"A","date":"2018-05-04T01:30:25.000Z","volume":2000,"label":" ","price":20.1},{"type":"B","date":"2018-05-04T01:30:26.000Z","volume":2000,"label":" ","price":20.05},{"type":"B","date":"2018-05-04T01:30:29.000Z","volume":2000,"label":" ","price":20.05},{"type":"B","date":"2018-05-04T01:30:30.000Z","volume":2000,"label":" ","price":20.05},{"type":"B","date":"2018-05-04T01:30:44.000Z","volume":2000,"label":" ","price":20.05},{"type":"B","date":"2018-05-04T01:30:44.000Z","volume":12000,"label":" ","price":20.05},{"type":"B","date":"2018-05-04T01:30:44.000Z","volume":6000,"label":" ","price":20.05},{"type":"U","date":"2018-05-04T01:30:47.000Z","volume":4000,"label":" ","price":20.05},{"type":"A","date":"2018-05-04T01:30:48.000Z","volume":2000,"label":" ","price":20.05},{"type":"B","date":"2018-05-04T01:31:01.000Z","volume":2000,"label":" ","price":20},{"type":"B","date":"2018-05-04T01:31:01.000Z","volume":4000,"label":" ","price":20},{"type":"U","date":"2018-05-04T01:31:07.000Z","volume":16000,"label":"P","price":20.15},{"type":"B","date":"2018-05-04T01:31:12.000Z","volume":2000,"label":" ","price":20},{"type":"A","date":"2018-05-04T01:31:17.000Z","volume":12000,"label":" ","price":20.05},{"type":"B","date":"2018-05-04T01:31:19.000Z","volume":2000,"label":" ","price":20},{"type":"A","date":"2018-05-04T01:31:19.000Z","volume":38000,"label":" ","price":20.05},{"type":"A","date":"2018-05-04T01:31:19.000Z","volume":2000,"label":" ","price":20.1},{"type":"A","date":"2018-05-04T01:31:19.000Z","volume":2000,"label":" ","price":20.1},{"type":"A","date":"2018-05-04T01:31:19.000Z","volume":4000,"label":" ","price":20.1},{"type":"A","date":"2018-05-04T01:31:19.000Z","volume":2000,"label":" ","price":20.1},{"type":"B","date":"2018-05-04T01:31:24.000Z","volume":2000,"label":" ","price":20.05},{"type":"A","date":"2018-05-04T01:31:33.000Z","volume":4000,"label":" ","price":20.1},{"type":"B","date":"2018-05-04T01:31:34.000Z","volume":6000,"label":" ","price":20.05},{"type":"A","date":"2018-05-04T01:31:57.000Z","volume":10000,"label":" ","price":20.1},{"type":"A","date":"2018-05-04T01:31:57.000Z","volume":16000,"label":" ","price":20.1},{"type":"A","date":"2018-05-04T01:31:57.000Z","volume":2000,"label":" ","price":20.1},{"type":"A","date":"2018-05-04T01:31:57.000Z","volume":2000,"label":" ","price":20.15},{"type":"B","date":"2018-05-04T01:32:02.000Z","volume":2000,"label":" ","price":20.1},{"type":"A","date":"2018-05-04T01:32:03.000Z","volume":2000,"label":" ","price":20.15},{"type":"A","date":"2018-05-04T01:32:03.000Z","volume":30000,"label":" ","price":20.15},{"type":"A","date":"2018-05-04T01:32:03.000Z","volume":24000,"label":" ","price":20.15},{"type":"A","date":"2018-05-04T01:32:04.000Z","volume":6000,"label":" ","price":20.2},{"type":"A","date":"2018-05-04T01:32:04.000Z","volume":2000,"label":" ","price":20.15},{"type":"A","date":"2018-05-04T01:32:04.000Z","volume":2000,"label":" ","price":20.15},{"type":"A","date":"2018-05-04T01:32:04.000Z","volume":4000,"label":" ","price":20.2},{"type":"B","date":"2018-05-04T01:32:07.000Z","volume":2000,"label":" ","price":20.15},{"type":"A","date":"2018-05-04T01:32:11.000Z","volume":2000,"label":" ","price":20.2},{"type":"A","date":"2018-05-04T01:32:11.000Z","volume":2000,"label":" ","price":20.2},{"type":"A","date":"2018-05-04T01:32:11.000Z","volume":2000,"label":" ","price":20.2},{"type":"A","date":"2018-05-04T01:32:15.000Z","volume":2000,"label":" ","price":20.2},{"type":"A","date":"2018-05-04T01:32:30.000Z","volume":4000,"label":" ","price":20.2},{"type":"A","date":"2018-05-04T01:32:35.000Z","volume":10000,"label":" ","price":20.2},{"type":"A","date":"2018-05-04T01:32:35.000Z","volume":2000,"label":" ","price":20.2},{"type":"A","date":"2018-05-04T01:32:35.000Z","volume":4000,"label":" ","price":20.2},{"type":"A","date":"2018-05-04T01:32:35.000Z","volume":2000,"label":" ","price":20.2},{"type":"A","date":"2018-05-04T01:32:36.000Z","volume":10000,"label":" ","price":20.2},{"type":"A","date":"2018-05-04T01:32:36.000Z","volume":2000,"label":"Y","price":20.2},{"type":"A","date":"2018-05-04T01:32:36.000Z","volume":2000,"label":" ","price":20.2},{"type":"A","date":"2018-05-04T01:32:45.000Z","volume":10000,"label":" ","price":20.2},{"type":"B","date":"2018-05-04T01:32:55.000Z","volume":2000,"label":" ","price":20.2},{"type":"B","date":"2018-05-04T01:33:02.000Z","volume":2000,"label":" ","price":20.2},{"type":"A","date":"2018-05-04T01:33:06.000Z","volume":2000,"label":" ","price":20.25},{"type":"A","date":"2018-05-04T01:33:15.000Z","volume":2000,"label":" ","price":20.25},{"type":"A","date":"2018-05-04T01:33:15.000Z","volume":16000,"label":" ","price":20.25},{"type":"A","date":"2018-05-04T01:33:15.000Z","volume":2000,"label":" ","price":20.25},{"type":"A","date":"2018-05-04T01:33:15.000Z","volume":2000,"label":" ","price":20.25},{"type":"A","date":"2018-05-04T01:33:16.000Z","volume":2000,"label":" ","price":20.25},{"type":"A","date":"2018-05-04T01:33:18.000Z","volume":2000,"label":" ","price":20.25},{"type":"A","date":"2018-05-04T01:33:20.000Z","volume":2000,"label":" ","price":20.25},{"type":"A","date":"2018-05-04T01:33:20.000Z","volume":2000,"label":" ","price":20.25},{"type":"A","date":"2018-05-04T01:33:20.000Z","volume":2000,"label":" ","price":20.25},{"type":"A","date":"2018-05-04T01:33:20.000Z","volume":2000,"label":" ","price":20.25},{"type":"A","date":"2018-05-04T01:33:20.000Z","volume":2000,"label":" ","price":20.25},{"type":"A","date":"2018-05-04T01:33:20.000Z","volume":2000,"label":" ","price":20.25},{"type":"A","date":"2018-05-04T01:33:20.000Z","volume":8000,"label":" ","price":20.25},{"type":"B","date":"2018-05-04T01:33:22.000Z","volume":10000,"label":"Y","price":20.2},{"type":"A","date":"2018-05-04T01:33:27.000Z","volume":4000,"label":" ","price":20.25},{"type":"A","date":"2018-05-04T01:33:33.000Z","volume":2000,"label":"Y","price":20.25},{"type":"A","date":"2018-05-04T01:33:33.000Z","volume":14000,"label":" ","price":20.25},{"type":"A","date":"2018-05-04T01:33:33.000Z","volume":4000,"label":" ","price":20.25},{"type":"A","date":"2018-05-04T01:33:33.000Z","volume":4000,"label":" ","price":20.25},{"type":"A","date":"2018-05-04T01:33:33.000Z","volume":2000,"label":" ","price":20.25},{"type":"A","date":"2018-05-04T01:33:39.000Z","volume":2000,"label":" ","price":20.25},{"type":"A","date":"2018-05-04T01:33:39.000Z","volume":2000,"label":" ","price":20.25},{"type":"A","date":"2018-05-04T01:33:40.000Z","volume":2000,"label":" ","price":20.25},{"type":"A","date":"2018-05-04T01:33:40.000Z","volume":2000,"label":" ","price":20.25},{"type":"A","date":"2018-05-04T01:33:40.000Z","volume":2000,"label":" ","price":20.25},{"type":"A","date":"2018-05-04T01:33:40.000Z","volume":2000,"label":" ","price":20.25},{"type":"A","date":"2018-05-04T01:33:40.000Z","volume":2000,"label":" ","price":20.25},{"type":"A","date":"2018-05-04T01:33:40.000Z","volume":2000,"label":" ","price":20.25},{"type":"A","date":"2018-05-04T01:33:40.000Z","volume":10000,"label":" ","price":20.25},{"type":"A","date":"2018-05-04T01:33:40.000Z","volume":10000,"label":" ","price":20.25},{"type":"A","date":"2018-05-04T01:33:40.000Z","volume":4000,"label":" ","price":20.25},{"type":"A","date":"2018-05-04T01:33:43.000Z","volume":2000,"label":" ","price":20.25},{"type":"A","date":"2018-05-04T01:33:47.000Z","volume":2000,"label":" ","price":20.3},{"type":"B","date":"2018-05-04T01:33:47.000Z","volume":2000,"label":" ","price":20.25},{"type":"B","date":"2018-05-04T01:34:02.000Z","volume":4000,"label":" ","price":20.25},{"type":"B","date":"2018-05-04T01:34:05.000Z","volume":2000,"label":" ","price":20.25},{"type":"B","date":"2018-05-04T01:34:17.000Z","volume":4000,"label":" ","price":20.25},{"type":"A","date":"2018-05-04T01:34:18.000Z","volume":2000,"label":" ","price":20.3},{"type":"B","date":"2018-05-04T01:34:30.000Z","volume":2000,"label":" ","price":20.25},{"type":"B","date":"2018-05-04T01:34:36.000Z","volume":4000,"label":" ","price":20.25},{"type":"B","date":"2018-05-04T01:34:40.000Z","volume":76000,"label":" ","price":20.25},{"type":"B","date":"2018-05-04T01:34:40.000Z","volume":2000,"label":" ","price":20.25},{"type":"A","date":"2018-05-04T01:34:40.000Z","volume":6000,"label":" ","price":20.3},{"type":"A","date":"2018-05-04T01:34:44.000Z","volume":6000,"label":" ","price":20.25},{"type":"A","date":"2018-05-04T01:34:45.000Z","volume":2000,"label":"Y","price":20.25},{"type":"A","date":"2018-05-04T01:34:45.000Z","volume":14000,"label":" ","price":20.25},{"type":"A","date":"2018-05-04T01:35:01.000Z","volume":4000,"label":" ","price":20.25},{"type":"B","date":"2018-05-04T01:35:02.000Z","volume":2000,"label":" ","price":20.2},{"type":"B","date":"2018-05-04T01:35:02.000Z","volume":2000,"label":" ","price":20.2},{"type":"A","date":"2018-05-04T01:35:06.000Z","volume":2000,"label":" ","price":20.25},{"type":"A","date":"2018-05-04T01:35:08.000Z","volume":10000,"label":" ","price":20.25},{"type":"A","date":"2018-05-04T01:35:08.000Z","volume":2000,"label":" ","price":20.25},{"type":"A","date":"2018-05-04T01:35:12.000Z","volume":30000,"label":" ","price":20.25},{"type":"A","date":"2018-05-04T01:35:12.000Z","volume":2000,"label":"Y","price":20.25},{"type":"A","date":"2018-05-04T01:35:12.000Z","volume":2000,"label":" ","price":20.25},{"type":"A","date":"2018-05-04T01:35:12.000Z","volume":2000,"label":" ","price":20.3},{"type":"B","date":"2018-05-04T01:35:16.000Z","volume":10000,"label":" ","price":20.25},{"type":"B","date":"2018-05-04T01:35:19.000Z","volume":20000,"label":" ","price":20.25},{"type":"B","date":"2018-05-04T01:35:22.000Z","volume":4000,"label":" ","price":20.25},{"type":"A","date":"2018-05-04T01:35:37.000Z","volume":2000,"label":" ","price":20.3},{"type":"B","date":"2018-05-04T01:35:42.000Z","volume":8000,"label":" ","price":20.25},{"type":"B","date":"2018-05-04T01:35:42.000Z","volume":2000,"label":" ","price":20.25},{"type":"B","date":"2018-05-04T01:35:44.000Z","volume":2000,"label":" ","price":20.25},{"type":"A","date":"2018-05-04T01:35:50.000Z","volume":2000,"label":"Y","price":20.3},{"type":"A","date":"2018-05-04T01:35:50.000Z","volume":8000,"label":" ","price":20.3},{"type":"A","date":"2018-05-04T01:35:52.000Z","volume":2000,"label":" ","price":20.3},{"type":"A","date":"2018-05-04T01:35:54.000Z","volume":12000,"label":"Y","price":20.3},{"type":"A","date":"2018-05-04T01:35:54.000Z","volume":76000,"label":" ","price":20.3},{"type":"A","date":"2018-05-04T01:35:54.000Z","volume":4000,"label":" ","price":20.3},{"type":"A","date":"2018-05-04T01:35:54.000Z","volume":4000,"label":" ","price":20.3},{"type":"A","date":"2018-05-04T01:35:55.000Z","volume":2000,"label":" ","price":20.3},{"type":"B","date":"2018-05-04T01:35:56.000Z","volume":10000,"label":" ","price":20.3},{"type":"B","date":"2018-05-04T01:36:02.000Z","volume":6000,"label":" ","price":20.3},{"type":"B","date":"2018-05-04T01:36:02.000Z","volume":4000,"label":" ","price":20.3},{"type":"B","date":"2018-05-04T01:36:04.000Z","volume":4000,"label":" ","price":20.3},{"type":"A","date":"2018-05-04T01:36:04.000Z","volume":16000,"label":" ","price":20.35},{"type":"A","date":"2018-05-04T01:36:05.000Z","volume":20000,"label":" ","price":20.35},{"type":"A","date":"2018-05-04T01:36:06.000Z","volume":10000,"label":" ","price":20.35},{"type":"A","date":"2018-05-04T01:36:06.000Z","volume":4000,"label":" ","price":20.35},{"type":"A","date":"2018-05-04T01:36:07.000Z","volume":10000,"label":" ","price":20.35},{"type":"A","date":"2018-05-04T01:36:12.000Z","volume":4000,"label":" ","price":20.35},{"type":"A","date":"2018-05-04T01:36:13.000Z","volume":2000,"label":" ","price":20.35},{"type":"B","date":"2018-05-04T01:36:17.000Z","volume":20000,"label":" ","price":20.3},{"type":"A","date":"2018-05-04T01:36:26.000Z","volume":2000,"label":" ","price":20.35},{"type":"A","date":"2018-05-04T01:36:37.000Z","volume":6000,"label":" ","price":20.35},{"type":"B","date":"2018-05-04T01:36:42.000Z","volume":4000,"label":" ","price":20.3},{"type":"A","date":"2018-05-04T01:36:58.000Z","volume":10000,"label":" ","price":20.35},{"type":"B","date":"2018-05-04T01:37:02.000Z","volume":2000,"label":" ","price":20.3},{"type":"A","date":"2018-05-04T01:37:03.000Z","volume":18000,"label":" ","price":20.35},{"type":"B","date":"2018-05-04T01:37:05.000Z","volume":50000,"label":" ","price":20.3},{"type":"A","date":"2018-05-04T01:37:13.000Z","volume":4000,"label":" ","price":20.35},{"type":"A","date":"2018-05-04T01:37:17.000Z","volume":6000,"label":" ","price":20.35},{"type":"B","date":"2018-05-04T01:37:48.000Z","volume":2000,"label":" ","price":20.3},{"type":"B","date":"2018-05-04T01:37:51.000Z","volume":10000,"label":" ","price":20.3},{"type":"A","date":"2018-05-04T01:37:51.000Z","volume":2000,"label":" ","price":20.35},{"type":"B","date":"2018-05-04T01:38:03.000Z","volume":2000,"label":" ","price":20.3},{"type":"B","date":"2018-05-04T01:38:03.000Z","volume":4000,"label":" ","price":20.3},{"type":"A","date":"2018-05-04T01:38:11.000Z","volume":6000,"label":" ","price":20.35},{"type":"A","date":"2018-05-04T01:38:13.000Z","volume":4000,"label":" ","price":20.35},{"type":"B","date":"2018-05-04T01:38:21.000Z","volume":38000,"label":" ","price":20.3},{"type":"B","date":"2018-05-04T01:38:21.000Z","volume":8000,"label":" ","price":20.3},{"type":"B","date":"2018-05-04T01:38:21.000Z","volume":8000,"label":" ","price":20.3},{"type":"A","date":"2018-05-04T01:38:22.000Z","volume":6000,"label":" ","price":20.3},{"type":"A","date":"2018-05-04T01:38:22.000Z","volume":6000,"label":" ","price":20.35},{"type":"A","date":"2018-05-04T01:38:32.000Z","volume":2000,"label":" ","price":20.3},{"type":"A","date":"2018-05-04T01:38:39.000Z","volume":2000,"label":" ","price":20.3},{"type":"B","date":"2018-05-04T01:38:41.000Z","volume":6000,"label":" ","price":20.25},{"type":"B","date":"2018-05-04T01:38:44.000Z","volume":2000,"label":" ","price":20.25},{"type":"A","date":"2018-05-04T01:38:45.000Z","volume":4000,"label":" ","price":20.3},{"type":"A","date":"2018-05-04T01:38:59.000Z","volume":34000,"label":" ","price":20.3},{"type":"A","date":"2018-05-04T01:38:59.000Z","volume":2000,"label":" ","price":20.3},{"type":"A","date":"2018-05-04T01:38:59.000Z","volume":4000,"label":" ","price":20.3},{"type":"A","date":"2018-05-04T01:39:03.000Z","volume":16000,"label":" ","price":20.3},{"type":"B","date":"2018-05-04T01:39:03.000Z","volume":2000,"label":" ","price":20.3},{"type":"B","date":"2018-05-04T01:39:15.000Z","volume":6000,"label":" ","price":20.3},{"type":"B","date":"2018-05-04T01:39:30.000Z","volume":6000,"label":" ","price":20.3},{"type":"B","date":"2018-05-04T01:39:36.000Z","volume":6000,"label":" ","price":20.3},{"type":"A","date":"2018-05-04T01:39:36.000Z","volume":4000,"label":" ","price":20.35},{"type":"U","date":"2018-05-04T01:39:41.000Z","volume":2000,"label":"X","price":20.325},{"type":"B","date":"2018-05-04T01:39:41.000Z","volume":2000,"label":" ","price":20.3},{"type":"B","date":"2018-05-04T01:39:59.000Z","volume":32000,"label":" ","price":20.3},{"type":"B","date":"2018-05-04T01:40:03.000Z","volume":2000,"label":" ","price":20.3},{"type":"B","date":"2018-05-04T01:40:08.000Z","volume":2000,"label":" ","price":20.3},{"type":"B","date":"2018-05-04T01:40:09.000Z","volume":50000,"label":" ","price":20.3},{"type":"B","date":"2018-05-04T01:40:12.000Z","volume":2000,"label":" ","price":20.3},{"type":"B","date":"2018-05-04T01:40:14.000Z","volume":4000,"label":" ","price":20.3},{"type":"B","date":"2018-05-04T01:40:38.000Z","volume":10000,"label":" ","price":20.3},{"type":"B","date":"2018-05-04T01:40:41.000Z","volume":10000,"label":" ","price":20.3},{"type":"B","date":"2018-05-04T01:40:53.000Z","volume":6000,"label":" ","price":20.3},{"type":"B","date":"2018-05-04T01:40:56.000Z","volume":22000,"label":" ","price":20.3},{"type":"U","date":"2018-05-04T01:40:56.000Z","volume":2000,"label":" ","price":20.3},{"type":"B","date":"2018-05-04T01:40:57.000Z","volume":4000,"label":" ","price":20.3},{"type":"B","date":"2018-05-04T01:40:57.000Z","volume":4000,"label":" ","price":20.3},{"type":"A","date":"2018-05-04T01:40:57.000Z","volume":2000,"label":" ","price":20.3},{"type":"B","date":"2018-05-04T01:41:04.000Z","volume":2000,"label":" ","price":20.25},{"type":"B","date":"2018-05-04T01:41:04.000Z","volume":4000,"label":" ","price":20.25},{"type":"A","date":"2018-05-04T01:41:19.000Z","volume":4000,"label":" ","price":20.3},{"type":"A","date":"2018-05-04T01:41:19.000Z","volume":2000,"label":" ","price":20.3},{"type":"A","date":"2018-05-04T01:41:34.000Z","volume":2000,"label":" ","price":20.3},{"type":"U","date":"2018-05-04T01:41:37.000Z","volume":2000,"label":"X","price":20.275},{"type":"B","date":"2018-05-04T01:41:55.000Z","volume":4000,"label":"Y","price":20.25},{"type":"B","date":"2018-05-04T01:41:59.000Z","volume":20000,"label":" ","price":20.25},{"type":"U","date":"2018-05-04T01:42:02.000Z","volume":2000,"label":"X","price":20.275},{"type":"B","date":"2018-05-04T01:42:04.000Z","volume":2000,"label":" ","price":20.25},{"type":"B","date":"2018-05-04T01:42:10.000Z","volume":2000,"label":" ","price":20.25},{"type":"B","date":"2018-05-04T01:42:12.000Z","volume":20000,"label":" ","price":20.25},{"type":"B","date":"2018-05-04T01:42:15.000Z","volume":2000,"label":" ","price":20.25},{"type":"B","date":"2018-05-04T01:42:36.000Z","volume":10000,"label":" ","price":20.25},{"type":"B","date":"2018-05-04T01:42:37.000Z","volume":10000,"label":" ","price":20.25},{"type":"B","date":"2018-05-04T01:42:39.000Z","volume":2000,"label":" ","price":20.25},{"type":"B","date":"2018-05-04T01:42:40.000Z","volume":2000,"label":" ","price":20.25},{"type":"B","date":"2018-05-04T01:42:45.000Z","volume":20000,"label":" ","price":20.25},{"type":"B","date":"2018-05-04T01:42:45.000Z","volume":20000,"label":" ","price":20.25},{"type":"B","date":"2018-05-04T01:42:45.000Z","volume":4000,"label":"Y","price":20.25},{"type":"B","date":"2018-05-04T01:42:45.000Z","volume":2000,"label":" ","price":20.25},{"type":"B","date":"2018-05-04T01:43:04.000Z","volume":4000,"label":" ","price":20.2},{"type":"B","date":"2018-05-04T01:43:08.000Z","volume":50000,"label":" ","price":20.2},{"type":"B","date":"2018-05-04T01:43:08.000Z","volume":38000,"label":" ","price":20.2},{"type":"A","date":"2018-05-04T01:43:08.000Z","volume":2000,"label":"Y","price":20.2},{"type":"A","date":"2018-05-04T01:43:08.000Z","volume":4000,"label":" ","price":20.2},{"type":"A","date":"2018-05-04T01:43:08.000Z","volume":8000,"label":" ","price":20.2},{"type":"A","date":"2018-05-04T01:43:08.000Z","volume":6000,"label":" ","price":20.2},{"type":"A","date":"2018-05-04T01:43:08.000Z","volume":2000,"label":" ","price":20.2},{"type":"A","date":"2018-05-04T01:43:08.000Z","volume":2000,"label":" ","price":20.2},{"type":"B","date":"2018-05-04T01:43:08.000Z","volume":8000,"label":" ","price":20.15},{"type":"A","date":"2018-05-04T01:43:14.000Z","volume":10000,"label":" ","price":20.2},{"type":"B","date":"2018-05-04T01:43:20.000Z","volume":2000,"label":"Y","price":20.15},{"type":"B","date":"2018-05-04T01:43:52.000Z","volume":2000,"label":" ","price":20.15},{"type":"A","date":"2018-05-04T01:44:03.000Z","volume":2000,"label":" ","price":20.2},{"type":"B","date":"2018-05-04T01:44:03.000Z","volume":4000,"label":" ","price":20.15},{"type":"B","date":"2018-05-04T01:44:04.000Z","volume":20000,"label":" ","price":20.15},{"type":"B","date":"2018-05-04T01:44:14.000Z","volume":10000,"label":" ","price":20.15},{"type":"B","date":"2018-05-04T01:44:16.000Z","volume":2000,"label":" ","price":20.15},{"type":"B","date":"2018-05-04T01:44:17.000Z","volume":2000,"label":" ","price":20.15},{"type":"B","date":"2018-05-04T01:44:17.000Z","volume":4000,"label":" ","price":20.15},{"type":"A","date":"2018-05-04T01:44:28.000Z","volume":2000,"label":" ","price":20.2},{"type":"B","date":"2018-05-04T01:44:50.000Z","volume":2000,"label":" ","price":20.15},{"type":"A","date":"2018-05-04T01:45:03.000Z","volume":4000,"label":" ","price":20.2},{"type":"B","date":"2018-05-04T01:45:04.000Z","volume":2000,"label":" ","price":20.15},{"type":"A","date":"2018-05-04T01:45:04.000Z","volume":4000,"label":" ","price":20.2},{"type":"B","date":"2018-05-04T01:45:04.000Z","volume":2000,"label":" ","price":20.15},{"type":"B","date":"2018-05-04T01:45:04.000Z","volume":2000,"label":" ","price":20.15},{"type":"B","date":"2018-05-04T01:45:16.000Z","volume":10000,"label":" ","price":20.15},{"type":"B","date":"2018-05-04T01:45:21.000Z","volume":2000,"label":" ","price":20.15},{"type":"B","date":"2018-05-04T01:45:25.000Z","volume":2000,"label":" ","price":20.15},{"type":"B","date":"2018-05-04T01:45:30.000Z","volume":4000,"label":" ","price":20.15},{"type":"B","date":"2018-05-04T01:45:37.000Z","volume":10000,"label":" ","price":20.15},{"type":"U","date":"2018-05-04T01:45:38.000Z","volume":2000,"label":"X","price":20.175},{"type":"B","date":"2018-05-04T01:45:42.000Z","volume":2000,"label":" ","price":20.15},{"type":"B","date":"2018-05-04T01:46:03.000Z","volume":14000,"label":" ","price":20.15},{"type":"A","date":"2018-05-04T01:46:04.000Z","volume":10000,"label":" ","price":20.2},{"type":"B","date":"2018-05-04T01:46:04.000Z","volume":4000,"label":" ","price":20.15},{"type":"U","date":"2018-05-04T01:46:08.000Z","volume":4000,"label":"X","price":20.175},{"type":"B","date":"2018-05-04T01:46:20.000Z","volume":2000,"label":" ","price":20.15},{"type":"B","date":"2018-05-04T01:46:36.000Z","volume":16000,"label":" ","price":20.15},{"type":"B","date":"2018-05-04T01:46:39.000Z","volume":4000,"label":" ","price":20.15},{"type":"B","date":"2018-05-04T01:46:42.000Z","volume":2000,"label":" ","price":20.15},{"type":"B","date":"2018-05-04T01:47:04.000Z","volume":4000,"label":" ","price":20.15},{"type":"A","date":"2018-05-04T01:47:05.000Z","volume":14000,"label":" ","price":20.2},{"type":"B","date":"2018-05-04T01:47:07.000Z","volume":2000,"label":" ","price":20.15},{"type":"B","date":"2018-05-04T01:47:19.000Z","volume":10000,"label":" ","price":20.15},{"type":"B","date":"2018-05-04T01:47:26.000Z","volume":2000,"label":" ","price":20.15},{"type":"B","date":"2018-05-04T01:47:43.000Z","volume":6000,"label":" ","price":20.15},{"type":"U","date":"2018-05-04T01:47:47.000Z","volume":2000,"label":"X","price":20.175},{"type":"B","date":"2018-05-04T01:47:53.000Z","volume":10000,"label":" ","price":20.15},{"type":"B","date":"2018-05-04T01:47:53.000Z","volume":72000,"label":" ","price":20.15},{"type":"B","date":"2018-05-04T01:47:54.000Z","volume":8000,"label":" ","price":20.15},{"type":"B","date":"2018-05-04T01:47:54.000Z","volume":8000,"label":" ","price":20.15},{"type":"B","date":"2018-05-04T01:48:04.000Z","volume":2000,"label":" ","price":20.1},{"type":"B","date":"2018-05-04T01:48:04.000Z","volume":2000,"label":"Y","price":20.1},{"type":"B","date":"2018-05-04T01:48:04.000Z","volume":4000,"label":" ","price":20.1},{"type":"B","date":"2018-05-04T01:48:23.000Z","volume":4000,"label":" ","price":20.15},{"type":"B","date":"2018-05-04T01:48:23.000Z","volume":2000,"label":" ","price":20.15},{"type":"B","date":"2018-05-04T01:48:33.000Z","volume":2000,"label":" ","price":20.15},{"type":"B","date":"2018-05-04T01:48:38.000Z","volume":4000,"label":" ","price":20.15},{"type":"B","date":"2018-05-04T01:48:39.000Z","volume":2000,"label":" ","price":20.15},{"type":"B","date":"2018-05-04T01:48:46.000Z","volume":14000,"label":" ","price":20.15},{"type":"B","date":"2018-05-04T01:48:53.000Z","volume":12000,"label":" ","price":20.1},{"type":"B","date":"2018-05-04T01:48:54.000Z","volume":4000,"label":" ","price":20.1},{"type":"B","date":"2018-05-04T01:49:01.000Z","volume":2000,"label":" ","price":20.1},{"type":"B","date":"2018-05-04T01:49:02.000Z","volume":10000,"label":" ","price":20.1},{"type":"B","date":"2018-05-04T01:49:02.000Z","volume":10000,"label":" ","price":20.1},{"type":"B","date":"2018-05-04T01:49:02.000Z","volume":12000,"label":" ","price":20.1},{"type":"A","date":"2018-05-04T01:49:38.000Z","volume":2000,"label":"Y","price":20.1},{"type":"A","date":"2018-05-04T01:49:38.000Z","volume":4000,"label":" ","price":20.1},{"type":"A","date":"2018-05-04T01:49:44.000Z","volume":6000,"label":" ","price":20.1},{"type":"A","date":"2018-05-04T01:49:48.000Z","volume":6000,"label":" ","price":20.1},{"type":"A","date":"2018-05-04T01:49:55.000Z","volume":6000,"label":" ","price":20.1},{"type":"U","date":"2018-05-04T01:50:00.000Z","volume":2000,"label":"X","price":20.075},{"type":"B","date":"2018-05-04T01:50:04.000Z","volume":2000,"label":"Y","price":20.05},{"type":"B","date":"2018-05-04T01:50:14.000Z","volume":4000,"label":" ","price":20.05},{"type":"B","date":"2018-05-04T01:50:21.000Z","volume":2000,"label":" ","price":20.05},{"type":"B","date":"2018-05-04T01:50:21.000Z","volume":2000,"label":" ","price":20.05},{"type":"A","date":"2018-05-04T01:50:24.000Z","volume":2000,"label":" ","price":20.1},{"type":"B","date":"2018-05-04T01:50:26.000Z","volume":2000,"label":"Y","price":20.05},{"type":"B","date":"2018-05-04T01:50:43.000Z","volume":12000,"label":" ","price":20.05},{"type":"B","date":"2018-05-04T01:50:59.000Z","volume":4000,"label":" ","price":20.05},{"type":"B","date":"2018-05-04T01:51:05.000Z","volume":2000,"label":" ","price":20.05},{"type":"B","date":"2018-05-04T01:51:05.000Z","volume":4000,"label":" ","price":20.05},{"type":"B","date":"2018-05-04T01:51:07.000Z","volume":2000,"label":" ","price":20.05},{"type":"B","date":"2018-05-04T01:51:11.000Z","volume":18000,"label":" ","price":20.05},{"type":"A","date":"2018-05-04T01:51:12.000Z","volume":6000,"label":"Y","price":20.1},{"type":"A","date":"2018-05-04T01:51:12.000Z","volume":2000,"label":" ","price":20.1},{"type":"B","date":"2018-05-04T01:51:18.000Z","volume":2000,"label":" ","price":20.05},{"type":"U","date":"2018-05-04T01:51:50.000Z","volume":2000,"label":"X","price":20.075},{"type":"B","date":"2018-05-04T01:51:50.000Z","volume":2000,"label":" ","price":20.05},{"type":"B","date":"2018-05-04T01:51:51.000Z","volume":4000,"label":" ","price":20.05},{"type":"U","date":"2018-05-04T01:52:01.000Z","volume":2000,"label":"X","price":20.075},{"type":"B","date":"2018-05-04T01:52:05.000Z","volume":4000,"label":" ","price":20.05},{"type":"B","date":"2018-05-04T01:52:27.000Z","volume":2000,"label":" ","price":20.05},{"type":"B","date":"2018-05-04T01:52:28.000Z","volume":24000,"label":" ","price":20.05},{"type":"B","date":"2018-05-04T01:52:30.000Z","volume":16000,"label":" ","price":20.05},{"type":"B","date":"2018-05-04T01:52:48.000Z","volume":2000,"label":" ","price":20.05},{"type":"B","date":"2018-05-04T01:53:01.000Z","volume":2000,"label":" ","price":20.05},{"type":"B","date":"2018-05-04T01:53:05.000Z","volume":2000,"label":" ","price":20.05},{"type":"B","date":"2018-05-04T01:53:10.000Z","volume":20000,"label":" ","price":20.05},{"type":"B","date":"2018-05-04T01:53:12.000Z","volume":6000,"label":" ","price":20.05},{"type":"B","date":"2018-05-04T01:53:15.000Z","volume":2000,"label":" ","price":20.05},{"type":"B","date":"2018-05-04T01:53:15.000Z","volume":44000,"label":" ","price":20.05},{"type":"B","date":"2018-05-04T01:53:15.000Z","volume":2000,"label":" ","price":20},{"type":"A","date":"2018-05-04T01:53:15.000Z","volume":4000,"label":" ","price":20.1},{"type":"B","date":"2018-05-04T01:53:32.000Z","volume":2000,"label":" ","price":20},{"type":"U","date":"2018-05-04T01:53:45.000Z","volume":2000,"label":" ","price":20.05},{"type":"A","date":"2018-05-04T01:53:46.000Z","volume":2000,"label":" ","price":20.05},{"type":"A","date":"2018-05-04T01:53:47.000Z","volume":6000,"label":" ","price":20.05},{"type":"A","date":"2018-05-04T01:53:48.000Z","volume":6000,"label":" ","price":20.05},{"type":"A","date":"2018-05-04T01:54:00.000Z","volume":2000,"label":" ","price":20.05},{"type":"B","date":"2018-05-04T01:54:05.000Z","volume":2000,"label":" ","price":20},{"type":"B","date":"2018-05-04T01:54:05.000Z","volume":4000,"label":" ","price":20},{"type":"U","date":"2018-05-04T01:54:16.000Z","volume":2000,"label":"X","price":20.025},{"type":"A","date":"2018-05-04T01:54:20.000Z","volume":2000,"label":" ","price":20.05},{"type":"B","date":"2018-05-04T01:54:23.000Z","volume":100000,"label":" ","price":20},{"type":"B","date":"2018-05-04T01:54:23.000Z","volume":20000,"label":" ","price":20},{"type":"B","date":"2018-05-04T01:54:23.000Z","volume":34000,"label":" ","price":19.98},{"type":"B","date":"2018-05-04T01:54:23.000Z","volume":44000,"label":" ","price":19.96},{"type":"B","date":"2018-05-04T01:54:23.000Z","volume":2000,"label":" ","price":19.98},{"type":"B","date":"2018-05-04T01:54:23.000Z","volume":2000,"label":" ","price":20},{"type":"B","date":"2018-05-04T01:54:23.000Z","volume":18000,"label":" ","price":19.94},{"type":"B","date":"2018-05-04T01:54:23.000Z","volume":4000,"label":" ","price":20},{"type":"A","date":"2018-05-04T01:54:23.000Z","volume":6000,"label":" ","price":20.05},{"type":"B","date":"2018-05-04T01:54:24.000Z","volume":6000,"label":" ","price":20},{"type":"U","date":"2018-05-04T01:54:24.000Z","volume":4000,"label":" ","price":20},{"type":"B","date":"2018-05-04T01:54:34.000Z","volume":4000,"label":" ","price":19.94},{"type":"A","date":"2018-05-04T01:54:58.000Z","volume":2000,"label":" ","price":19.96},{"type":"B","date":"2018-05-04T01:54:58.000Z","volume":2000,"label":" ","price":19.94},{"type":"B","date":"2018-05-04T01:55:03.000Z","volume":12000,"label":" ","price":19.94},{"type":"B","date":"2018-05-04T01:55:03.000Z","volume":6000,"label":" ","price":19.94},{"type":"A","date":"2018-05-04T01:55:05.000Z","volume":4000,"label":" ","price":19.94},{"type":"B","date":"2018-05-04T01:55:09.000Z","volume":6000,"label":" ","price":19.92},{"type":"A","date":"2018-05-04T01:55:09.000Z","volume":2000,"label":"Y","price":19.94},{"type":"A","date":"2018-05-04T01:55:09.000Z","volume":14000,"label":" ","price":19.94},{"type":"A","date":"2018-05-04T01:55:09.000Z","volume":32000,"label":" ","price":19.94},{"type":"B","date":"2018-05-04T01:55:19.000Z","volume":4000,"label":" ","price":19.94},{"type":"B","date":"2018-05-04T01:55:51.000Z","volume":12000,"label":" ","price":19.94},{"type":"B","date":"2018-05-04T01:56:01.000Z","volume":2000,"label":"Y","price":19.94},{"type":"B","date":"2018-05-04T01:56:01.000Z","volume":26000,"label":" ","price":19.94},{"type":"A","date":"2018-05-04T01:56:01.000Z","volume":4000,"label":" ","price":19.96},{"type":"U","date":"2018-05-04T01:56:05.000Z","volume":4000,"label":" ","price":19.94},{"type":"A","date":"2018-05-04T01:56:06.000Z","volume":74000,"label":" ","price":19.96},{"type":"A","date":"2018-05-04T01:56:06.000Z","volume":12000,"label":" ","price":19.98},{"type":"A","date":"2018-05-04T01:56:10.000Z","volume":20000,"label":" ","price":20},{"type":"B","date":"2018-05-04T01:56:23.000Z","volume":10000,"label":" ","price":20},{"type":"B","date":"2018-05-04T01:56:53.000Z","volume":16000,"label":" ","price":20},{"type":"B","date":"2018-05-04T01:56:53.000Z","volume":4000,"label":" ","price":20},{"type":"B","date":"2018-05-04T01:57:06.000Z","volume":2000,"label":" ","price":19.98},{"type":"U","date":"2018-05-04T01:57:10.000Z","volume":4000,"label":"X","price":20.015},{"type":"B","date":"2018-05-04T01:57:47.000Z","volume":2000,"label":" ","price":20},{"type":"B","date":"2018-05-04T01:57:51.000Z","volume":2000,"label":" ","price":20},{"type":"B","date":"2018-05-04T01:58:03.000Z","volume":10000,"label":" ","price":20},{"type":"B","date":"2018-05-04T01:58:03.000Z","volume":8000,"label":" ","price":20},{"type":"B","date":"2018-05-04T01:58:05.000Z","volume":2000,"label":" ","price":20},{"type":"B","date":"2018-05-04T01:58:06.000Z","volume":4000,"label":" ","price":20},{"type":"B","date":"2018-05-04T01:58:08.000Z","volume":4000,"label":" ","price":19.98},{"type":"B","date":"2018-05-04T01:58:09.000Z","volume":4000,"label":" ","price":19.98},{"type":"A","date":"2018-05-04T01:58:18.000Z","volume":2000,"label":" ","price":20},{"type":"A","date":"2018-05-04T01:58:20.000Z","volume":4000,"label":" ","price":19.98},{"type":"A","date":"2018-05-04T01:58:20.000Z","volume":16000,"label":" ","price":19.98},{"type":"A","date":"2018-05-04T01:58:20.000Z","volume":4000,"label":" ","price":20},{"type":"A","date":"2018-05-04T01:58:20.000Z","volume":2000,"label":" ","price":19.98},{"type":"A","date":"2018-05-04T01:58:25.000Z","volume":2000,"label":" ","price":19.98},{"type":"A","date":"2018-05-04T01:58:32.000Z","volume":4000,"label":" ","price":19.98},{"type":"A","date":"2018-05-04T01:58:45.000Z","volume":8000,"label":" ","price":19.98},{"type":"A","date":"2018-05-04T01:58:45.000Z","volume":4000,"label":" ","price":19.98},{"type":"A","date":"2018-05-04T01:58:48.000Z","volume":10000,"label":" ","price":19.98},{"type":"B","date":"2018-05-04T01:58:48.000Z","volume":4000,"label":" ","price":19.96},{"type":"A","date":"2018-05-04T01:58:54.000Z","volume":10000,"label":" ","price":19.98},{"type":"B","date":"2018-05-04T01:59:06.000Z","volume":2000,"label":" ","price":19.96},{"type":"A","date":"2018-05-04T01:59:07.000Z","volume":2000,"label":" ","price":19.98},{"type":"A","date":"2018-05-04T01:59:10.000Z","volume":4000,"label":" ","price":19.98},{"type":"B","date":"2018-05-04T01:59:27.000Z","volume":2000,"label":" ","price":19.96},{"type":"U","date":"2018-05-04T01:59:37.000Z","volume":2000,"label":"X","price":19.97},{"type":"A","date":"2018-05-04T01:59:48.000Z","volume":2000,"label":" ","price":19.98},{"type":"B","date":"2018-05-04T02:00:04.000Z","volume":2000,"label":" ","price":19.96},{"type":"B","date":"2018-05-04T02:00:06.000Z","volume":2000,"label":" ","price":19.96},{"type":"B","date":"2018-05-04T02:00:12.000Z","volume":20000,"label":"Y","price":19.96},{"type":"B","date":"2018-05-04T02:00:12.000Z","volume":30000,"label":" ","price":19.96},{"type":"B","date":"2018-05-04T02:00:14.000Z","volume":4000,"label":" ","price":19.96},{"type":"U","date":"2018-05-04T02:00:15.000Z","volume":2000,"label":"X","price":19.97},{"type":"B","date":"2018-05-04T02:00:15.000Z","volume":8000,"label":" ","price":19.96},{"type":"B","date":"2018-05-04T02:00:20.000Z","volume":2000,"label":" ","price":19.96},{"type":"A","date":"2018-05-04T02:00:20.000Z","volume":8000,"label":" ","price":19.98},{"type":"B","date":"2018-05-04T02:00:22.000Z","volume":2000,"label":" ","price":19.96},{"type":"B","date":"2018-05-04T02:00:25.000Z","volume":2000,"label":" ","price":19.96},{"type":"A","date":"2018-05-04T02:00:26.000Z","volume":6000,"label":" ","price":19.98},{"type":"B","date":"2018-05-04T02:00:30.000Z","volume":2000,"label":" ","price":19.96},{"type":"A","date":"2018-05-04T02:00:40.000Z","volume":2000,"label":" ","price":19.98},{"type":"A","date":"2018-05-04T02:00:41.000Z","volume":2000,"label":" ","price":19.98},{"type":"B","date":"2018-05-04T02:00:45.000Z","volume":2000,"label":" ","price":19.96},{"type":"A","date":"2018-05-04T02:00:45.000Z","volume":2000,"label":" ","price":19.98},{"type":"U","date":"2018-05-04T02:00:46.000Z","volume":2000,"label":"X","price":19.97},{"type":"A","date":"2018-05-04T02:00:47.000Z","volume":10000,"label":" ","price":19.98},{"type":"B","date":"2018-05-04T02:00:50.000Z","volume":2000,"label":" ","price":19.96},{"type":"A","date":"2018-05-04T02:01:04.000Z","volume":2000,"label":" ","price":19.98},{"type":"B","date":"2018-05-04T02:01:06.000Z","volume":2000,"label":" ","price":19.96},{"type":"B","date":"2018-05-04T02:01:06.000Z","volume":4000,"label":" ","price":19.96},{"type":"A","date":"2018-05-04T02:01:06.000Z","volume":8000,"label":" ","price":19.98},{"type":"A","date":"2018-05-04T02:01:09.000Z","volume":2000,"label":" ","price":19.98},{"type":"A","date":"2018-05-04T02:01:13.000Z","volume":2000,"label":" ","price":19.98},{"type":"A","date":"2018-05-04T02:01:23.000Z","volume":2000,"label":" ","price":19.98},{"type":"A","date":"2018-05-04T02:01:41.000Z","volume":2000,"label":" ","price":19.98},{"type":"A","date":"2018-05-04T02:01:41.000Z","volume":10000,"label":" ","price":19.98},{"type":"A","date":"2018-05-04T02:01:41.000Z","volume":4000,"label":" ","price":19.98},{"type":"A","date":"2018-05-04T02:01:42.000Z","volume":32000,"label":" ","price":19.98},{"type":"A","date":"2018-05-04T02:01:42.000Z","volume":122000,"label":" ","price":20},{"type":"A","date":"2018-05-04T02:01:44.000Z","volume":12000,"label":" ","price":20.05},{"type":"A","date":"2018-05-04T02:02:01.000Z","volume":18000,"label":" ","price":20.05},{"type":"B","date":"2018-05-04T02:02:06.000Z","volume":2000,"label":" ","price":20},{"type":"A","date":"2018-05-04T02:02:20.000Z","volume":2000,"label":" ","price":20.05},{"type":"A","date":"2018-05-04T02:02:50.000Z","volume":2000,"label":" ","price":20.05},{"type":"U","date":"2018-05-04T02:03:00.000Z","volume":2000,"label":"X","price":20.025},{"type":"A","date":"2018-05-04T02:03:04.000Z","volume":2000,"label":" ","price":20.05},{"type":"B","date":"2018-05-04T02:03:06.000Z","volume":2000,"label":" ","price":20},{"type":"A","date":"2018-05-04T02:03:28.000Z","volume":30000,"label":" ","price":20.05},{"type":"A","date":"2018-05-04T02:03:37.000Z","volume":4000,"label":" ","price":20.05},{"type":"A","date":"2018-05-04T02:03:37.000Z","volume":2000,"label":" ","price":20.05},{"type":"A","date":"2018-05-04T02:03:39.000Z","volume":2000,"label":" ","price":20.05},{"type":"A","date":"2018-05-04T02:03:57.000Z","volume":50000,"label":" ","price":20.05},{"type":"B","date":"2018-05-04T02:04:06.000Z","volume":2000,"label":" ","price":20},{"type":"B","date":"2018-05-04T02:04:07.000Z","volume":4000,"label":" ","price":20},{"type":"A","date":"2018-05-04T02:04:07.000Z","volume":4000,"label":" ","price":20.1},{"type":"A","date":"2018-05-04T02:04:14.000Z","volume":8000,"label":" ","price":20.1},{"type":"A","date":"2018-05-04T02:04:14.000Z","volume":6000,"label":" ","price":20.1},{"type":"A","date":"2018-05-04T02:04:18.000Z","volume":4000,"label":" ","price":20.1},{"type":"A","date":"2018-05-04T02:04:18.000Z","volume":4000,"label":" ","price":20.1},{"type":"A","date":"2018-05-04T02:04:34.000Z","volume":2000,"label":" ","price":20.1},{"type":"A","date":"2018-05-04T02:04:34.000Z","volume":2000,"label":" ","price":20.1},{"type":"U","date":"2018-05-04T02:05:06.000Z","volume":2000,"label":"X","price":20.075},{"type":"B","date":"2018-05-04T02:05:07.000Z","volume":4000,"label":" ","price":20.05},{"type":"B","date":"2018-05-04T02:06:00.000Z","volume":6000,"label":" ","price":20.05},{"type":"B","date":"2018-05-04T02:06:06.000Z","volume":2000,"label":" ","price":20.05},{"type":"A","date":"2018-05-04T02:06:09.000Z","volume":2000,"label":" ","price":20.1},{"type":"U","date":"2018-05-04T02:06:22.000Z","volume":2000,"label":"X","price":20.075},{"type":"B","date":"2018-05-04T02:07:00.000Z","volume":2000,"label":" ","price":20.05},{"type":"B","date":"2018-05-04T02:07:07.000Z","volume":2000,"label":" ","price":20.05},{"type":"B","date":"2018-05-04T02:07:08.000Z","volume":2000,"label":" ","price":20.05},{"type":"A","date":"2018-05-04T02:07:13.000Z","volume":10000,"label":" ","price":20.1},{"type":"A","date":"2018-05-04T02:07:13.000Z","volume":2000,"label":"Y","price":20.1},{"type":"A","date":"2018-05-04T02:07:13.000Z","volume":2000,"label":" ","price":20.1},{"type":"A","date":"2018-05-04T02:07:15.000Z","volume":2000,"label":" ","price":20.1},{"type":"A","date":"2018-05-04T02:07:19.000Z","volume":2000,"label":" ","price":20.1},{"type":"A","date":"2018-05-04T02:07:25.000Z","volume":2000,"label":" ","price":20.1},{"type":"U","date":"2018-05-04T02:07:34.000Z","volume":2000,"label":"X","price":20.075},{"type":"B","date":"2018-05-04T02:08:05.000Z","volume":18000,"label":" ","price":20.05},{"type":"B","date":"2018-05-04T02:08:07.000Z","volume":2000,"label":" ","price":20.05},{"type":"B","date":"2018-05-04T02:08:07.000Z","volume":4000,"label":" ","price":20.05},{"type":"A","date":"2018-05-04T02:08:09.000Z","volume":2000,"label":" ","price":20.1},{"type":"A","date":"2018-05-04T02:08:22.000Z","volume":4000,"label":" ","price":20.1},{"type":"A","date":"2018-05-04T02:08:26.000Z","volume":2000,"label":"Y","price":20.1},{"type":"A","date":"2018-05-04T02:08:26.000Z","volume":4000,"label":" ","price":20.1},{"type":"U","date":"2018-05-04T02:08:32.000Z","volume":4000,"label":"X","price":20.075},{"type":"A","date":"2018-05-04T02:08:33.000Z","volume":2000,"label":" ","price":20.1},{"type":"A","date":"2018-05-04T02:08:39.000Z","volume":4000,"label":"Y","price":20.1},{"type":"A","date":"2018-05-04T02:08:39.000Z","volume":66000,"label":" ","price":20.1},{"type":"A","date":"2018-05-04T02:08:39.000Z","volume":2000,"label":" ","price":20.1},{"type":"A","date":"2018-05-04T02:08:39.000Z","volume":2000,"label":" ","price":20.15},{"type":"B","date":"2018-05-04T02:08:50.000Z","volume":4000,"label":" ","price":20.1},{"type":"A","date":"2018-05-04T02:09:00.000Z","volume":8000,"label":" ","price":20.15},{"type":"B","date":"2018-05-04T02:09:07.000Z","volume":4000,"label":" ","price":20.1},{"type":"A","date":"2018-05-04T02:09:08.000Z","volume":2000,"label":" ","price":20.15},{"type":"U","date":"2018-05-04T02:09:16.000Z","volume":2000,"label":"X","price":20.125},{"type":"A","date":"2018-05-04T02:09:48.000Z","volume":4000,"label":" ","price":20.15},{"type":"A","date":"2018-05-04T02:09:48.000Z","volume":4000,"label":" ","price":20.15},{"type":"A","date":"2018-05-04T02:09:48.000Z","volume":22000,"label":" ","price":20.15},{"type":"A","date":"2018-05-04T02:09:48.000Z","volume":2000,"label":" ","price":20.2},{"type":"A","date":"2018-05-04T02:09:49.000Z","volume":10000,"label":" ","price":20.15},{"type":"A","date":"2018-05-04T02:09:57.000Z","volume":6000,"label":" ","price":20.2},{"type":"U","date":"2018-05-04T02:09:57.000Z","volume":18000,"label":" ","price":20.15},{"type":"U","date":"2018-05-04T02:09:57.000Z","volume":2000,"label":" ","price":20.15},{"type":"U","date":"2018-05-04T02:09:57.000Z","volume":4000,"label":" ","price":20.15},{"type":"A","date":"2018-05-04T02:09:57.000Z","volume":2000,"label":" ","price":20.15},{"type":"A","date":"2018-05-04T02:09:59.000Z","volume":4000,"label":" ","price":20.15},{"type":"A","date":"2018-05-04T02:09:59.000Z","volume":2000,"label":" ","price":20.15},{"type":"A","date":"2018-05-04T02:10:00.000Z","volume":2000,"label":" ","price":20.15},{"type":"A","date":"2018-05-04T02:10:00.000Z","volume":6000,"label":" ","price":20.15},{"type":"B","date":"2018-05-04T02:10:03.000Z","volume":2000,"label":" ","price":20.15},{"type":"A","date":"2018-05-04T02:10:04.000Z","volume":20000,"label":" ","price":20.2},{"type":"B","date":"2018-05-04T02:10:07.000Z","volume":4000,"label":" ","price":20.15},{"type":"A","date":"2018-05-04T02:10:16.000Z","volume":6000,"label":" ","price":20.2},{"type":"B","date":"2018-05-04T02:10:17.000Z","volume":36000,"label":" ","price":20.15},{"type":"B","date":"2018-05-04T02:10:17.000Z","volume":2000,"label":" ","price":20.15},{"type":"U","date":"2018-05-04T02:10:18.000Z","volume":20000,"label":" ","price":20.15},{"type":"U","date":"2018-05-04T02:10:18.000Z","volume":2000,"label":" ","price":20.15},{"type":"U","date":"2018-05-04T02:10:18.000Z","volume":2000,"label":" ","price":20.15},{"type":"A","date":"2018-05-04T02:10:20.000Z","volume":2000,"label":" ","price":20.15},{"type":"A","date":"2018-05-04T02:10:32.000Z","volume":20000,"label":" ","price":20.15},{"type":"A","date":"2018-05-04T02:10:35.000Z","volume":8000,"label":" ","price":20.15},{"type":"A","date":"2018-05-04T02:10:35.000Z","volume":2000,"label":" ","price":20.15},{"type":"A","date":"2018-05-04T02:10:40.000Z","volume":2000,"label":" ","price":20.15},{"type":"A","date":"2018-05-04T02:10:40.000Z","volume":2000,"label":" ","price":20.15},{"type":"A","date":"2018-05-04T02:10:43.000Z","volume":4000,"label":" ","price":20.15},{"type":"A","date":"2018-05-04T02:10:43.000Z","volume":2000,"label":"Y","price":20.15},{"type":"A","date":"2018-05-04T02:10:43.000Z","volume":14000,"label":" ","price":20.15},{"type":"A","date":"2018-05-04T02:11:01.000Z","volume":2000,"label":" ","price":20.2},{"type":"A","date":"2018-05-04T02:11:03.000Z","volume":4000,"label":" ","price":20.2},{"type":"B","date":"2018-05-04T02:11:08.000Z","volume":2000,"label":" ","price":20.15},{"type":"B","date":"2018-05-04T02:11:09.000Z","volume":2000,"label":" ","price":20.15},{"type":"A","date":"2018-05-04T02:11:36.000Z","volume":10000,"label":" ","price":20.2},{"type":"A","date":"2018-05-04T02:11:52.000Z","volume":4000,"label":" ","price":20.2},{"type":"A","date":"2018-05-04T02:12:03.000Z","volume":2000,"label":" ","price":20.2},{"type":"B","date":"2018-05-04T02:12:09.000Z","volume":2000,"label":" ","price":20.15},{"type":"U","date":"2018-05-04T02:12:33.000Z","volume":2000,"label":"X","price":20.175},{"type":"B","date":"2018-05-04T02:12:33.000Z","volume":2000,"label":" ","price":20.15},{"type":"B","date":"2018-05-04T02:12:53.000Z","volume":2000,"label":" ","price":20.15},{"type":"A","date":"2018-05-04T02:12:55.000Z","volume":4000,"label":" ","price":20.2},{"type":"B","date":"2018-05-04T02:13:09.000Z","volume":2000,"label":" ","price":20.15},{"type":"B","date":"2018-05-04T02:13:21.000Z","volume":2000,"label":" ","price":20.15},{"type":"B","date":"2018-05-04T02:13:30.000Z","volume":6000,"label":" ","price":20.15},{"type":"A","date":"2018-05-04T02:13:49.000Z","volume":4000,"label":" ","price":20.2},{"type":"A","date":"2018-05-04T02:14:07.000Z","volume":8000,"label":" ","price":20.2},{"type":"B","date":"2018-05-04T02:14:08.000Z","volume":2000,"label":" ","price":20.15},{"type":"B","date":"2018-05-04T02:14:08.000Z","volume":2000,"label":" ","price":20.15},{"type":"B","date":"2018-05-04T02:14:09.000Z","volume":4000,"label":" ","price":20.15},{"type":"B","date":"2018-05-04T02:14:20.000Z","volume":20000,"label":" ","price":20.15},{"type":"A","date":"2018-05-04T02:14:35.000Z","volume":94000,"label":" ","price":20.2},{"type":"A","date":"2018-05-04T02:14:35.000Z","volume":6000,"label":" ","price":20.2},{"type":"U","date":"2018-05-04T02:14:35.000Z","volume":2000,"label":" ","price":20.2},{"type":"A","date":"2018-05-04T02:14:35.000Z","volume":2000,"label":" ","price":20.25},{"type":"B","date":"2018-05-04T02:14:39.000Z","volume":6000,"label":" ","price":20.2},{"type":"B","date":"2018-05-04T02:14:39.000Z","volume":2000,"label":" ","price":20.2},{"type":"B","date":"2018-05-04T02:14:40.000Z","volume":12000,"label":" ","price":20.2},{"type":"B","date":"2018-05-04T02:14:40.000Z","volume":16000,"label":" ","price":20.15},{"type":"A","date":"2018-05-04T02:14:40.000Z","volume":2000,"label":" ","price":20.2},{"type":"B","date":"2018-05-04T02:14:40.000Z","volume":44000,"label":" ","price":20.15},{"type":"A","date":"2018-05-04T02:14:40.000Z","volume":16000,"label":" ","price":20.15},{"type":"A","date":"2018-05-04T02:14:43.000Z","volume":6000,"label":" ","price":20.2},{"type":"A","date":"2018-05-04T02:14:43.000Z","volume":4000,"label":" ","price":20.2},{"type":"B","date":"2018-05-04T02:14:54.000Z","volume":2000,"label":" ","price":20.2},{"type":"B","date":"2018-05-04T02:15:06.000Z","volume":6000,"label":" ","price":20.2},{"type":"B","date":"2018-05-04T02:15:08.000Z","volume":18000,"label":" ","price":20.2},{"type":"B","date":"2018-05-04T02:15:08.000Z","volume":4000,"label":" ","price":20.2},{"type":"B","date":"2018-05-04T02:15:08.000Z","volume":4000,"label":" ","price":20.2},{"type":"B","date":"2018-05-04T02:15:23.000Z","volume":8000,"label":" ","price":20.2},{"type":"B","date":"2018-05-04T02:15:24.000Z","volume":6000,"label":" ","price":20.2},{"type":"B","date":"2018-05-04T02:15:30.000Z","volume":16000,"label":" ","price":20.2},{"type":"A","date":"2018-05-04T02:15:35.000Z","volume":2000,"label":" ","price":20.25},{"type":"B","date":"2018-05-04T02:15:39.000Z","volume":10000,"label":" ","price":20.2},{"type":"B","date":"2018-05-04T02:15:47.000Z","volume":12000,"label":" ","price":20.2},{"type":"A","date":"2018-05-04T02:15:47.000Z","volume":4000,"label":" ","price":20.2},{"type":"A","date":"2018-05-04T02:15:47.000Z","volume":2000,"label":" ","price":20.2},{"type":"U","date":"2018-05-04T02:15:47.000Z","volume":2000,"label":"X","price":20.2},{"type":"B","date":"2018-05-04T02:16:08.000Z","volume":4000,"label":" ","price":20.2},{"type":"B","date":"2018-05-04T02:16:20.000Z","volume":12000,"label":" ","price":20.2},{"type":"A","date":"2018-05-04T02:16:20.000Z","volume":2000,"label":" ","price":20.2},{"type":"A","date":"2018-05-04T02:16:20.000Z","volume":2000,"label":" ","price":20.2},{"type":"A","date":"2018-05-04T02:16:25.000Z","volume":10000,"label":" ","price":20.2},{"type":"A","date":"2018-05-04T02:16:39.000Z","volume":2000,"label":" ","price":20.2},{"type":"B","date":"2018-05-04T02:16:40.000Z","volume":2000,"label":" ","price":20.15},{"type":"A","date":"2018-05-04T02:16:43.000Z","volume":4000,"label":" ","price":20.2},{"type":"B","date":"2018-05-04T02:17:09.000Z","volume":2000,"label":" ","price":20.15},{"type":"B","date":"2018-05-04T02:17:09.000Z","volume":4000,"label":" ","price":20.15},{"type":"B","date":"2018-05-04T02:17:46.000Z","volume":12000,"label":" ","price":20.15},{"type":"U","date":"2018-05-04T02:17:48.000Z","volume":2000,"label":"X","price":20.175},{"type":"B","date":"2018-05-04T02:17:54.000Z","volume":14000,"label":" ","price":20.15},{"type":"A","date":"2018-05-04T02:17:54.000Z","volume":2000,"label":" ","price":20.2},{"type":"B","date":"2018-05-04T02:18:05.000Z","volume":2000,"label":" ","price":20.15},{"type":"B","date":"2018-05-04T02:18:09.000Z","volume":2000,"label":" ","price":20.15},{"type":"A","date":"2018-05-04T02:18:10.000Z","volume":20000,"label":" ","price":20.2},{"type":"B","date":"2018-05-04T02:18:35.000Z","volume":4000,"label":" ","price":20.15},{"type":"B","date":"2018-05-04T02:18:59.000Z","volume":2000,"label":" ","price":20.15},{"type":"B","date":"2018-05-04T02:19:02.000Z","volume":2000,"label":" ","price":20.15},{"type":"B","date":"2018-05-04T02:19:09.000Z","volume":2000,"label":" ","price":20.15},{"type":"U","date":"2018-05-04T02:19:10.000Z","volume":2000,"label":"X","price":20.175},{"type":"B","date":"2018-05-04T02:19:17.000Z","volume":18000,"label":" ","price":20.15},{"type":"B","date":"2018-05-04T02:19:18.000Z","volume":2000,"label":" ","price":20.15},{"type":"B","date":"2018-05-04T02:19:27.000Z","volume":6000,"label":" ","price":20.15},{"type":"B","date":"2018-05-04T02:19:27.000Z","volume":2000,"label":" ","price":20.15},{"type":"B","date":"2018-05-04T02:19:32.000Z","volume":2000,"label":" ","price":20.15},{"type":"B","date":"2018-05-04T02:19:32.000Z","volume":2000,"label":" ","price":20.15},{"type":"B","date":"2018-05-04T02:19:33.000Z","volume":8000,"label":" ","price":20.15},{"type":"B","date":"2018-05-04T02:19:33.000Z","volume":10000,"label":" ","price":20.1},{"type":"A","date":"2018-05-04T02:19:47.000Z","volume":2000,"label":" ","price":20.2},{"type":"U","date":"2018-05-04T02:19:52.000Z","volume":2000,"label":"X","price":20.15},{"type":"B","date":"2018-05-04T02:20:07.000Z","volume":2000,"label":" ","price":20.15},{"type":"B","date":"2018-05-04T02:20:09.000Z","volume":4000,"label":" ","price":20.15},{"type":"B","date":"2018-05-04T02:20:15.000Z","volume":2000,"label":" ","price":20.15},{"type":"B","date":"2018-05-04T02:20:27.000Z","volume":4000,"label":" ","price":20.15},{"type":"B","date":"2018-05-04T02:20:29.000Z","volume":4000,"label":" ","price":20.15},{"type":"U","date":"2018-05-04T02:20:31.000Z","volume":4000,"label":"X","price":20.175},{"type":"A","date":"2018-05-04T02:20:44.000Z","volume":20000,"label":" ","price":20.2},{"type":"A","date":"2018-05-04T02:20:53.000Z","volume":20000,"label":" ","price":20.2},{"type":"B","date":"2018-05-04T02:20:56.000Z","volume":50000,"label":" ","price":20.15},{"type":"B","date":"2018-05-04T02:20:56.000Z","volume":4000,"label":" ","price":20.15},{"type":"B","date":"2018-05-04T02:21:03.000Z","volume":8000,"label":" ","price":20.15},{"type":"B","date":"2018-05-04T02:21:09.000Z","volume":2000,"label":" ","price":20.1},{"type":"B","date":"2018-05-04T02:21:09.000Z","volume":2000,"label":"Y","price":20.1},{"type":"B","date":"2018-05-04T02:22:04.000Z","volume":16000,"label":" ","price":20.1},{"type":"B","date":"2018-05-04T02:22:09.000Z","volume":2000,"label":"Y","price":20.1},{"type":"B","date":"2018-05-04T02:22:09.000Z","volume":2000,"label":" ","price":20.1},{"type":"U","date":"2018-05-04T02:22:18.000Z","volume":2000,"label":"X","price":20.125},{"type":"B","date":"2018-05-04T02:22:34.000Z","volume":14000,"label":" ","price":20.1},{"type":"B","date":"2018-05-04T02:22:34.000Z","volume":4000,"label":" ","price":20.1},{"type":"B","date":"2018-05-04T02:22:44.000Z","volume":6000,"label":" ","price":20.1},{"type":"B","date":"2018-05-04T02:22:57.000Z","volume":2000,"label":" ","price":20.1},{"type":"B","date":"2018-05-04T02:22:58.000Z","volume":2000,"label":" ","price":20.1},{"type":"B","date":"2018-05-04T02:23:06.000Z","volume":2000,"label":" ","price":20.1},{"type":"B","date":"2018-05-04T02:23:10.000Z","volume":2000,"label":" ","price":20.1},{"type":"U","date":"2018-05-04T02:23:11.000Z","volume":4000,"label":"X","price":20.125},{"type":"B","date":"2018-05-04T02:23:22.000Z","volume":2000,"label":" ","price":20.1},{"type":"A","date":"2018-05-04T02:23:24.000Z","volume":2000,"label":" ","price":20.15},{"type":"B","date":"2018-05-04T02:23:31.000Z","volume":4000,"label":" ","price":20.1},{"type":"B","date":"2018-05-04T02:23:38.000Z","volume":2000,"label":" ","price":20.1},{"type":"B","date":"2018-05-04T02:23:56.000Z","volume":12000,"label":" ","price":20.1},{"type":"B","date":"2018-05-04T02:24:10.000Z","volume":2000,"label":" ","price":20.1},{"type":"B","date":"2018-05-04T02:24:10.000Z","volume":4000,"label":" ","price":20.1},{"type":"B","date":"2018-05-04T02:24:12.000Z","volume":2000,"label":" ","price":20.1},{"type":"A","date":"2018-05-04T02:24:19.000Z","volume":2000,"label":" ","price":20.15},{"type":"B","date":"2018-05-04T02:24:23.000Z","volume":4000,"label":" ","price":20.1},{"type":"B","date":"2018-05-04T02:24:25.000Z","volume":12000,"label":" ","price":20.1},{"type":"B","date":"2018-05-04T02:24:26.000Z","volume":2000,"label":" ","price":20.1},{"type":"B","date":"2018-05-04T02:24:28.000Z","volume":2000,"label":" ","price":20.1},{"type":"B","date":"2018-05-04T02:24:32.000Z","volume":2000,"label":" ","price":20.1},{"type":"U","date":"2018-05-04T02:24:44.000Z","volume":2000,"label":"X","price":20.125},{"type":"A","date":"2018-05-04T02:25:01.000Z","volume":78000,"label":" ","price":20.15},{"type":"A","date":"2018-05-04T02:25:03.000Z","volume":6000,"label":" ","price":20.2},{"type":"B","date":"2018-05-04T02:25:10.000Z","volume":2000,"label":" ","price":20.15},{"type":"B","date":"2018-05-04T02:26:10.000Z","volume":4000,"label":" ","price":20.15},{"type":"U","date":"2018-05-04T02:26:23.000Z","volume":4000,"label":"X","price":20.175},{"type":"B","date":"2018-05-04T02:26:37.000Z","volume":2000,"label":" ","price":20.15},{"type":"B","date":"2018-05-04T02:27:06.000Z","volume":4000,"label":" ","price":20.15},{"type":"B","date":"2018-05-04T02:27:10.000Z","volume":2000,"label":" ","price":20.15},{"type":"B","date":"2018-05-04T02:27:10.000Z","volume":2000,"label":" ","price":20.15},{"type":"B","date":"2018-05-04T02:27:22.000Z","volume":20000,"label":" ","price":20.15},{"type":"B","date":"2018-05-04T02:27:34.000Z","volume":2000,"label":"Y","price":20.15},{"type":"B","date":"2018-05-04T02:27:34.000Z","volume":2000,"label":" ","price":20.15},{"type":"B","date":"2018-05-04T02:27:42.000Z","volume":2000,"label":" ","price":20.15},{"type":"U","date":"2018-05-04T02:27:43.000Z","volume":2000,"label":"X","price":20.175},{"type":"B","date":"2018-05-04T02:28:03.000Z","volume":2000,"label":" ","price":20.15},{"type":"A","date":"2018-05-04T02:28:03.000Z","volume":2000,"label":" ","price":20.2},{"type":"B","date":"2018-05-04T02:28:06.000Z","volume":12000,"label":" ","price":20.15},{"type":"B","date":"2018-05-04T02:28:10.000Z","volume":4000,"label":" ","price":20.15},{"type":"B","date":"2018-05-04T02:28:13.000Z","volume":6000,"label":" ","price":20.15},{"type":"B","date":"2018-05-04T02:28:31.000Z","volume":2000,"label":" ","price":20.15},{"type":"B","date":"2018-05-04T02:28:37.000Z","volume":2000,"label":" ","price":20.15},{"type":"B","date":"2018-05-04T02:28:41.000Z","volume":2000,"label":"Y","price":20.15},{"type":"B","date":"2018-05-04T02:29:10.000Z","volume":4000,"label":" ","price":20.15},{"type":"B","date":"2018-05-04T02:29:20.000Z","volume":14000,"label":" ","price":20.15},{"type":"B","date":"2018-05-04T02:29:21.000Z","volume":4000,"label":" ","price":20.15},{"type":"A","date":"2018-05-04T02:29:30.000Z","volume":8000,"label":" ","price":20.2},{"type":"B","date":"2018-05-04T02:29:33.000Z","volume":4000,"label":" ","price":20.15},{"type":"B","date":"2018-05-04T02:29:35.000Z","volume":2000,"label":" ","price":20.15},{"type":"B","date":"2018-05-04T02:29:46.000Z","volume":2000,"label":" ","price":20.15},{"type":"B","date":"2018-05-04T02:29:50.000Z","volume":10000,"label":" ","price":20.15},{"type":"B","date":"2018-05-04T02:29:56.000Z","volume":4000,"label":" ","price":20.15},{"type":"B","date":"2018-05-04T02:30:11.000Z","volume":2000,"label":"Y","price":20.15},{"type":"B","date":"2018-05-04T02:30:11.000Z","volume":2000,"label":" ","price":20.15},{"type":"U","date":"2018-05-04T02:30:11.000Z","volume":4000,"label":"X","price":20.175},{"type":"U","date":"2018-05-04T02:30:17.000Z","volume":2000,"label":"X","price":20.175},{"type":"A","date":"2018-05-04T02:30:30.000Z","volume":40000,"label":" ","price":20.2},{"type":"B","date":"2018-05-04T02:30:53.000Z","volume":2000,"label":" ","price":20.15},{"type":"B","date":"2018-05-04T02:31:11.000Z","volume":4000,"label":" ","price":20.15},{"type":"U","date":"2018-05-04T02:31:20.000Z","volume":2000,"label":"X","price":20.175},{"type":"B","date":"2018-05-04T02:31:36.000Z","volume":6000,"label":" ","price":20.15},{"type":"A","date":"2018-05-04T02:31:38.000Z","volume":2000,"label":" ","price":20.2},{"type":"A","date":"2018-05-04T02:31:45.000Z","volume":6000,"label":" ","price":20.2},{"type":"A","date":"2018-05-04T02:31:54.000Z","volume":4000,"label":" ","price":20.2},{"type":"A","date":"2018-05-04T02:31:55.000Z","volume":6000,"label":" ","price":20.2},{"type":"A","date":"2018-05-04T02:32:02.000Z","volume":6000,"label":" ","price":20.2},{"type":"B","date":"2018-05-04T02:32:04.000Z","volume":2000,"label":" ","price":20.15},{"type":"A","date":"2018-05-04T02:32:05.000Z","volume":6000,"label":" ","price":20.2},{"type":"B","date":"2018-05-04T02:32:07.000Z","volume":2000,"label":" ","price":20.15},{"type":"A","date":"2018-05-04T02:32:08.000Z","volume":6000,"label":" ","price":20.2},{"type":"A","date":"2018-05-04T02:32:09.000Z","volume":2000,"label":" ","price":20.2},{"type":"B","date":"2018-05-04T02:32:10.000Z","volume":2000,"label":" ","price":20.15},{"type":"B","date":"2018-05-04T02:32:11.000Z","volume":2000,"label":" ","price":20.15},{"type":"A","date":"2018-05-04T02:32:17.000Z","volume":4000,"label":" ","price":20.2},{"type":"A","date":"2018-05-04T02:32:20.000Z","volume":44000,"label":" ","price":20.2},{"type":"A","date":"2018-05-04T02:32:24.000Z","volume":40000,"label":" ","price":20.2},{"type":"A","date":"2018-05-04T02:32:24.000Z","volume":8000,"label":" ","price":20.2},{"type":"A","date":"2018-05-04T02:32:34.000Z","volume":40000,"label":" ","price":20.2},{"type":"A","date":"2018-05-04T02:32:34.000Z","volume":4000,"label":" ","price":20.2},{"type":"U","date":"2018-05-04T02:32:35.000Z","volume":4000,"label":"X","price":20.15},{"type":"A","date":"2018-05-04T02:32:35.000Z","volume":4000,"label":" ","price":20.2},{"type":"A","date":"2018-05-04T02:32:35.000Z","volume":4000,"label":" ","price":20.2},{"type":"A","date":"2018-05-04T02:32:37.000Z","volume":4000,"label":" ","price":20.2},{"type":"A","date":"2018-05-04T02:32:37.000Z","volume":4000,"label":" ","price":20.2},{"type":"A","date":"2018-05-04T02:32:39.000Z","volume":8000,"label":" ","price":20.25},{"type":"A","date":"2018-05-04T02:33:00.000Z","volume":4000,"label":" ","price":20.25},{"type":"B","date":"2018-05-04T02:33:11.000Z","volume":4000,"label":"Y","price":20.2},{"type":"U","date":"2018-05-04T02:33:29.000Z","volume":2000,"label":"X","price":20.225},{"type":"B","date":"2018-05-04T02:33:54.000Z","volume":4000,"label":" ","price":20.2},{"type":"B","date":"2018-05-04T02:33:54.000Z","volume":152000,"label":" ","price":20.2},{"type":"B","date":"2018-05-04T02:33:56.000Z","volume":14000,"label":" ","price":20.15},{"type":"B","date":"2018-05-04T02:33:58.000Z","volume":4000,"label":" ","price":20.15},{"type":"B","date":"2018-05-04T02:34:00.000Z","volume":4000,"label":" ","price":20.15},{"type":"B","date":"2018-05-04T02:34:02.000Z","volume":4000,"label":" ","price":20.15},{"type":"B","date":"2018-05-04T02:34:04.000Z","volume":2000,"label":" ","price":20.15},{"type":"A","date":"2018-05-04T02:34:06.000Z","volume":26000,"label":" ","price":20.2},{"type":"B","date":"2018-05-04T02:34:06.000Z","volume":4000,"label":" ","price":20.15},{"type":"B","date":"2018-05-04T02:34:11.000Z","volume":2000,"label":" ","price":20.15},{"type":"B","date":"2018-05-04T02:34:11.000Z","volume":2000,"label":" ","price":20.15},{"type":"B","date":"2018-05-04T02:34:12.000Z","volume":2000,"label":" ","price":20.15},{"type":"A","date":"2018-05-04T02:34:14.000Z","volume":10000,"label":" ","price":20.2},{"type":"A","date":"2018-05-04T02:34:22.000Z","volume":2000,"label":" ","price":20.2},{"type":"A","date":"2018-05-04T02:34:22.000Z","volume":16000,"label":" ","price":20.2},{"type":"A","date":"2018-05-04T02:34:38.000Z","volume":2000,"label":" ","price":20.2},{"type":"B","date":"2018-05-04T02:34:38.000Z","volume":4000,"label":" ","price":20.15},{"type":"A","date":"2018-05-04T02:34:46.000Z","volume":2000,"label":" ","price":20.2},{"type":"A","date":"2018-05-04T02:34:49.000Z","volume":4000,"label":" ","price":20.2},{"type":"A","date":"2018-05-04T02:34:55.000Z","volume":4000,"label":" ","price":20.2},{"type":"A","date":"2018-05-04T02:35:05.000Z","volume":30000,"label":" ","price":20.2},{"type":"A","date":"2018-05-04T02:35:10.000Z","volume":2000,"label":" ","price":20.2},{"type":"B","date":"2018-05-04T02:35:11.000Z","volume":4000,"label":" ","price":20.15},{"type":"A","date":"2018-05-04T02:35:18.000Z","volume":4000,"label":" ","price":20.2},{"type":"A","date":"2018-05-04T02:35:19.000Z","volume":2000,"label":" ","price":20.2},{"type":"A","date":"2018-05-04T02:35:23.000Z","volume":6000,"label":" ","price":20.2},{"type":"A","date":"2018-05-04T02:35:26.000Z","volume":2000,"label":" ","price":20.2},{"type":"A","date":"2018-05-04T02:35:42.000Z","volume":2000,"label":" ","price":20.2},{"type":"A","date":"2018-05-04T02:36:03.000Z","volume":20000,"label":" ","price":20.2},{"type":"U","date":"2018-05-04T02:36:07.000Z","volume":2000,"label":"X","price":20.175},{"type":"A","date":"2018-05-04T02:36:07.000Z","volume":4000,"label":" ","price":20.2},{"type":"B","date":"2018-05-04T02:36:12.000Z","volume":4000,"label":" ","price":20.15},{"type":"A","date":"2018-05-04T02:36:13.000Z","volume":4000,"label":" ","price":20.2},{"type":"A","date":"2018-05-04T02:36:22.000Z","volume":4000,"label":" ","price":20.2},{"type":"A","date":"2018-05-04T02:36:24.000Z","volume":10000,"label":" ","price":20.2},{"type":"A","date":"2018-05-04T02:36:30.000Z","volume":2000,"label":" ","price":20.2},{"type":"A","date":"2018-05-04T02:36:33.000Z","volume":2000,"label":" ","price":20.2},{"type":"A","date":"2018-05-04T02:36:38.000Z","volume":2000,"label":" ","price":20.2},{"type":"A","date":"2018-05-04T02:36:39.000Z","volume":6000,"label":" ","price":20.25},{"type":"U","date":"2018-05-04T02:36:53.000Z","volume":2000,"label":"X","price":20.2},{"type":"U","date":"2018-05-04T02:36:55.000Z","volume":2000,"label":"X","price":20.175},{"type":"A","date":"2018-05-04T02:37:03.000Z","volume":2000,"label":" ","price":20.2},{"type":"A","date":"2018-05-04T02:37:09.000Z","volume":10000,"label":" ","price":20.2},{"type":"B","date":"2018-05-04T02:37:12.000Z","volume":2000,"label":" ","price":20.15},{"type":"A","date":"2018-05-04T02:37:12.000Z","volume":10000,"label":" ","price":20.2},{"type":"B","date":"2018-05-04T02:37:12.000Z","volume":2000,"label":" ","price":20.15},{"type":"A","date":"2018-05-04T02:37:19.000Z","volume":2000,"label":" ","price":20.2},{"type":"A","date":"2018-05-04T02:37:19.000Z","volume":10000,"label":" ","price":20.2},{"type":"A","date":"2018-05-04T02:37:27.000Z","volume":4000,"label":" ","price":20.2},{"type":"A","date":"2018-05-04T02:37:27.000Z","volume":10000,"label":" ","price":20.2},{"type":"A","date":"2018-05-04T02:37:30.000Z","volume":4000,"label":" ","price":20.2},{"type":"A","date":"2018-05-04T02:37:30.000Z","volume":10000,"label":" ","price":20.2},{"type":"A","date":"2018-05-04T02:37:33.000Z","volume":4000,"label":" ","price":20.2},{"type":"B","date":"2018-05-04T02:37:50.000Z","volume":2000,"label":" ","price":20.2},{"type":"A","date":"2018-05-04T02:37:56.000Z","volume":20000,"label":" ","price":20.25},{"type":"B","date":"2018-05-04T02:38:12.000Z","volume":2000,"label":" ","price":20.2},{"type":"A","date":"2018-05-04T02:38:17.000Z","volume":6000,"label":" ","price":20.25},{"type":"B","date":"2018-05-04T02:38:19.000Z","volume":2000,"label":" ","price":20.2},{"type":"U","date":"2018-05-04T02:38:19.000Z","volume":2000,"label":"X","price":20.225},{"type":"B","date":"2018-05-04T02:38:20.000Z","volume":10000,"label":" ","price":20.2},{"type":"A","date":"2018-05-04T02:38:21.000Z","volume":6000,"label":" ","price":20.25},{"type":"A","date":"2018-05-04T02:38:24.000Z","volume":6000,"label":" ","price":20.25},{"type":"A","date":"2018-05-04T02:38:30.000Z","volume":6000,"label":" ","price":20.25},{"type":"A","date":"2018-05-04T02:38:42.000Z","volume":6000,"label":" ","price":20.25},{"type":"A","date":"2018-05-04T02:38:46.000Z","volume":6000,"label":" ","price":20.25},{"type":"A","date":"2018-05-04T02:38:55.000Z","volume":6000,"label":" ","price":20.25},{"type":"B","date":"2018-05-04T02:39:12.000Z","volume":6000,"label":" ","price":20.2},{"type":"B","date":"2018-05-04T02:39:12.000Z","volume":4000,"label":" ","price":20.2},{"type":"U","date":"2018-05-04T02:39:14.000Z","volume":2000,"label":"X","price":20.225},{"type":"A","date":"2018-05-04T02:39:17.000Z","volume":2000,"label":" ","price":20.25},{"type":"U","date":"2018-05-04T02:39:27.000Z","volume":300,"label":"D","price":20.4},{"type":"A","date":"2018-05-04T02:39:31.000Z","volume":10000,"label":" ","price":20.25},{"type":"A","date":"2018-05-04T02:39:39.000Z","volume":20000,"label":" ","price":20.25},{"type":"U","date":"2018-05-04T02:39:40.000Z","volume":2000,"label":"X","price":20.225},{"type":"A","date":"2018-05-04T02:39:44.000Z","volume":4000,"label":" ","price":20.25},{"type":"U","date":"2018-05-04T02:40:03.000Z","volume":2000,"label":"X","price":20.225},{"type":"B","date":"2018-05-04T02:40:07.000Z","volume":2000,"label":" ","price":20.2},{"type":"B","date":"2018-05-04T02:40:12.000Z","volume":2000,"label":" ","price":20.2},{"type":"B","date":"2018-05-04T02:40:12.000Z","volume":4000,"label":" ","price":20.2},{"type":"B","date":"2018-05-04T02:40:36.000Z","volume":10000,"label":" ","price":20.2},{"type":"A","date":"2018-05-04T02:40:40.000Z","volume":10000,"label":" ","price":20.25},{"type":"A","date":"2018-05-04T02:40:51.000Z","volume":10000,"label":" ","price":20.25},{"type":"A","date":"2018-05-04T02:40:54.000Z","volume":10000,"label":" ","price":20.25},{"type":"A","date":"2018-05-04T02:40:58.000Z","volume":10000,"label":" ","price":20.25},{"type":"B","date":"2018-05-04T02:41:04.000Z","volume":2000,"label":" ","price":20.2},{"type":"A","date":"2018-05-04T02:41:05.000Z","volume":10000,"label":" ","price":20.25},{"type":"A","date":"2018-05-04T02:41:05.000Z","volume":4000,"label":" ","price":20.25},{"type":"U","date":"2018-05-04T02:41:08.000Z","volume":2000,"label":"X","price":20.2},{"type":"B","date":"2018-05-04T02:41:12.000Z","volume":2000,"label":" ","price":20.2},{"type":"U","date":"2018-05-04T02:41:20.000Z","volume":2000,"label":"X","price":20.225},{"type":"A","date":"2018-05-04T02:41:42.000Z","volume":10000,"label":" ","price":20.25},{"type":"U","date":"2018-05-04T02:42:09.000Z","volume":2000,"label":"X","price":20.225},{"type":"B","date":"2018-05-04T02:42:11.000Z","volume":14000,"label":" ","price":20.2},{"type":"A","date":"2018-05-04T02:42:12.000Z","volume":2000,"label":" ","price":20.25},{"type":"B","date":"2018-05-04T02:42:13.000Z","volume":4000,"label":" ","price":20.2},{"type":"B","date":"2018-05-04T02:42:14.000Z","volume":20000,"label":" ","price":20.2},{"type":"A","date":"2018-05-04T02:42:15.000Z","volume":4000,"label":" ","price":20.25},{"type":"A","date":"2018-05-04T02:42:31.000Z","volume":62000,"label":" ","price":20.25},{"type":"A","date":"2018-05-04T02:42:31.000Z","volume":4000,"label":" ","price":20.25},{"type":"A","date":"2018-05-04T02:42:33.000Z","volume":4000,"label":" ","price":20.3},{"type":"U","date":"2018-05-04T02:42:59.000Z","volume":2000,"label":"X","price":20.275},{"type":"B","date":"2018-05-04T02:43:13.000Z","volume":2000,"label":" ","price":20.25},{"type":"B","date":"2018-05-04T02:43:13.000Z","volume":4000,"label":" ","price":20.25},{"type":"A","date":"2018-05-04T02:43:15.000Z","volume":2000,"label":" ","price":20.3},{"type":"B","date":"2018-05-04T02:43:59.000Z","volume":10000,"label":" ","price":20.25},{"type":"U","date":"2018-05-04T02:44:04.000Z","volume":2000,"label":"X","price":20.275},{"type":"B","date":"2018-05-04T02:44:13.000Z","volume":4000,"label":" ","price":20.25},{"type":"U","date":"2018-05-04T02:44:44.000Z","volume":2000,"label":"X","price":20.275},{"type":"B","date":"2018-05-04T02:44:46.000Z","volume":6000,"label":" ","price":20.25},{"type":"U","date":"2018-05-04T02:44:51.000Z","volume":2000,"label":"X","price":20.275},{"type":"B","date":"2018-05-04T02:45:09.000Z","volume":4000,"label":" ","price":20.25},{"type":"B","date":"2018-05-04T02:45:13.000Z","volume":4000,"label":" ","price":20.25},{"type":"B","date":"2018-05-04T02:45:27.000Z","volume":16000,"label":" ","price":20.25},{"type":"A","date":"2018-05-04T02:45:27.000Z","volume":4000,"label":" ","price":20.3},{"type":"U","date":"2018-05-04T02:45:39.000Z","volume":2000,"label":"X","price":20.275},{"type":"U","date":"2018-05-04T02:45:44.000Z","volume":4000,"label":"X","price":20.275},{"type":"B","date":"2018-05-04T02:46:06.000Z","volume":2000,"label":" ","price":20.25},{"type":"B","date":"2018-05-04T02:46:13.000Z","volume":2000,"label":"Y","price":20.25},{"type":"B","date":"2018-05-04T02:46:13.000Z","volume":2000,"label":"Y","price":20.25},{"type":"A","date":"2018-05-04T02:46:25.000Z","volume":6000,"label":" ","price":20.3},{"type":"A","date":"2018-05-04T02:46:33.000Z","volume":4000,"label":"Y","price":20.3},{"type":"A","date":"2018-05-04T02:46:33.000Z","volume":36000,"label":" ","price":20.3},{"type":"A","date":"2018-05-04T02:46:43.000Z","volume":2000,"label":" ","price":20.3},{"type":"A","date":"2018-05-04T02:46:54.000Z","volume":50000,"label":" ","price":20.3},{"type":"A","date":"2018-05-04T02:46:54.000Z","volume":32000,"label":" ","price":20.3},{"type":"A","date":"2018-05-04T02:46:54.000Z","volume":56000,"label":" ","price":20.3},{"type":"U","date":"2018-05-04T02:46:54.000Z","volume":2000,"label":"Y","price":20.3},{"type":"A","date":"2018-05-04T02:46:56.000Z","volume":8000,"label":"Y","price":20.35},{"type":"B","date":"2018-05-04T02:47:13.000Z","volume":2000,"label":" ","price":20.3},{"type":"B","date":"2018-05-04T02:47:19.000Z","volume":12000,"label":" ","price":20.3},{"type":"B","date":"2018-05-04T02:47:50.000Z","volume":180000,"label":" ","price":20.3},{"type":"B","date":"2018-05-04T02:47:50.000Z","volume":4000,"label":" ","price":20.3},{"type":"A","date":"2018-05-04T02:47:50.000Z","volume":14000,"label":" ","price":20.3},{"type":"A","date":"2018-05-04T02:47:50.000Z","volume":16000,"label":" ","price":20.3},{"type":"B","date":"2018-05-04T02:47:50.000Z","volume":2000,"label":" ","price":20.3},{"type":"B","date":"2018-05-04T02:48:12.000Z","volume":2000,"label":" ","price":20.3},{"type":"B","date":"2018-05-04T02:48:13.000Z","volume":4000,"label":" ","price":20.3},{"type":"B","date":"2018-05-04T02:48:18.000Z","volume":2000,"label":" ","price":20.3},{"type":"U","date":"2018-05-04T02:48:26.000Z","volume":2000,"label":"X","price":20.325},{"type":"B","date":"2018-05-04T02:48:36.000Z","volume":20000,"label":" ","price":20.3},{"type":"B","date":"2018-05-04T02:48:40.000Z","volume":40000,"label":" ","price":20.3},{"type":"A","date":"2018-05-04T02:48:40.000Z","volume":14000,"label":" ","price":20.3},{"type":"A","date":"2018-05-04T02:48:41.000Z","volume":2000,"label":" ","price":20.3},{"type":"A","date":"2018-05-04T02:48:41.000Z","volume":2000,"label":" ","price":20.3},{"type":"A","date":"2018-05-04T02:48:49.000Z","volume":2000,"label":" ","price":20.3},{"type":"B","date":"2018-05-04T02:49:10.000Z","volume":2000,"label":" ","price":20.25},{"type":"B","date":"2018-05-04T02:49:14.000Z","volume":2000,"label":" ","price":20.25},{"type":"B","date":"2018-05-04T02:49:14.000Z","volume":2000,"label":" ","price":20.25},{"type":"A","date":"2018-05-04T02:49:42.000Z","volume":20000,"label":" ","price":20.3},{"type":"U","date":"2018-05-04T02:49:49.000Z","volume":2000,"label":"X","price":20.275},{"type":"B","date":"2018-05-04T02:50:00.000Z","volume":2000,"label":" ","price":20.25},{"type":"B","date":"2018-05-04T02:50:07.000Z","volume":2000,"label":" ","price":20.25},{"type":"B","date":"2018-05-04T02:50:12.000Z","volume":14000,"label":" ","price":20.25},{"type":"B","date":"2018-05-04T02:50:14.000Z","volume":4000,"label":" ","price":20.25},{"type":"B","date":"2018-05-04T02:50:16.000Z","volume":20000,"label":" ","price":20.25},{"type":"B","date":"2018-05-04T02:50:29.000Z","volume":10000,"label":" ","price":20.25},{"type":"B","date":"2018-05-04T02:50:46.000Z","volume":20000,"label":" ","price":20.25},{"type":"A","date":"2018-05-04T02:50:48.000Z","volume":20000,"label":" ","price":20.3},{"type":"A","date":"2018-05-04T02:50:57.000Z","volume":4000,"label":" ","price":20.3},{"type":"A","date":"2018-05-04T02:51:03.000Z","volume":4000,"label":" ","price":20.3},{"type":"B","date":"2018-05-04T02:51:14.000Z","volume":2000,"label":" ","price":20.25},{"type":"B","date":"2018-05-04T02:51:48.000Z","volume":20000,"label":" ","price":20.25},{"type":"A","date":"2018-05-04T02:51:49.000Z","volume":2000,"label":" ","price":20.3},{"type":"U","date":"2018-05-04T02:51:59.000Z","volume":2000,"label":"X","price":20.275},{"type":"A","date":"2018-05-04T02:52:08.000Z","volume":2000,"label":"Y","price":20.3},{"type":"A","date":"2018-05-04T02:52:08.000Z","volume":8000,"label":" ","price":20.3},{"type":"B","date":"2018-05-04T02:52:14.000Z","volume":2000,"label":"Y","price":20.25},{"type":"B","date":"2018-05-04T02:52:14.000Z","volume":4000,"label":"Y","price":20.25},{"type":"A","date":"2018-05-04T02:52:20.000Z","volume":10000,"label":" ","price":20.3},{"type":"U","date":"2018-05-04T02:53:06.000Z","volume":2000,"label":"X","price":20.275},{"type":"B","date":"2018-05-04T02:53:14.000Z","volume":2000,"label":"Y","price":20.25},{"type":"B","date":"2018-05-04T02:53:14.000Z","volume":2000,"label":" ","price":20.25},{"type":"A","date":"2018-05-04T02:53:15.000Z","volume":10000,"label":" ","price":20.3},{"type":"B","date":"2018-05-04T02:53:26.000Z","volume":20000,"label":" ","price":20.25},{"type":"A","date":"2018-05-04T02:54:10.000Z","volume":2000,"label":" ","price":20.3},{"type":"B","date":"2018-05-04T02:54:15.000Z","volume":2000,"label":" ","price":20.25},{"type":"B","date":"2018-05-04T02:54:16.000Z","volume":2000,"label":" ","price":20.25},{"type":"B","date":"2018-05-04T02:54:32.000Z","volume":10000,"label":" ","price":20.25},{"type":"U","date":"2018-05-04T02:54:39.000Z","volume":2000,"label":"X","price":20.275},{"type":"B","date":"2018-05-04T02:54:52.000Z","volume":20000,"label":" ","price":20.25},{"type":"B","date":"2018-05-04T02:54:55.000Z","volume":46000,"label":" ","price":20.25},{"type":"B","date":"2018-05-04T02:55:05.000Z","volume":20000,"label":" ","price":20.25},{"type":"B","date":"2018-05-04T02:55:13.000Z","volume":4000,"label":" ","price":20.25},{"type":"B","date":"2018-05-04T02:55:16.000Z","volume":4000,"label":"Y","price":20.25},{"type":"A","date":"2018-05-04T02:55:55.000Z","volume":4000,"label":" ","price":20.3},{"type":"U","date":"2018-05-04T02:56:03.000Z","volume":2000,"label":"X","price":20.275},{"type":"B","date":"2018-05-04T02:56:09.000Z","volume":2000,"label":" ","price":20.25},{"type":"B","date":"2018-05-04T02:56:15.000Z","volume":2000,"label":"Y","price":20.25},{"type":"B","date":"2018-05-04T02:56:16.000Z","volume":4000,"label":"Y","price":20.25},{"type":"B","date":"2018-05-04T02:56:35.000Z","volume":20000,"label":" ","price":20.25},{"type":"B","date":"2018-05-04T02:57:06.000Z","volume":2000,"label":" ","price":20.25},{"type":"B","date":"2018-05-04T02:57:06.000Z","volume":20000,"label":" ","price":20.25},{"type":"B","date":"2018-05-04T02:57:16.000Z","volume":2000,"label":"Y","price":20.25},{"type":"U","date":"2018-05-04T02:57:32.000Z","volume":2000,"label":"X","price":20.275},{"type":"B","date":"2018-05-04T02:58:03.000Z","volume":4000,"label":" ","price":20.25},{"type":"B","date":"2018-05-04T02:58:07.000Z","volume":2000,"label":" ","price":20.25},{"type":"B","date":"2018-05-04T02:58:16.000Z","volume":2000,"label":"Y","price":20.25},{"type":"B","date":"2018-05-04T02:58:21.000Z","volume":20000,"label":" ","price":20.25},{"type":"U","date":"2018-05-04T02:58:30.000Z","volume":2000,"label":"X","price":20.275},{"type":"U","date":"2018-05-04T02:58:37.000Z","volume":4000,"label":"X","price":20.275},{"type":"B","date":"2018-05-04T02:58:37.000Z","volume":10000,"label":" ","price":20.25},{"type":"B","date":"2018-05-04T02:58:59.000Z","volume":2000,"label":" ","price":20.25},{"type":"B","date":"2018-05-04T02:59:00.000Z","volume":2000,"label":" ","price":20.25},{"type":"B","date":"2018-05-04T02:59:07.000Z","volume":20000,"label":" ","price":20.25},{"type":"B","date":"2018-05-04T02:59:15.000Z","volume":2000,"label":" ","price":20.25},{"type":"B","date":"2018-05-04T02:59:16.000Z","volume":4000,"label":" ","price":20.25},{"type":"B","date":"2018-05-04T02:59:18.000Z","volume":4000,"label":" ","price":20.25},{"type":"U","date":"2018-05-04T02:59:20.000Z","volume":2000,"label":"X","price":20.275},{"type":"B","date":"2018-05-04T02:59:21.000Z","volume":2000,"label":" ","price":20.25},{"type":"U","date":"2018-05-04T02:59:41.000Z","volume":2000,"label":"X","price":20.275},{"type":"A","date":"2018-05-04T02:59:54.000Z","volume":2000,"label":" ","price":20.3},{"type":"B","date":"2018-05-04T02:59:59.000Z","volume":20000,"label":" ","price":20.25},{"type":"B","date":"2018-05-04T02:59:59.000Z","volume":2000,"label":" ","price":20.25},{"type":"B","date":"2018-05-04T03:00:10.000Z","volume":2000,"label":" ","price":20.25},{"type":"B","date":"2018-05-04T03:00:16.000Z","volume":4000,"label":" ","price":20.25},{"type":"B","date":"2018-05-04T03:00:39.000Z","volume":2000,"label":" ","price":20.25},{"type":"B","date":"2018-05-04T03:00:39.000Z","volume":4000,"label":" ","price":20.25},{"type":"B","date":"2018-05-04T03:00:39.000Z","volume":2000,"label":" ","price":20.2},{"type":"U","date":"2018-05-04T03:00:39.000Z","volume":2000,"label":" ","price":20.25},{"type":"U","date":"2018-05-04T03:01:06.000Z","volume":2000,"label":"X","price":20.25},{"type":"B","date":"2018-05-04T03:01:17.000Z","volume":4000,"label":" ","price":20.2},{"type":"B","date":"2018-05-04T03:01:17.000Z","volume":20000,"label":" ","price":20.2},{"type":"B","date":"2018-05-04T03:01:31.000Z","volume":20000,"label":" ","price":20.2},{"type":"B","date":"2018-05-04T03:01:34.000Z","volume":4000,"label":" ","price":20.25},{"type":"B","date":"2018-05-04T03:01:34.000Z","volume":2000,"label":" ","price":20.25},{"type":"B","date":"2018-05-04T03:01:51.000Z","volume":38000,"label":" ","price":20.25},{"type":"U","date":"2018-05-04T03:01:51.000Z","volume":2000,"label":" ","price":20.25},{"type":"U","date":"2018-05-04T03:01:51.000Z","volume":2000,"label":" ","price":20.25},{"type":"A","date":"2018-05-04T03:01:51.000Z","volume":6000,"label":" ","price":20.25},{"type":"B","date":"2018-05-04T03:02:07.000Z","volume":30000,"label":" ","price":20.2},{"type":"B","date":"2018-05-04T03:02:17.000Z","volume":2000,"label":" ","price":20.2},{"type":"B","date":"2018-05-04T03:02:17.000Z","volume":2000,"label":" ","price":20.2},{"type":"U","date":"2018-05-04T03:02:23.000Z","volume":2000,"label":"X","price":20.225},{"type":"B","date":"2018-05-04T03:02:51.000Z","volume":16000,"label":" ","price":20.2},{"type":"B","date":"2018-05-04T03:02:51.000Z","volume":4000,"label":" ","price":20.2},{"type":"B","date":"2018-05-04T03:02:55.000Z","volume":10000,"label":" ","price":20.2},{"type":"U","date":"2018-05-04T03:03:01.000Z","volume":2000,"label":"X","price":20.225},{"type":"B","date":"2018-05-04T03:03:02.000Z","volume":2000,"label":" ","price":20.2},{"type":"B","date":"2018-05-04T03:03:11.000Z","volume":20000,"label":" ","price":20.2},{"type":"B","date":"2018-05-04T03:03:17.000Z","volume":4000,"label":" ","price":20.2},{"type":"B","date":"2018-05-04T03:03:21.000Z","volume":10000,"label":" ","price":20.2},{"type":"A","date":"2018-05-04T03:03:22.000Z","volume":4000,"label":" ","price":20.2},{"type":"A","date":"2018-05-04T03:03:31.000Z","volume":16000,"label":" ","price":20.2},{"type":"B","date":"2018-05-04T03:03:37.000Z","volume":2000,"label":" ","price":20.2},{"type":"B","date":"2018-05-04T03:03:38.000Z","volume":2000,"label":" ","price":20.2},{"type":"B","date":"2018-05-04T03:04:02.000Z","volume":10000,"label":" ","price":20.2},{"type":"B","date":"2018-05-04T03:04:17.000Z","volume":2000,"label":" ","price":20.2},{"type":"A","date":"2018-05-04T03:04:44.000Z","volume":8000,"label":" ","price":20.25},{"type":"B","date":"2018-05-04T03:04:48.000Z","volume":20000,"label":" ","price":20.2},{"type":"U","date":"2018-05-04T03:04:59.000Z","volume":2000,"label":"X","price":20.225},{"type":"B","date":"2018-05-04T03:05:17.000Z","volume":2000,"label":" ","price":20.2},{"type":"B","date":"2018-05-04T03:05:17.000Z","volume":2000,"label":" ","price":20.2},{"type":"B","date":"2018-05-04T03:05:26.000Z","volume":20000,"label":" ","price":20.2},{"type":"U","date":"2018-05-04T03:06:00.000Z","volume":2000,"label":"X","price":20.225},{"type":"B","date":"2018-05-04T03:06:04.000Z","volume":20000,"label":" ","price":20.2},{"type":"B","date":"2018-05-04T03:06:17.000Z","volume":4000,"label":" ","price":20.2},{"type":"B","date":"2018-05-04T03:06:22.000Z","volume":20000,"label":" ","price":20.2},{"type":"U","date":"2018-05-04T03:06:40.000Z","volume":2000,"label":"X","price":20.225},{"type":"U","date":"2018-05-04T03:06:54.000Z","volume":2000,"label":"X","price":20.225},{"type":"B","date":"2018-05-04T03:07:03.000Z","volume":10000,"label":" ","price":20.2},{"type":"B","date":"2018-05-04T03:07:17.000Z","volume":4000,"label":" ","price":20.2},{"type":"B","date":"2018-05-04T03:07:21.000Z","volume":2000,"label":" ","price":20.2},{"type":"B","date":"2018-05-04T03:07:30.000Z","volume":20000,"label":" ","price":20.2},{"type":"U","date":"2018-05-04T03:07:52.000Z","volume":4000,"label":"X","price":20.225},{"type":"B","date":"2018-05-04T03:08:00.000Z","volume":20000,"label":" ","price":20.2},{"type":"B","date":"2018-05-04T03:08:04.000Z","volume":2000,"label":"Y","price":20.2},{"type":"B","date":"2018-05-04T03:08:18.000Z","volume":2000,"label":" ","price":20.2},{"type":"B","date":"2018-05-04T03:08:18.000Z","volume":2000,"label":" ","price":20.2},{"type":"B","date":"2018-05-04T03:08:43.000Z","volume":2000,"label":" ","price":20.2},{"type":"B","date":"2018-05-04T03:08:45.000Z","volume":2000,"label":" ","price":20.2},{"type":"A","date":"2018-05-04T03:08:45.000Z","volume":2000,"label":" ","price":20.25},{"type":"U","date":"2018-05-04T03:09:04.000Z","volume":2000,"label":"X","price":20.225},{"type":"B","date":"2018-05-04T03:09:18.000Z","volume":4000,"label":" ","price":20.2},{"type":"U","date":"2018-05-04T03:09:20.000Z","volume":2000,"label":"X","price":20.225},{"type":"B","date":"2018-05-04T03:09:35.000Z","volume":20000,"label":" ","price":20.2},{"type":"B","date":"2018-05-04T03:09:42.000Z","volume":16000,"label":" ","price":20.2},{"type":"B","date":"2018-05-04T03:09:42.000Z","volume":4000,"label":" ","price":20.15},{"type":"B","date":"2018-05-04T03:09:42.000Z","volume":2000,"label":" ","price":20.2},{"type":"U","date":"2018-05-04T03:09:51.000Z","volume":2000,"label":"X","price":20.2},{"type":"B","date":"2018-05-04T03:10:18.000Z","volume":4000,"label":" ","price":20.15},{"type":"B","date":"2018-05-04T03:10:34.000Z","volume":2000,"label":" ","price":20.2},{"type":"B","date":"2018-05-04T03:10:54.000Z","volume":2000,"label":" ","price":20.2},{"type":"U","date":"2018-05-04T03:11:03.000Z","volume":2000,"label":"X","price":20.225},{"type":"A","date":"2018-05-04T03:11:05.000Z","volume":26000,"label":" ","price":20.25},{"type":"B","date":"2018-05-04T03:11:12.000Z","volume":20000,"label":" ","price":20.2},{"type":"A","date":"2018-05-04T03:11:13.000Z","volume":4000,"label":" ","price":20.25},{"type":"B","date":"2018-05-04T03:11:18.000Z","volume":2000,"label":" ","price":20.2},{"type":"B","date":"2018-05-04T03:11:19.000Z","volume":2000,"label":" ","price":20.2},{"type":"B","date":"2018-05-04T03:11:35.000Z","volume":10000,"label":" ","price":20.2},{"type":"B","date":"2018-05-04T03:11:43.000Z","volume":20000,"label":" ","price":20.2},{"type":"B","date":"2018-05-04T03:12:15.000Z","volume":2000,"label":" ","price":20.2},{"type":"B","date":"2018-05-04T03:12:19.000Z","volume":4000,"label":" ","price":20.2},{"type":"B","date":"2018-05-04T03:12:27.000Z","volume":20000,"label":" ","price":20.2},{"type":"B","date":"2018-05-04T03:12:50.000Z","volume":14000,"label":" ","price":20.2},{"type":"B","date":"2018-05-04T03:12:50.000Z","volume":6000,"label":" ","price":20.15},{"type":"U","date":"2018-05-04T03:13:07.000Z","volume":4000,"label":"X","price":20.225},{"type":"B","date":"2018-05-04T03:13:18.000Z","volume":2000,"label":" ","price":20.2},{"type":"U","date":"2018-05-04T03:13:19.000Z","volume":2000,"label":"X","price":20.225},{"type":"B","date":"2018-05-04T03:13:19.000Z","volume":4000,"label":" ","price":20.2},{"type":"B","date":"2018-05-04T03:13:32.000Z","volume":2000,"label":" ","price":20.2},{"type":"B","date":"2018-05-04T03:13:50.000Z","volume":4000,"label":" ","price":20.2},{"type":"B","date":"2018-05-04T03:13:50.000Z","volume":16000,"label":" ","price":20.15},{"type":"B","date":"2018-05-04T03:14:20.000Z","volume":4000,"label":" ","price":20.15},{"type":"B","date":"2018-05-04T03:14:22.000Z","volume":20000,"label":" ","price":20.15},{"type":"U","date":"2018-05-04T03:14:32.000Z","volume":2000,"label":"X","price":20.175},{"type":"A","date":"2018-05-04T03:14:36.000Z","volume":24000,"label":" ","price":20.2},{"type":"B","date":"2018-05-04T03:14:58.000Z","volume":6000,"label":" ","price":20.2},{"type":"A","date":"2018-05-04T03:14:58.000Z","volume":4000,"label":" ","price":20.25},{"type":"U","date":"2018-05-04T03:15:17.000Z","volume":2000,"label":"X","price":20.225},{"type":"B","date":"2018-05-04T03:15:20.000Z","volume":4000,"label":" ","price":20.2},{"type":"B","date":"2018-05-04T03:15:52.000Z","volume":10000,"label":" ","price":20.2},{"type":"B","date":"2018-05-04T03:15:53.000Z","volume":12000,"label":" ","price":20.2},{"type":"B","date":"2018-05-04T03:15:53.000Z","volume":8000,"label":" ","price":20.15},{"type":"B","date":"2018-05-04T03:16:02.000Z","volume":10000,"label":" ","price":20.2},{"type":"B","date":"2018-05-04T03:16:02.000Z","volume":10000,"label":" ","price":20.15},{"type":"B","date":"2018-05-04T03:16:19.000Z","volume":2000,"label":" ","price":20.2},{"type":"B","date":"2018-05-04T03:16:20.000Z","volume":2000,"label":" ","price":20.2},{"type":"U","date":"2018-05-04T03:16:58.000Z","volume":2000,"label":"X","price":20.225},{"type":"B","date":"2018-05-04T03:17:17.000Z","volume":2000,"label":" ","price":20.2},{"type":"B","date":"2018-05-04T03:17:20.000Z","volume":2000,"label":" ","price":20.2},{"type":"A","date":"2018-05-04T03:17:24.000Z","volume":12000,"label":" ","price":20.25},{"type":"B","date":"2018-05-04T03:17:37.000Z","volume":14000,"label":" ","price":20.2},{"type":"B","date":"2018-05-04T03:17:37.000Z","volume":6000,"label":" ","price":20.15},{"type":"B","date":"2018-05-04T03:17:37.000Z","volume":2000,"label":" ","price":20.2},{"type":"B","date":"2018-05-04T03:18:00.000Z","volume":20000,"label":" ","price":20.15},{"type":"B","date":"2018-05-04T03:18:20.000Z","volume":4000,"label":" ","price":20.2},{"type":"B","date":"2018-05-04T03:19:16.000Z","volume":20000,"label":" ","price":20.2},{"type":"B","date":"2018-05-04T03:19:20.000Z","volume":2000,"label":" ","price":20.2},{"type":"U","date":"2018-05-04T03:19:20.000Z","volume":4000,"label":"X","price":20.225},{"type":"B","date":"2018-05-04T03:19:20.000Z","volume":4000,"label":" ","price":20.2},{"type":"B","date":"2018-05-04T03:20:09.000Z","volume":20000,"label":" ","price":20.2},{"type":"B","date":"2018-05-04T03:20:09.000Z","volume":2000,"label":" ","price":20.2},{"type":"B","date":"2018-05-04T03:20:19.000Z","volume":10000,"label":" ","price":20.2},{"type":"B","date":"2018-05-04T03:20:19.000Z","volume":2000,"label":" ","price":20.2},{"type":"B","date":"2018-05-04T03:20:21.000Z","volume":2000,"label":" ","price":20.2},{"type":"B","date":"2018-05-04T03:20:43.000Z","volume":2000,"label":" ","price":20.2},{"type":"U","date":"2018-05-04T03:20:48.000Z","volume":2000,"label":"X","price":20.225},{"type":"B","date":"2018-05-04T03:20:54.000Z","volume":12000,"label":" ","price":20.2},{"type":"B","date":"2018-05-04T03:20:54.000Z","volume":8000,"label":" ","price":20.15},{"type":"A","date":"2018-05-04T03:21:18.000Z","volume":2000,"label":" ","price":20.25},{"type":"B","date":"2018-05-04T03:21:20.000Z","volume":4000,"label":" ","price":20.15},{"type":"B","date":"2018-05-04T03:21:21.000Z","volume":4000,"label":" ","price":20.15},{"type":"A","date":"2018-05-04T03:21:25.000Z","volume":8000,"label":" ","price":20.2},{"type":"B","date":"2018-05-04T03:21:25.000Z","volume":2000,"label":" ","price":20.2},{"type":"B","date":"2018-05-04T03:22:15.000Z","volume":16000,"label":" ","price":20.2},{"type":"B","date":"2018-05-04T03:22:15.000Z","volume":4000,"label":" ","price":20.15},{"type":"B","date":"2018-05-04T03:22:21.000Z","volume":2000,"label":" ","price":20.15},{"type":"B","date":"2018-05-04T03:22:21.000Z","volume":4000,"label":" ","price":20.15},{"type":"A","date":"2018-05-04T03:22:30.000Z","volume":6000,"label":" ","price":20.2},{"type":"B","date":"2018-05-04T03:22:31.000Z","volume":20000,"label":" ","price":20.15},{"type":"A","date":"2018-05-04T03:22:38.000Z","volume":2000,"label":" ","price":20.2},{"type":"A","date":"2018-05-04T03:22:46.000Z","volume":2000,"label":" ","price":20.2},{"type":"A","date":"2018-05-04T03:22:54.000Z","volume":2000,"label":" ","price":20.2},{"type":"B","date":"2018-05-04T03:23:21.000Z","volume":2000,"label":" ","price":20.15},{"type":"A","date":"2018-05-04T03:23:38.000Z","volume":2000,"label":" ","price":20.2},{"type":"U","date":"2018-05-04T03:23:58.000Z","volume":2000,"label":"X","price":20.175},{"type":"U","date":"2018-05-04T03:24:03.000Z","volume":4000,"label":"X","price":20.175},{"type":"B","date":"2018-05-04T03:24:08.000Z","volume":20000,"label":" ","price":20.15},{"type":"B","date":"2018-05-04T03:24:21.000Z","volume":2000,"label":" ","price":20.15},{"type":"A","date":"2018-05-04T03:24:22.000Z","volume":4000,"label":" ","price":20.2},{"type":"B","date":"2018-05-04T03:24:27.000Z","volume":20000,"label":" ","price":20.15},{"type":"A","date":"2018-05-04T03:24:46.000Z","volume":4000,"label":" ","price":20.2},{"type":"B","date":"2018-05-04T03:24:51.000Z","volume":10000,"label":" ","price":20.15},{"type":"A","date":"2018-05-04T03:25:10.000Z","volume":2000,"label":" ","price":20.2},{"type":"B","date":"2018-05-04T03:25:21.000Z","volume":4000,"label":" ","price":20.15},{"type":"B","date":"2018-05-04T03:25:24.000Z","volume":2000,"label":" ","price":20.15},{"type":"B","date":"2018-05-04T03:25:52.000Z","volume":20000,"label":" ","price":20.15},{"type":"B","date":"2018-05-04T03:25:53.000Z","volume":4000,"label":" ","price":20.15},{"type":"A","date":"2018-05-04T03:26:06.000Z","volume":4000,"label":" ","price":20.2},{"type":"B","date":"2018-05-04T03:26:08.000Z","volume":2000,"label":" ","price":20.15},{"type":"B","date":"2018-05-04T03:26:22.000Z","volume":2000,"label":" ","price":20.15},{"type":"B","date":"2018-05-04T03:26:22.000Z","volume":4000,"label":" ","price":20.15},{"type":"B","date":"2018-05-04T03:26:23.000Z","volume":2000,"label":" ","price":20.15},{"type":"A","date":"2018-05-04T03:26:30.000Z","volume":2000,"label":" ","price":20.2},{"type":"B","date":"2018-05-04T03:26:32.000Z","volume":20000,"label":" ","price":20.15},{"type":"B","date":"2018-05-04T03:26:32.000Z","volume":2000,"label":" ","price":20.15},{"type":"B","date":"2018-05-04T03:26:33.000Z","volume":4000,"label":" ","price":20.15},{"type":"B","date":"2018-05-04T03:26:42.000Z","volume":6000,"label":" ","price":20.15},{"type":"B","date":"2018-05-04T03:26:43.000Z","volume":2000,"label":" ","price":20.1},{"type":"A","date":"2018-05-04T03:26:46.000Z","volume":4000,"label":" ","price":20.2},{"type":"A","date":"2018-05-04T03:27:11.000Z","volume":24000,"label":" ","price":20.2},{"type":"B","date":"2018-05-04T03:27:23.000Z","volume":2000,"label":" ","price":20.2},{"type":"B","date":"2018-05-04T03:27:34.000Z","volume":2000,"label":" ","price":20.2},{"type":"B","date":"2018-05-04T03:27:34.000Z","volume":18000,"label":" ","price":20.15},{"type":"B","date":"2018-05-04T03:27:35.000Z","volume":2000,"label":" ","price":20.2},{"type":"B","date":"2018-05-04T03:27:35.000Z","volume":2000,"label":" ","price":20.15},{"type":"A","date":"2018-05-04T03:28:22.000Z","volume":2000,"label":" ","price":20.25},{"type":"B","date":"2018-05-04T03:28:23.000Z","volume":4000,"label":" ","price":20.2},{"type":"B","date":"2018-05-04T03:28:28.000Z","volume":4000,"label":" ","price":20.2},{"type":"B","date":"2018-05-04T03:28:29.000Z","volume":2000,"label":" ","price":20.2},{"type":"B","date":"2018-05-04T03:28:44.000Z","volume":10000,"label":" ","price":20.2},{"type":"B","date":"2018-05-04T03:28:44.000Z","volume":10000,"label":" ","price":20.15},{"type":"B","date":"2018-05-04T03:28:45.000Z","volume":2000,"label":" ","price":20.15},{"type":"U","date":"2018-05-04T03:29:00.000Z","volume":2000,"label":"X","price":20.2},{"type":"B","date":"2018-05-04T03:29:03.000Z","volume":2000,"label":" ","price":20.15},{"type":"B","date":"2018-05-04T03:29:04.000Z","volume":2000,"label":" ","price":20.15},{"type":"A","date":"2018-05-04T03:29:11.000Z","volume":20000,"label":" ","price":20.2},{"type":"B","date":"2018-05-04T03:29:12.000Z","volume":2000,"label":" ","price":20.15},{"type":"A","date":"2018-05-04T03:29:19.000Z","volume":16000,"label":" ","price":20.2},{"type":"B","date":"2018-05-04T03:29:20.000Z","volume":2000,"label":" ","price":20.15},{"type":"A","date":"2018-05-04T03:29:21.000Z","volume":16000,"label":" ","price":20.2},{"type":"B","date":"2018-05-04T03:29:22.000Z","volume":2000,"label":" ","price":20.2},{"type":"B","date":"2018-05-04T03:29:23.000Z","volume":2000,"label":" ","price":20.2},{"type":"B","date":"2018-05-04T03:29:47.000Z","volume":20000,"label":" ","price":20.2},{"type":"B","date":"2018-05-04T03:29:48.000Z","volume":4000,"label":" ","price":20.2},{"type":"B","date":"2018-05-04T03:29:49.000Z","volume":2000,"label":"Y","price":20.2},{"type":"B","date":"2018-05-04T03:30:06.000Z","volume":2000,"label":" ","price":20.2},{"type":"A","date":"2018-05-04T03:30:15.000Z","volume":2000,"label":" ","price":20.25},{"type":"B","date":"2018-05-04T03:30:23.000Z","volume":4000,"label":" ","price":20.2},{"type":"B","date":"2018-05-04T03:30:24.000Z","volume":2000,"label":" ","price":20.2},{"type":"A","date":"2018-05-04T03:30:41.000Z","volume":2000,"label":" ","price":20.25},{"type":"U","date":"2018-05-04T03:30:51.000Z","volume":2000,"label":"X","price":20.225},{"type":"B","date":"2018-05-04T03:30:52.000Z","volume":20000,"label":" ","price":20.2},{"type":"B","date":"2018-05-04T03:30:52.000Z","volume":4000,"label":" ","price":20.2},{"type":"B","date":"2018-05-04T03:30:56.000Z","volume":2000,"label":" ","price":20.2},{"type":"B","date":"2018-05-04T03:30:57.000Z","volume":20000,"label":" ","price":20.2},{"type":"B","date":"2018-05-04T03:30:57.000Z","volume":2000,"label":"Y","price":20.2},{"type":"B","date":"2018-05-04T03:30:57.000Z","volume":2000,"label":" ","price":20.2},{"type":"B","date":"2018-05-04T03:31:23.000Z","volume":2000,"label":" ","price":20.2},{"type":"A","date":"2018-05-04T03:32:23.000Z","volume":2000,"label":" ","price":20.25},{"type":"B","date":"2018-05-04T03:32:23.000Z","volume":2000,"label":" ","price":20.2},{"type":"B","date":"2018-05-04T03:32:23.000Z","volume":4000,"label":" ","price":20.2},{"type":"A","date":"2018-05-04T03:32:30.000Z","volume":2000,"label":" ","price":20.25},{"type":"B","date":"2018-05-04T03:32:30.000Z","volume":20000,"label":" ","price":20.2},{"type":"B","date":"2018-05-04T03:32:31.000Z","volume":6000,"label":" ","price":20.2},{"type":"A","date":"2018-05-04T03:32:47.000Z","volume":6000,"label":" ","price":20.25},{"type":"B","date":"2018-05-04T03:32:57.000Z","volume":2000,"label":" ","price":20.2},{"type":"U","date":"2018-05-04T03:33:02.000Z","volume":933,"label":"D","price":20.25},{"type":"B","date":"2018-05-04T03:33:11.000Z","volume":20000,"label":" ","price":20.2},{"type":"B","date":"2018-05-04T03:33:24.000Z","volume":4000,"label":" ","price":20.2},{"type":"B","date":"2018-05-04T03:33:36.000Z","volume":10000,"label":" ","price":20.2},{"type":"B","date":"2018-05-04T03:33:37.000Z","volume":4000,"label":" ","price":20.2},{"type":"B","date":"2018-05-04T03:34:12.000Z","volume":18000,"label":" ","price":20.2},{"type":"B","date":"2018-05-04T03:34:12.000Z","volume":2000,"label":" ","price":20.15},{"type":"B","date":"2018-05-04T03:34:13.000Z","volume":4000,"label":" ","price":20.15},{"type":"B","date":"2018-05-04T03:34:24.000Z","volume":2000,"label":" ","price":20.15},{"type":"A","date":"2018-05-04T03:34:39.000Z","volume":20000,"label":" ","price":20.2},{"type":"B","date":"2018-05-04T03:34:39.000Z","volume":2000,"label":" ","price":20.2},{"type":"U","date":"2018-05-04T03:34:49.000Z","volume":2000,"label":"X","price":20.2},{"type":"B","date":"2018-05-04T03:35:18.000Z","volume":6000,"label":" ","price":20.2}