[{"type":"U","date":"2018-03-23T01:20:00.000Z","volume":23000,"label":"U","price":15.68},{"type":"B","date":"2018-03-23T01:30:18.000Z","volume":1000,"label":" ","price":15.54},{"type":"A","date":"2018-03-23T01:30:19.000Z","volume":2000,"label":" ","price":15.54},{"type":"A","date":"2018-03-23T01:30:43.000Z","volume":1000,"label":" ","price":15.62},{"type":"A","date":"2018-03-23T01:30:43.000Z","volume":1000,"label":" ","price":15.64},{"type":"A","date":"2018-03-23T01:30:43.000Z","volume":3000,"label":" ","price":15.64},{"type":"A","date":"2018-03-23T01:30:43.000Z","volume":1000,"label":" ","price":15.68},{"type":"A","date":"2018-03-23T01:30:49.000Z","volume":1000,"label":" ","price":15.6},{"type":"A","date":"2018-03-23T01:31:34.000Z","volume":3000,"label":" ","price":15.6},{"type":"B","date":"2018-03-23T01:32:16.000Z","volume":1000,"label":"Y","price":15.52},{"type":"B","date":"2018-03-23T01:32:16.000Z","volume":2000,"label":" ","price":15.52},{"type":"B","date":"2018-03-23T01:32:26.000Z","volume":5000,"label":" ","price":15.52},{"type":"B","date":"2018-03-23T01:33:27.000Z","volume":7000,"label":" ","price":15.5},{"type":"B","date":"2018-03-23T01:33:39.000Z","volume":2000,"label":" ","price":15.4},{"type":"B","date":"2018-03-23T01:33:40.000Z","volume":1000,"label":" ","price":15.38},{"type":"U","date":"2018-03-23T01:33:40.000Z","volume":2000,"label":" ","price":15.48},{"type":"A","date":"2018-03-23T01:36:14.000Z","volume":9000,"label":" ","price":15.48},{"type":"A","date":"2018-03-23T01:36:22.000Z","volume":3000,"label":"Y","price":15.48},{"type":"A","date":"2018-03-23T01:36:25.000Z","volume":5000,"label":" ","price":15.5},{"type":"A","date":"2018-03-23T01:36:35.000Z","volume":16000,"label":" ","price":15.5},{"type":"A","date":"2018-03-23T01:37:01.000Z","volume":1000,"label":" ","price":15.6},{"type":"A","date":"2018-03-23T01:37:46.000Z","volume":10000,"label":" ","price":15.6},{"type":"A","date":"2018-03-23T01:38:01.000Z","volume":9000,"label":" ","price":15.6},{"type":"B","date":"2018-03-23T01:40:39.000Z","volume":2000,"label":"Y","price":15.62},{"type":"U","date":"2018-03-23T01:40:39.000Z","volume":2000,"label":"X","price":15.62},{"type":"B","date":"2018-03-23T01:41:04.000Z","volume":1000,"label":" ","price":15.62},{"type":"B","date":"2018-03-23T01:41:04.000Z","volume":1000,"label":" ","price":15.6},{"type":"B","date":"2018-03-23T01:41:04.000Z","volume":11000,"label":" ","price":15.6},{"type":"U","date":"2018-03-23T01:42:03.000Z","volume":2000,"label":" ","price":15.6},{"type":"B","date":"2018-03-23T01:42:46.000Z","volume":2000,"label":" ","price":15.54},{"type":"B","date":"2018-03-23T01:43:09.000Z","volume":1000,"label":" ","price":15.54},{"type":"B","date":"2018-03-23T01:43:17.000Z","volume":1000,"label":" ","price":15.52},{"type":"B","date":"2018-03-23T01:43:17.000Z","volume":4000,"label":"Y","price":15.5},{"type":"U","date":"2018-03-23T01:43:17.000Z","volume":1000,"label":" ","price":15.54},{"type":"B","date":"2018-03-23T01:44:32.000Z","volume":7000,"label":" ","price":15.54},{"type":"A","date":"2018-03-23T01:44:34.000Z","volume":5000,"label":" ","price":15.6},{"type":"A","date":"2018-03-23T01:44:34.000Z","volume":5000,"label":" ","price":15.66},{"type":"B","date":"2018-03-23T01:51:44.000Z","volume":4000,"label":" ","price":15.48},{"type":"B","date":"2018-03-23T01:54:00.000Z","volume":8000,"label":" ","price":15.48},{"type":"A","date":"2018-03-23T01:54:53.000Z","volume":1000,"label":" ","price":15.54},{"type":"B","date":"2018-03-23T01:55:02.000Z","volume":1000,"label":" ","price":15.54},{"type":"B","date":"2018-03-23T01:55:25.000Z","volume":2000,"label":" ","price":15.54},{"type":"A","date":"2018-03-23T01:56:21.000Z","volume":9000,"label":" ","price":15.54},{"type":"A","date":"2018-03-23T01:58:25.000Z","volume":3000,"label":" ","price":15.56},{"type":"B","date":"2018-03-23T02:02:21.000Z","volume":8000,"label":" ","price":15.56},{"type":"B","date":"2018-03-23T02:02:21.000Z","volume":2000,"label":" ","price":15.56},{"type":"A","date":"2018-03-23T02:05:49.000Z","volume":8000,"label":" ","price":15.6},{"type":"B","date":"2018-03-23T02:06:11.000Z","volume":6000,"label":" ","price":15.6},{"type":"U","date":"2018-03-23T02:06:18.000Z","volume":1000,"label":" ","price":15.58},{"type":"A","date":"2018-03-23T02:06:29.000Z","volume":4000,"label":" ","price":15.6},{"type":"A","date":"2018-03-23T02:06:33.000Z","volume":1000,"label":" ","price":15.66},{"type":"B","date":"2018-03-23T02:06:36.000Z","volume":2000,"label":" ","price":15.58},{"type":"B","date":"2018-03-23T02:06:36.000Z","volume":3000,"label":"Y","price":15.54},{"type":"B","date":"2018-03-23T02:06:36.000Z","volume":1000,"label":" ","price":15.54},{"type":"B","date":"2018-03-23T02:06:58.000Z","volume":7000,"label":" ","price":15.54},{"type":"B","date":"2018-03-23T02:08:06.000Z","volume":1000,"label":" ","price":15.58},{"type":"A","date":"2018-03-23T02:08:35.000Z","volume":4000,"label":" ","price":15.66},{"type":"U","date":"2018-03-23T02:09:30.000Z","volume":2000,"label":" ","price":15.66},{"type":"A","date":"2018-03-23T02:10:28.000Z","volume":50000,"label":" ","price":15.66},{"type":"A","date":"2018-03-23T02:11:03.000Z","volume":2000,"label":" ","price":15.64},{"type":"A","date":"2018-03-23T02:11:03.000Z","volume":8000,"label":" ","price":15.64},{"type":"A","date":"2018-03-23T02:13:12.000Z","volume":5000,"label":" ","price":15.68},{"type":"A","date":"2018-03-23T02:15:21.000Z","volume":2000,"label":" ","price":15.68},{"type":"B","date":"2018-03-23T02:15:25.000Z","volume":1000,"label":" ","price":15.66},{"type":"A","date":"2018-03-23T02:15:46.000Z","volume":36000,"label":" ","price":15.68},{"type":"A","date":"2018-03-23T02:15:46.000Z","volume":41000,"label":" ","price":15.7},{"type":"A","date":"2018-03-23T02:16:35.000Z","volume":1000,"label":" ","price":15.74},{"type":"A","date":"2018-03-23T02:17:53.000Z","volume":1000,"label":"Y","price":15.82},{"type":"U","date":"2018-03-23T02:24:15.000Z","volume":1000,"label":" ","price":15.86},{"type":"B","date":"2018-03-23T02:24:16.000Z","volume":1000,"label":" ","price":15.86},{"type":"A","date":"2018-03-23T02:24:16.000Z","volume":1000,"label":" ","price":15.86},{"type":"A","date":"2018-03-23T02:25:04.000Z","volume":1000,"label":" ","price":15.86},{"type":"B","date":"2018-03-23T02:25:43.000Z","volume":1000,"label":" ","price":15.8},{"type":"B","date":"2018-03-23T02:25:43.000Z","volume":1000,"label":" ","price":15.78},{"type":"B","date":"2018-03-23T02:29:43.000Z","volume":5000,"label":" ","price":15.74},{"type":"B","date":"2018-03-23T02:29:43.000Z","volume":15000,"label":" ","price":15.72},{"type":"B","date":"2018-03-23T02:29:58.000Z","volume":7000,"label":" ","price":15.72},{"type":"B","date":"2018-03-23T02:29:58.000Z","volume":3000,"label":" ","price":15.7},{"type":"B","date":"2018-03-23T02:32:31.000Z","volume":2000,"label":" ","price":15.7},{"type":"B","date":"2018-03-23T02:34:08.000Z","volume":5000,"label":" ","price":15.7},{"type":"A","date":"2018-03-23T02:34:59.000Z","volume":2000,"label":" ","price":15.76},{"type":"B","date":"2018-03-23T02:38:08.000Z","volume":3000,"label":" ","price":15.7},{"type":"B","date":"2018-03-23T02:38:24.000Z","volume":5000,"label":"Y","price":15.68},{"type":"B","date":"2018-03-23T02:38:24.000Z","volume":9000,"label":" ","price":15.68},{"type":"B","date":"2018-03-23T02:47:56.000Z","volume":2000,"label":" ","price":15.66},{"type":"A","date":"2018-03-23T02:53:30.000Z","volume":1000,"label":" ","price":15.7},{"type":"B","date":"2018-03-23T02:53:42.000Z","volume":1000,"label":" ","price":15.68},{"type":"B","date":"2018-03-23T02:55:49.000Z","volume":2000,"label":" ","price":15.68},{"type":"A","date":"2018-03-23T02:59:09.000Z","volume":1000,"label":" ","price":15.7},{"type":"B","date":"2018-03-23T03:02:11.000Z","volume":8000,"label":" ","price":15.66},{"type":"B","date":"2018-03-23T03:02:28.000Z","volume":1000,"label":" ","price":15.64},{"type":"B","date":"2018-03-23T03:05:42.000Z","volume":20000,"label":" ","price":15.64},{"type":"B","date":"2018-03-23T03:05:42.000Z","volume":31000,"label":" ","price":15.64},{"type":"B","date":"2018-03-23T03:05:42.000Z","volume":9000,"label":" ","price":15.64},{"type":"B","date":"2018-03-23T03:05:59.000Z","volume":2000,"label":" ","price":15.62},{"type":"B","date":"2018-03-23T03:06:59.000Z","volume":1000,"label":" ","price":15.6},{"type":"B","date":"2018-03-23T03:06:59.000Z","volume":10000,"label":" ","price":15.6},{"type":"B","date":"2018-03-23T03:07:39.000Z","volume":13000,"label":" ","price":15.58},{"type":"B","date":"2018-03-23T03:07:39.000Z","volume":2000,"label":" ","price":15.56},{"type":"A","date":"2018-03-23T03:09:35.000Z","volume":3000,"label":" ","price":15.62},{"type":"B","date":"2018-03-23T03:13:39.000Z","volume":2000,"label":"Y","price":15.6},{"type":"B","date":"2018-03-23T03:13:39.000Z","volume":9000,"label":" ","price":15.6},{"type":"B","date":"2018-03-23T03:13:39.000Z","volume":16000,"label":" ","price":15.58},{"type":"B","date":"2018-03-23T03:13:39.000Z","volume":7000,"label":" ","price":15.56},{"type":"U","date":"2018-03-23T03:14:29.000Z","volume":1000,"label":" ","price":15.6},{"type":"B","date":"2018-03-23T03:14:32.000Z","volume":24000,"label":" ","price":15.56},{"type":"B","date":"2018-03-23T03:16:41.000Z","volume":4000,"label":" ","price":15.58},{"type":"B","date":"2018-03-23T03:16:41.000Z","volume":3000,"label":" ","price":15.58},{"type":"B","date":"2018-03-23T03:27:28.000Z","volume":1000,"label":" ","price":15.56},{"type":"A","date":"2018-03-23T03:30:30.000Z","volume":5000,"label":" ","price":15.62},{"type":"A","date":"2018-03-23T03:32:59.000Z","volume":1000,"label":" ","price":15.66},{"type":"B","date":"2018-03-23T03:33:59.000Z","volume":1000,"label":" ","price":15.58},{"type":"B","date":"2018-03-23T03:47:22.000Z","volume":1000,"label":" ","price":15.66},{"type":"A","date":"2018-03-23T03:47:22.000Z","volume":1000,"label":" ","price":15.7},{"type":"A","date":"2018-03-23T03:51:01.000Z","volume":1000,"label":" ","price":15.68},{"type":"A","date":"2018-03-23T03:58:01.000Z","volume":1000,"label":" ","price":15.68},{"type":"A","date":"2018-03-23T05:00:06.000Z","volume":1000,"label":"Y","price":15.7},{"type":"A","date":"2018-03-23T05:00:06.000Z","volume":9000,"label":" ","price":15.7},{"type":"A","date":"2018-03-23T05:00:38.000Z","volume":3000,"label":" ","price":15.68},{"type":"A","date":"2018-03-23T05:02:09.000Z","volume":9000,"label":" ","price":15.7},{"type":"A","date":"2018-03-23T05:04:02.000Z","volume":2000,"label":" ","price":15.7},{"type":"B","date":"2018-03-23T05:08:07.000Z","volume":4000,"label":" ","price":15.7},{"type":"B","date":"2018-03-23T05:08:35.000Z","volume":2000,"label":" ","price":15.7},{"type":"B","date":"2018-03-23T05:17:54.000Z","volume":1000,"label":" ","price":15.68},{"type":"B","date":"2018-03-23T05:18:36.000Z","volume":2000,"label":" ","price":15.68},{"type":"A","date":"2018-03-23T05:19:18.000Z","volume":3000,"label":" ","price":15.7},{"type":"A","date":"2018-03-23T05:19:46.000Z","volume":1000,"label":" ","price":15.72},{"type":"A","date":"2018-03-23T05:30:04.000Z","volume":2000,"label":" ","price":15.7},{"type":"A","date":"2018-03-23T05:34:49.000Z","volume":1000,"label":" ","price":15.7},{"type":"B","date":"2018-03-23T05:40:34.000Z","volume":1000,"label":" ","price":15.68},{"type":"A","date":"2018-03-23T05:42:40.000Z","volume":1000,"label":" ","price":15.7},{"type":"B","date":"2018-03-23T05:42:40.000Z","volume":1000,"label":" ","price":15.68},{"type":"B","date":"2018-03-23T05:42:47.000Z","volume":10000,"label":" ","price":15.68},{"type":"A","date":"2018-03-23T05:42:49.000Z","volume":1000,"label":" ","price":15.7},{"type":"B","date":"2018-03-23T05:43:32.000Z","volume":2000,"label":" ","price":15.66},{"type":"B","date":"2018-03-23T05:56:17.000Z","volume":5000,"label":" ","price":15.6},{"type":"B","date":"2018-03-23T05:56:59.000Z","volume":4000,"label":" ","price":15.6},{"type":"B","date":"2018-03-23T05:56:59.000Z","volume":5000,"label":"Y","price":15.58},{"type":"B","date":"2018-03-23T05:56:59.000Z","volume":4000,"label":" ","price":15.58},{"type":"B","date":"2018-03-23T05:56:59.000Z","volume":8000,"label":"Y","price":15.56},{"type":"B","date":"2018-03-23T05:56:59.000Z","volume":33000,"label":" ","price":15.56},{"type":"B","date":"2018-03-23T05:56:59.000Z","volume":19000,"label":"Y","price":15.54},{"type":"B","date":"2018-03-23T05:56:59.000Z","volume":4000,"label":" ","price":15.54},{"type":"B","date":"2018-03-23T05:56:59.000Z","volume":10000,"label":"Y","price":15.52},{"type":"B","date":"2018-03-23T05:56:59.000Z","volume":28000,"label":" ","price":15.52},{"type":"B","date":"2018-03-23T05:56:59.000Z","volume":5000,"label":"Y","price":15.5},{"type":"B","date":"2018-03-23T05:56:59.000Z","volume":77000,"label":" ","price":15.5},{"type":"B","date":"2018-03-23T05:56:59.000Z","volume":23000,"label":" ","price":15.5},{"type":"A","date":"2018-03-23T05:57:03.000Z","volume":1000,"label":" ","price":15.56},{"type":"B","date":"2018-03-23T05:57:40.000Z","volume":10000,"label":"Y","price":15.48},{"type":"B","date":"2018-03-23T05:57:40.000Z","volume":4000,"label":" ","price":15.48},{"type":"B","date":"2018-03-23T05:57:40.000Z","volume":12000,"label":" ","price":15.46},{"type":"B","date":"2018-03-23T05:57:56.000Z","volume":5000,"label":" ","price":15.44},{"type":"B","date":"2018-03-23T05:57:56.000Z","volume":5000,"label":" ","price":15.44},{"type":"B","date":"2018-03-23T05:58:02.000Z","volume":1000,"label":" ","price":15.42},{"type":"B","date":"2018-03-23T05:58:02.000Z","volume":1000,"label":" ","price":15.42},{"type":"B","date":"2018-03-23T05:58:32.000Z","volume":11000,"label":" ","price":15.4},{"type":"B","date":"2018-03-23T05:59:08.000Z","volume":10000,"label":" ","price":15.38},{"type":"B","date":"2018-03-23T06:00:32.000Z","volume":19000,"label":" ","price":15.42},{"type":"B","date":"2018-03-23T06:01:05.000Z","volume":19000,"label":" ","price":15.38},{"type":"B","date":"2018-03-23T06:01:05.000Z","volume":1000,"label":" ","price":15.38},{"type":"B","date":"2018-03-23T06:03:36.000Z","volume":5000,"label":" ","price":15.38},{"type":"A","date":"2018-03-23T06:04:09.000Z","volume":1000,"label":" ","price":15.38},{"type":"A","date":"2018-03-23T06:04:50.000Z","volume":10000,"label":" ","price":15.38},{"type":"A","date":"2018-03-23T06:04:50.000Z","volume":14000,"label":" ","price":15.38},{"type":"A","date":"2018-03-23T06:05:39.000Z","volume":5000,"label":" ","price":15.42},{"type":"A","date":"2018-03-23T06:05:39.000Z","volume":1000,"label":" ","price":15.42},{"type":"A","date":"2018-03-23T06:05:39.000Z","volume":1000,"label":" ","price":15.46},{"type":"B","date":"2018-03-23T06:13:54.000Z","volume":2000,"label":" ","price":15.48},{"type":"B","date":"2018-03-23T06:14:53.000Z","volume":4000,"label":" ","price":15.48},{"type":"B","date":"2018-03-23T06:14:54.000Z","volume":1000,"label":"Y","price":15.48},{"type":"B","date":"2018-03-23T06:18:04.000Z","volume":16000,"label":" ","price":15.4},{"type":"A","date":"2018-03-23T06:19:48.000Z","volume":1000,"label":"Y","price":15.4},{"type":"A","date":"2018-03-23T06:21:06.000Z","volume":6000,"label":" ","price":15.4},{"type":"A","date":"2018-03-23T06:21:21.000Z","volume":1000,"label":" ","price":15.44},{"type":"U","date":"2018-03-23T06:31:23.000Z","volume":1000,"label":"X","price":15.5},{"type":"U","date":"2018-03-23T06:32:48.000Z","volume":2000,"label":" ","price":15.54},{"type":"U","date":"2018-03-23T06:32:48.000Z","volume":2000,"label":" ","price":15.54},{"type":"A","date":"2018-03-23T06:32:49.000Z","volume":1000,"label":" ","price":15.54},{"type":"A","date":"2018-03-23T06:39:03.000Z","volume":1000,"label":" ","price":15.56},{"type":"B","date":"2018-03-23T06:39:03.000Z","volume":1000,"label":" ","price":15.48},{"type":"A","date":"2018-03-23T06:41:40.000Z","volume":1000,"label":" ","price":15.56},{"type":"B","date":"2018-03-23T06:42:26.000Z","volume":1000,"label":" ","price":15.48},{"type":"B","date":"2018-03-23T06:48:45.000Z","volume":9000,"label":" ","price":15.48},{"type":"A","date":"2018-03-23T06:54:01.000Z","volume":1000,"label":" ","price":15.54},{"type":"A","date":"2018-03-23T07:01:43.000Z","volume":8000,"label":" ","price":15.56},{"type":"A","date":"2018-03-23T07:02:45.000Z","volume":1000,"label":" ","price":15.56},{"type":"B","date":"2018-03-23T07:03:54.000Z","volume":10000,"label":" ","price":15.54},{"type":"A","date":"2018-03-23T07:06:13.000Z","volume":1000,"label":" ","price":15.6},{"type":"A","date":"2018-03-23T07:11:35.000Z","volume":1000,"label":" ","price":15.58},{"type":"B","date":"2018-03-23T07:12:27.000Z","volume":1000,"label":" ","price":15.54},{"type":"B","date":"2018-03-23T07:12:35.000Z","volume":2000,"label":" ","price":15.54},{"type":"A","date":"2018-03-23T07:15:22.000Z","volume":1000,"label":" ","price":15.58},{"type":"A","date":"2018-03-23T07:15:22.000Z","volume":1000,"label":" ","price":15.58},{"type":"A","date":"2018-03-23T07:15:52.000Z","volume":2000,"label":" ","price":15.6},{"type":"A","date":"2018-03-23T07:17:54.000Z","volume":1000,"label":" ","price":15.6},{"type":"A","date":"2018-03-23T07:19:37.000Z","volume":1000,"label":" ","price":15.6},{"type":"A","date":"2018-03-23T07:23:36.000Z","volume":2000,"label":"Y","price":15.58},{"type":"A","date":"2018-03-23T07:24:25.000Z","volume":1000,"label":" ","price":15.58},{"type":"A","date":"2018-03-23T07:31:47.000Z","volume":3000,"label":" ","price":15.58},{"type":"A","date":"2018-03-23T07:31:47.000Z","volume":1000,"label":" ","price":15.6},{"type":"A","date":"2018-03-23T07:33:38.000Z","volume":1000,"label":" ","price":15.6},{"type":"A","date":"2018-03-23T07:33:54.000Z","volume":2000,"label":" ","price":15.6},{"type":"A","date":"2018-03-23T07:34:17.000Z","volume":1000,"label":" ","price":15.6},{"type":"B","date":"2018-03-23T07:37:35.000Z","volume":7000,"label":" ","price":15.6},{"type":"B","date":"2018-03-23T07:37:35.000Z","volume":4000,"label":" ","price":15.6},{"type":"A","date":"2018-03-23T07:42:58.000Z","volume":1000,"label":" ","price":15.58},{"type":"A","date":"2018-03-23T07:48:49.000Z","volume":5000,"label":" ","price":15.58},{"type":"B","date":"2018-03-23T07:49:04.000Z","volume":1000,"label":" ","price":15.58},{"type":"A","date":"2018-03-23T07:49:59.000Z","volume":1000,"label":" ","price":15.6},{"type":"A","date":"2018-03-23T07:52:03.000Z","volume":2000,"label":" ","price":15.6},{"type":"B","date":"2018-03-23T07:52:28.000Z","volume":6000,"label":" ","price":15.58},{"type":"A","date":"2018-03-23T07:55:40.000Z","volume":1000,"label":" ","price":15.6},{"type":"A","date":"2018-03-23T07:55:55.000Z","volume":6000,"label":" ","price":15.6},{"type":"A","date":"2018-03-23T07:57:01.000Z","volume":1000,"label":" ","price":15.66},{"type":"B","date":"2018-03-23T07:58:02.000Z","volume":4000,"label":"Y","price":15.6},{"type":"B","date":"2018-03-23T07:58:25.000Z","volume":1000,"label":" ","price":15.6},{"type":"A","date":"2018-03-23T07:59:18.000Z","volume":1000,"label":"Y","price":15.66},{"type":"A","date":"2018-03-23T07:59:18.000Z","volume":4000,"label":" ","price":15.66},{"type":"A","date":"2018-03-23T07:59:19.000Z","volume":5000,"label":" ","price":15.68},{"type":"B","date":"2018-03-23T07:59:27.000Z","volume":2000,"label":" ","price":15.6},{"type":"B","date":"2018-03-23T07:59:30.000Z","volume":1000,"label":" ","price":15.6},{"type":"A","date":"2018-03-23T07:59:30.000Z","volume":1000,"label":" ","price":15.68},{"type":"A","date":"2018-03-23T07:59:50.000Z","volume":1000,"label":" ","price":15.66},{"type":"A","date":"2018-03-23T07:59:51.000Z","volume":1000,"label":" ","price":15.66},{"type":"B","date":"2018-03-23T07:59:54.000Z","volume":10000,"label":" ","price":15.6},{"type":"U","date":"2018-03-23T08:08:12.000Z","volume":9000,"label":"U","price":15.64}]