[{"type":"A","date":"2018-03-20T01:30:15.000Z","volume":2000,"label":" ","price":3.7},{"type":"A","date":"2018-03-20T01:30:28.000Z","volume":22000,"label":" ","price":3.7},{"type":"A","date":"2018-03-20T01:30:28.000Z","volume":14000,"label":" ","price":3.71},{"type":"A","date":"2018-03-20T01:38:41.000Z","volume":6000,"label":" ","price":3.68},{"type":"A","date":"2018-03-20T01:38:41.000Z","volume":16000,"label":" ","price":3.69},{"type":"A","date":"2018-03-20T01:38:41.000Z","volume":4000,"label":" ","price":3.7},{"type":"B","date":"2018-03-20T01:38:41.000Z","volume":14000,"label":" ","price":3.7},{"type":"A","date":"2018-03-20T01:55:42.000Z","volume":20000,"label":" ","price":3.7},{"type":"A","date":"2018-03-20T02:11:08.000Z","volume":2000,"label":" ","price":3.7},{"type":"U","date":"2018-03-20T02:14:16.000Z","volume":500,"label":"D","price":3.63},{"type":"B","date":"2018-03-20T02:35:24.000Z","volume":2000,"label":" ","price":3.67},{"type":"B","date":"2018-03-20T02:35:24.000Z","volume":18000,"label":" ","price":3.66},{"type":"B","date":"2018-03-20T02:38:42.000Z","volume":2000,"label":" ","price":3.66},{"type":"B","date":"2018-03-20T03:06:03.000Z","volume":2000,"label":" ","price":3.68},{"type":"B","date":"2018-03-20T03:33:33.000Z","volume":2000,"label":" ","price":3.67},{"type":"B","date":"2018-03-20T03:33:33.000Z","volume":2000,"label":" ","price":3.67},{"type":"B","date":"2018-03-20T05:00:02.000Z","volume":8000,"label":" ","price":3.66},{"type":"A","date":"2018-03-20T05:27:11.000Z","volume":2000,"label":" ","price":3.69},{"type":"A","date":"2018-03-20T06:10:11.000Z","volume":2000,"label":" ","price":3.69},{"type":"B","date":"2018-03-20T07:16:22.000Z","volume":18000,"label":" ","price":3.66},{"type":"A","date":"2018-03-20T07:18:41.000Z","volume":2000,"label":"Y","price":3.66},{"type":"A","date":"2018-03-20T07:30:26.000Z","volume":30000,"label":" ","price":3.66},{"type":"B","date":"2018-03-20T07:30:26.000Z","volume":2000,"label":" ","price":3.66},{"type":"B","date":"2018-03-20T07:30:26.000Z","volume":2000,"label":" ","price":3.66},{"type":"B","date":"2018-03-20T07:30:26.000Z","volume":2000,"label":" ","price":3.66},{"type":"B","date":"2018-03-20T07:30:26.000Z","volume":2000,"label":" ","price":3.66},{"type":"A","date":"2018-03-20T07:58:59.000Z","volume":2000,"label":"Y","price":3.66}]