[{"type":"U","date":"2018-04-03T01:20:00.000Z","volume":72000,"label":"U","price":5.2},{"type":"B","date":"2018-04-03T01:30:23.000Z","volume":4000,"label":" ","price":5.1},{"type":"A","date":"2018-04-03T01:31:16.000Z","volume":24000,"label":" ","price":5.15},{"type":"A","date":"2018-04-03T01:31:25.000Z","volume":4000,"label":" ","price":5.14},{"type":"A","date":"2018-04-03T01:31:36.000Z","volume":20000,"label":" ","price":5.14},{"type":"U","date":"2018-04-03T01:31:36.000Z","volume":4000,"label":" ","price":5.13},{"type":"A","date":"2018-04-03T01:32:21.000Z","volume":4000,"label":"Y","price":5.15},{"type":"A","date":"2018-04-03T01:32:21.000Z","volume":8000,"label":" ","price":5.15},{"type":"A","date":"2018-04-03T01:32:21.000Z","volume":4000,"label":" ","price":5.15},{"type":"A","date":"2018-04-03T01:32:24.000Z","volume":4000,"label":" ","price":5.16},{"type":"B","date":"2018-04-03T01:32:24.000Z","volume":4000,"label":" ","price":5.16},{"type":"A","date":"2018-04-03T01:33:15.000Z","volume":4000,"label":" ","price":5.17},{"type":"A","date":"2018-04-03T01:33:34.000Z","volume":4000,"label":" ","price":5.15},{"type":"U","date":"2018-04-03T01:33:34.000Z","volume":4000,"label":" ","price":5.15},{"type":"A","date":"2018-04-03T01:35:15.000Z","volume":4000,"label":" ","price":5.18},{"type":"A","date":"2018-04-03T01:36:12.000Z","volume":4000,"label":" ","price":5.18},{"type":"U","date":"2018-04-03T01:36:27.000Z","volume":8000,"label":" ","price":5.17},{"type":"A","date":"2018-04-03T01:36:27.000Z","volume":4000,"label":" ","price":5.18},{"type":"U","date":"2018-04-03T01:36:30.000Z","volume":12000,"label":" ","price":5.19},{"type":"A","date":"2018-04-03T01:36:30.000Z","volume":4000,"label":" ","price":5.2},{"type":"A","date":"2018-04-03T01:36:30.000Z","volume":4000,"label":" ","price":5.2},{"type":"A","date":"2018-04-03T01:36:30.000Z","volume":4000,"label":" ","price":5.2},{"type":"B","date":"2018-04-03T01:36:32.000Z","volume":24000,"label":" ","price":5.19},{"type":"B","date":"2018-04-03T01:36:32.000Z","volume":12000,"label":" ","price":5.19},{"type":"B","date":"2018-04-03T01:36:32.000Z","volume":4000,"label":"Y","price":5.19},{"type":"B","date":"2018-04-03T01:36:32.000Z","volume":4000,"label":" ","price":5.19},{"type":"B","date":"2018-04-03T01:36:32.000Z","volume":16000,"label":" ","price":5.18},{"type":"B","date":"2018-04-03T01:36:32.000Z","volume":4000,"label":" ","price":5.19},{"type":"B","date":"2018-04-03T01:36:32.000Z","volume":4000,"label":" ","price":5.19},{"type":"B","date":"2018-04-03T01:36:32.000Z","volume":4000,"label":" ","price":5.19},{"type":"B","date":"2018-04-03T01:36:32.000Z","volume":8000,"label":" ","price":5.18},{"type":"A","date":"2018-04-03T01:36:32.000Z","volume":4000,"label":" ","price":5.2},{"type":"B","date":"2018-04-03T01:36:32.000Z","volume":12000,"label":" ","price":5.19},{"type":"A","date":"2018-04-03T01:36:32.000Z","volume":4000,"label":" ","price":5.2},{"type":"U","date":"2018-04-03T01:36:33.000Z","volume":20000,"label":" ","price":5.19},{"type":"U","date":"2018-04-03T01:36:33.000Z","volume":4000,"label":" ","price":5.19},{"type":"U","date":"2018-04-03T01:36:33.000Z","volume":4000,"label":"Y","price":5.19},{"type":"U","date":"2018-04-03T01:36:33.000Z","volume":4000,"label":" ","price":5.19},{"type":"B","date":"2018-04-03T01:36:33.000Z","volume":12000,"label":" ","price":5.18},{"type":"B","date":"2018-04-03T01:36:33.000Z","volume":4000,"label":" ","price":5.18},{"type":"B","date":"2018-04-03T01:36:34.000Z","volume":8000,"label":" ","price":5.18},{"type":"U","date":"2018-04-03T01:36:46.000Z","volume":4000,"label":"X","price":5.195},{"type":"U","date":"2018-04-03T01:36:51.000Z","volume":16000,"label":"X","price":5.18},{"type":"A","date":"2018-04-03T01:36:51.000Z","volume":4000,"label":" ","price":5.18},{"type":"A","date":"2018-04-03T01:36:55.000Z","volume":8000,"label":" ","price":5.18},{"type":"A","date":"2018-04-03T01:36:55.000Z","volume":4000,"label":" ","price":5.19},{"type":"B","date":"2018-04-03T01:37:38.000Z","volume":4000,"label":"Y","price":5.17},{"type":"B","date":"2018-04-03T01:37:38.000Z","volume":4000,"label":" ","price":5.17},{"type":"B","date":"2018-04-03T01:37:38.000Z","volume":20000,"label":" ","price":5.17},{"type":"B","date":"2018-04-03T01:37:39.000Z","volume":4000,"label":" ","price":5.16},{"type":"B","date":"2018-04-03T01:37:41.000Z","volume":8000,"label":" ","price":5.15},{"type":"B","date":"2018-04-03T01:37:43.000Z","volume":4000,"label":" ","price":5.15},{"type":"U","date":"2018-04-03T01:38:20.000Z","volume":4000,"label":" ","price":5.14},{"type":"A","date":"2018-04-03T01:38:21.000Z","volume":4000,"label":" ","price":5.15},{"type":"B","date":"2018-04-03T01:38:38.000Z","volume":4000,"label":" ","price":5.14},{"type":"A","date":"2018-04-03T01:38:46.000Z","volume":84000,"label":" ","price":5.14},{"type":"A","date":"2018-04-03T01:38:46.000Z","volume":8000,"label":" ","price":5.14},{"type":"A","date":"2018-04-03T01:38:46.000Z","volume":16000,"label":" ","price":5.2},{"type":"A","date":"2018-04-03T01:38:46.000Z","volume":8000,"label":" ","price":5.14},{"type":"A","date":"2018-04-03T01:38:46.000Z","volume":4000,"label":" ","price":5.2},{"type":"B","date":"2018-04-03T01:39:10.000Z","volume":20000,"label":" ","price":5.14},{"type":"U","date":"2018-04-03T01:39:12.000Z","volume":4000,"label":"X","price":5.15},{"type":"A","date":"2018-04-03T01:39:12.000Z","volume":8000,"label":" ","price":5.15},{"type":"B","date":"2018-04-03T01:39:12.000Z","volume":4000,"label":" ","price":5.15},{"type":"A","date":"2018-04-03T01:39:12.000Z","volume":4000,"label":" ","price":5.16},{"type":"U","date":"2018-04-03T01:39:15.000Z","volume":4000,"label":"X","price":5.15},{"type":"B","date":"2018-04-03T01:39:31.000Z","volume":4000,"label":" ","price":5.15},{"type":"B","date":"2018-04-03T01:39:36.000Z","volume":4000,"label":"Y","price":5.15},{"type":"B","date":"2018-04-03T01:39:36.000Z","volume":4000,"label":" ","price":5.15},{"type":"A","date":"2018-04-03T01:39:50.000Z","volume":36000,"label":" ","price":5.16},{"type":"A","date":"2018-04-03T01:39:50.000Z","volume":4000,"label":" ","price":5.17},{"type":"A","date":"2018-04-03T01:39:50.000Z","volume":4000,"label":"Y","price":5.17},{"type":"B","date":"2018-04-03T01:42:03.000Z","volume":4000,"label":" ","price":5.16},{"type":"A","date":"2018-04-03T01:42:03.000Z","volume":4000,"label":" ","price":5.18},{"type":"U","date":"2018-04-03T01:43:23.000Z","volume":4000,"label":"X","price":5.17},{"type":"A","date":"2018-04-03T01:43:29.000Z","volume":40000,"label":" ","price":5.18},{"type":"A","date":"2018-04-03T01:43:29.000Z","volume":8000,"label":" ","price":5.18},{"type":"A","date":"2018-04-03T01:43:29.000Z","volume":8000,"label":" ","price":5.19},{"type":"U","date":"2018-04-03T01:43:57.000Z","volume":4000,"label":"X","price":5.19},{"type":"A","date":"2018-04-03T01:44:00.000Z","volume":12000,"label":" ","price":5.2},{"type":"A","date":"2018-04-03T01:44:03.000Z","volume":12000,"label":" ","price":5.2},{"type":"A","date":"2018-04-03T01:44:03.000Z","volume":4000,"label":" ","price":5.2},{"type":"B","date":"2018-04-03T01:44:36.000Z","volume":8000,"label":" ","price":5.19},{"type":"B","date":"2018-04-03T01:45:12.000Z","volume":4000,"label":"Y","price":5.19},{"type":"B","date":"2018-04-03T01:45:12.000Z","volume":8000,"label":" ","price":5.19},{"type":"B","date":"2018-04-03T01:45:12.000Z","volume":44000,"label":" ","price":5.19},{"type":"B","date":"2018-04-03T01:45:12.000Z","volume":12000,"label":" ","price":5.19},{"type":"B","date":"2018-04-03T01:45:12.000Z","volume":8000,"label":" ","price":5.18},{"type":"B","date":"2018-04-03T01:45:12.000Z","volume":12000,"label":" ","price":5.18},{"type":"B","date":"2018-04-03T01:45:12.000Z","volume":4000,"label":" ","price":5.18},{"type":"B","date":"2018-04-03T01:45:12.000Z","volume":4000,"label":" ","price":5.18},{"type":"A","date":"2018-04-03T01:45:12.000Z","volume":4000,"label":"Y","price":5.19},{"type":"A","date":"2018-04-03T01:45:12.000Z","volume":8000,"label":" ","price":5.19},{"type":"A","date":"2018-04-03T01:45:12.000Z","volume":88000,"label":" ","price":5.2},{"type":"B","date":"2018-04-03T01:45:12.000Z","volume":4000,"label":" ","price":5.17},{"type":"A","date":"2018-04-03T01:45:12.000Z","volume":4000,"label":"Y","price":5.19},{"type":"A","date":"2018-04-03T01:45:12.000Z","volume":4000,"label":" ","price":5.19},{"type":"A","date":"2018-04-03T01:45:12.000Z","volume":4000,"label":" ","price":5.19},{"type":"U","date":"2018-04-03T01:45:15.000Z","volume":4000,"label":" ","price":5.2},{"type":"U","date":"2018-04-03T01:45:17.000Z","volume":4000,"label":"Y","price":5.19},{"type":"U","date":"2018-04-03T01:45:17.000Z","volume":4000,"label":"Y","price":5.19},{"type":"U","date":"2018-04-03T01:45:17.000Z","volume":4000,"label":" ","price":5.19},{"type":"B","date":"2018-04-03T01:45:35.000Z","volume":8000,"label":" ","price":5.19},{"type":"B","date":"2018-04-03T01:45:45.000Z","volume":8000,"label":" ","price":5.17},{"type":"B","date":"2018-04-03T01:45:46.000Z","volume":4000,"label":" ","price":5.16},{"type":"B","date":"2018-04-03T01:45:47.000Z","volume":20000,"label":" ","price":5.16},{"type":"U","date":"2018-04-03T01:46:21.000Z","volume":12000,"label":" ","price":5.15},{"type":"B","date":"2018-04-03T01:46:28.000Z","volume":12000,"label":" ","price":5.14},{"type":"A","date":"2018-04-03T01:46:28.000Z","volume":4000,"label":" ","price":5.14},{"type":"B","date":"2018-04-03T01:46:40.000Z","volume":8000,"label":" ","price":5.14},{"type":"B","date":"2018-04-03T01:48:23.000Z","volume":16000,"label":" ","price":5.13},{"type":"B","date":"2018-04-03T01:48:25.000Z","volume":8000,"label":" ","price":5.13},{"type":"B","date":"2018-04-03T01:48:25.000Z","volume":12000,"label":" ","price":5.12},{"type":"B","date":"2018-04-03T01:48:30.000Z","volume":4000,"label":" ","price":5.11},{"type":"U","date":"2018-04-03T01:49:17.000Z","volume":4000,"label":" ","price":5.12},{"type":"A","date":"2018-04-03T01:50:08.000Z","volume":36000,"label":" ","price":5.13},{"type":"A","date":"2018-04-03T01:50:08.000Z","volume":4000,"label":" ","price":5.14},{"type":"A","date":"2018-04-03T01:50:08.000Z","volume":4000,"label":" ","price":5.15},{"type":"U","date":"2018-04-03T01:50:09.000Z","volume":4000,"label":" ","price":5.2},{"type":"B","date":"2018-04-03T01:52:00.000Z","volume":4000,"label":" ","price":5.16},{"type":"A","date":"2018-04-03T01:56:19.000Z","volume":16000,"label":" ","price":5.19},{"type":"U","date":"2018-04-03T01:57:07.000Z","volume":4000,"label":" ","price":5.18},{"type":"A","date":"2018-04-03T01:57:13.000Z","volume":4000,"label":" ","price":5.18},{"type":"A","date":"2018-04-03T01:57:59.000Z","volume":4000,"label":" ","price":5.19},{"type":"A","date":"2018-04-03T01:59:15.000Z","volume":4000,"label":" ","price":5.24},{"type":"A","date":"2018-04-03T02:00:21.000Z","volume":40000,"label":" ","price":5.24},{"type":"A","date":"2018-04-03T02:00:21.000Z","volume":156000,"label":" ","price":5.25},{"type":"B","date":"2018-04-03T02:00:42.000Z","volume":4000,"label":" ","price":5.21},{"type":"B","date":"2018-04-03T02:00:42.000Z","volume":4000,"label":" ","price":5.21},{"type":"B","date":"2018-04-03T02:00:42.000Z","volume":8000,"label":" ","price":5.21},{"type":"B","date":"2018-04-03T02:00:45.000Z","volume":4000,"label":" ","price":5.19},{"type":"B","date":"2018-04-03T02:01:04.000Z","volume":12000,"label":" ","price":5.18},{"type":"A","date":"2018-04-03T02:01:04.000Z","volume":4000,"label":" ","price":5.18},{"type":"A","date":"2018-04-03T02:01:04.000Z","volume":4000,"label":" ","price":5.18},{"type":"A","date":"2018-04-03T02:01:04.000Z","volume":4000,"label":" ","price":5.18},{"type":"B","date":"2018-04-03T02:01:10.000Z","volume":4000,"label":" ","price":5.18},{"type":"B","date":"2018-04-03T02:01:12.000Z","volume":4000,"label":" ","price":5.18},{"type":"B","date":"2018-04-03T02:01:12.000Z","volume":4000,"label":" ","price":5.18},{"type":"B","date":"2018-04-03T02:01:12.000Z","volume":4000,"label":" ","price":5.18},{"type":"A","date":"2018-04-03T02:01:12.000Z","volume":24000,"label":" ","price":5.18},{"type":"B","date":"2018-04-03T02:01:15.000Z","volume":4000,"label":" ","price":5.18},{"type":"B","date":"2018-04-03T02:01:19.000Z","volume":4000,"label":" ","price":5.18},{"type":"A","date":"2018-04-03T02:01:20.000Z","volume":8000,"label":" ","price":5.19},{"type":"A","date":"2018-04-03T02:01:20.000Z","volume":8000,"label":" ","price":5.19},{"type":"A","date":"2018-04-03T02:01:20.000Z","volume":4000,"label":" ","price":5.19},{"type":"A","date":"2018-04-03T02:01:20.000Z","volume":4000,"label":" ","price":5.19},{"type":"B","date":"2018-04-03T02:01:34.000Z","volume":4000,"label":" ","price":5.18},{"type":"U","date":"2018-04-03T02:01:57.000Z","volume":4000,"label":" ","price":5.18},{"type":"U","date":"2018-04-03T02:01:58.000Z","volume":8000,"label":" ","price":5.19},{"type":"U","date":"2018-04-03T02:01:58.000Z","volume":4000,"label":" ","price":5.19},{"type":"B","date":"2018-04-03T02:06:27.000Z","volume":4000,"label":" ","price":5.2},{"type":"U","date":"2018-04-03T02:06:36.000Z","volume":4000,"label":" ","price":5.21},{"type":"A","date":"2018-04-03T02:10:22.000Z","volume":4000,"label":" ","price":5.22},{"type":"B","date":"2018-04-03T02:10:25.000Z","volume":56000,"label":" ","price":5.2},{"type":"B","date":"2018-04-03T02:10:25.000Z","volume":4000,"label":" ","price":5.2},{"type":"B","date":"2018-04-03T02:10:26.000Z","volume":8000,"label":" ","price":5.2},{"type":"A","date":"2018-04-03T02:11:22.000Z","volume":4000,"label":" ","price":5.19},{"type":"B","date":"2018-04-03T02:11:23.000Z","volume":60000,"label":" ","price":5.18},{"type":"B","date":"2018-04-03T02:11:23.000Z","volume":8000,"label":" ","price":5.18},{"type":"B","date":"2018-04-03T02:11:25.000Z","volume":4000,"label":"Y","price":5.18},{"type":"B","date":"2018-04-03T02:11:25.000Z","volume":20000,"label":" ","price":5.18},{"type":"B","date":"2018-04-03T02:11:27.000Z","volume":20000,"label":"Y","price":5.18},{"type":"A","date":"2018-04-03T02:11:57.000Z","volume":36000,"label":" ","price":5.18},{"type":"A","date":"2018-04-03T02:12:03.000Z","volume":12000,"label":" ","price":5.19},{"type":"B","date":"2018-04-03T02:12:51.000Z","volume":20000,"label":" ","price":5.19},{"type":"B","date":"2018-04-03T02:12:51.000Z","volume":4000,"label":" ","price":5.19},{"type":"A","date":"2018-04-03T02:13:02.000Z","volume":16000,"label":" ","price":5.19},{"type":"B","date":"2018-04-03T02:13:05.000Z","volume":4000,"label":" ","price":5.19},{"type":"B","date":"2018-04-03T02:13:11.000Z","volume":4000,"label":" ","price":5.19},{"type":"B","date":"2018-04-03T02:13:19.000Z","volume":60000,"label":" ","price":5.18},{"type":"B","date":"2018-04-03T02:13:58.000Z","volume":28000,"label":" ","price":5.18},{"type":"A","date":"2018-04-03T02:14:01.000Z","volume":12000,"label":" ","price":5.18},{"type":"A","date":"2018-04-03T02:14:01.000Z","volume":12000,"label":" ","price":5.18},{"type":"B","date":"2018-04-03T02:17:05.000Z","volume":8000,"label":" ","price":5.18},{"type":"A","date":"2018-04-03T02:19:14.000Z","volume":12000,"label":" ","price":5.19},{"type":"A","date":"2018-04-03T02:20:53.000Z","volume":8000,"label":" ","price":5.2},{"type":"A","date":"2018-04-03T02:20:53.000Z","volume":24000,"label":" ","price":5.2},{"type":"A","date":"2018-04-03T02:23:15.000Z","volume":4000,"label":"Y","price":5.21},{"type":"A","date":"2018-04-03T02:23:46.000Z","volume":12000,"label":" ","price":5.21},{"type":"B","date":"2018-04-03T02:28:44.000Z","volume":4000,"label":"Y","price":5.2},{"type":"A","date":"2018-04-03T02:29:02.000Z","volume":28000,"label":" ","price":5.21},{"type":"A","date":"2018-04-03T02:29:02.000Z","volume":12000,"label":" ","price":5.22},{"type":"A","date":"2018-04-03T02:29:02.000Z","volume":56000,"label":" ","price":5.23},{"type":"A","date":"2018-04-03T02:29:02.000Z","volume":12000,"label":" ","price":5.23},{"type":"A","date":"2018-04-03T02:29:02.000Z","volume":8000,"label":" ","price":5.23},{"type":"A","date":"2018-04-03T02:29:15.000Z","volume":4000,"label":" ","price":5.24},{"type":"B","date":"2018-04-03T02:31:44.000Z","volume":4000,"label":" ","price":5.21},{"type":"B","date":"2018-04-03T02:33:30.000Z","volume":12000,"label":" ","price":5.21},{"type":"B","date":"2018-04-03T02:33:30.000Z","volume":24000,"label":" ","price":5.21},{"type":"U","date":"2018-04-03T02:33:30.000Z","volume":8000,"label":" ","price":5.21},{"type":"U","date":"2018-04-03T02:33:30.000Z","volume":8000,"label":" ","price":5.21},{"type":"B","date":"2018-04-03T02:34:49.000Z","volume":4000,"label":"Y","price":5.2},{"type":"B","date":"2018-04-03T02:36:48.000Z","volume":4000,"label":"Y","price":5.2},{"type":"B","date":"2018-04-03T02:37:35.000Z","volume":8000,"label":" ","price":5.2},{"type":"B","date":"2018-04-03T02:38:30.000Z","volume":8000,"label":" ","price":5.2},{"type":"A","date":"2018-04-03T02:40:54.000Z","volume":8000,"label":" ","price":5.21},{"type":"A","date":"2018-04-03T02:40:54.000Z","volume":32000,"label":" ","price":5.21},{"type":"A","date":"2018-04-03T02:42:37.000Z","volume":16000,"label":" ","price":5.22},{"type":"A","date":"2018-04-03T02:45:02.000Z","volume":8000,"label":" ","price":5.24},{"type":"A","date":"2018-04-03T02:49:05.000Z","volume":4000,"label":"Y","price":5.24},{"type":"B","date":"2018-04-03T02:49:05.000Z","volume":4000,"label":" ","price":5.24},{"type":"A","date":"2018-04-03T02:49:10.000Z","volume":4000,"label":" ","price":5.25},{"type":"A","date":"2018-04-03T02:50:36.000Z","volume":8000,"label":" ","price":5.25},{"type":"A","date":"2018-04-03T02:50:53.000Z","volume":4000,"label":" ","price":5.25},{"type":"A","date":"2018-04-03T02:52:57.000Z","volume":8000,"label":" ","price":5.25},{"type":"A","date":"2018-04-03T02:54:57.000Z","volume":4000,"label":" ","price":5.25},{"type":"B","date":"2018-04-03T02:55:00.000Z","volume":4000,"label":" ","price":5.24},{"type":"A","date":"2018-04-03T02:57:17.000Z","volume":4000,"label":" ","price":5.25},{"type":"A","date":"2018-04-03T02:58:37.000Z","volume":8000,"label":" ","price":5.25},{"type":"A","date":"2018-04-03T03:00:58.000Z","volume":8000,"label":" ","price":5.25},{"type":"A","date":"2018-04-03T03:00:59.000Z","volume":40000,"label":" ","price":5.25},{"type":"B","date":"2018-04-03T03:01:04.000Z","volume":4000,"label":" ","price":5.24},{"type":"A","date":"2018-04-03T03:04:38.000Z","volume":8000,"label":" ","price":5.25},{"type":"B","date":"2018-04-03T03:05:05.000Z","volume":8000,"label":" ","price":5.24},{"type":"B","date":"2018-04-03T03:05:05.000Z","volume":4000,"label":" ","price":5.24},{"type":"A","date":"2018-04-03T03:05:20.000Z","volume":8000,"label":" ","price":5.25},{"type":"A","date":"2018-04-03T03:07:23.000Z","volume":4000,"label":" ","price":5.25},{"type":"A","date":"2018-04-03T03:10:39.000Z","volume":8000,"label":" ","price":5.25},{"type":"A","date":"2018-04-03T03:10:53.000Z","volume":4000,"label":" ","price":5.25},{"type":"A","date":"2018-04-03T03:11:15.000Z","volume":8000,"label":" ","price":5.25},{"type":"B","date":"2018-04-03T03:11:34.000Z","volume":4000,"label":" ","price":5.24},{"type":"A","date":"2018-04-03T03:12:22.000Z","volume":4000,"label":" ","price":5.25},{"type":"A","date":"2018-04-03T03:12:39.000Z","volume":8000,"label":" ","price":5.25},{"type":"B","date":"2018-04-03T03:12:51.000Z","volume":4000,"label":" ","price":5.24},{"type":"A","date":"2018-04-03T03:14:59.000Z","volume":8000,"label":" ","price":5.25},{"type":"B","date":"2018-04-03T03:15:35.000Z","volume":8000,"label":"Y","price":5.24},{"type":"A","date":"2018-04-03T03:17:20.000Z","volume":8000,"label":" ","price":5.25},{"type":"B","date":"2018-04-03T03:17:31.000Z","volume":4000,"label":" ","price":5.24},{"type":"B","date":"2018-04-03T03:17:39.000Z","volume":4000,"label":" ","price":5.24},{"type":"A","date":"2018-04-03T03:19:39.000Z","volume":8000,"label":" ","price":5.25},{"type":"B","date":"2018-04-03T03:19:40.000Z","volume":4000,"label":" ","price":5.24},{"type":"A","date":"2018-04-03T03:20:55.000Z","volume":4000,"label":" ","price":5.25},{"type":"B","date":"2018-04-03T03:21:04.000Z","volume":4000,"label":" ","price":5.24},{"type":"A","date":"2018-04-03T03:21:35.000Z","volume":8000,"label":" ","price":5.25},{"type":"A","date":"2018-04-03T03:21:52.000Z","volume":8000,"label":" ","price":5.25},{"type":"B","date":"2018-04-03T03:22:34.000Z","volume":4000,"label":" ","price":5.24},{"type":"B","date":"2018-04-03T03:23:45.000Z","volume":4000,"label":" ","price":5.24},{"type":"A","date":"2018-04-03T03:24:07.000Z","volume":8000,"label":" ","price":5.25},{"type":"A","date":"2018-04-03T03:25:01.000Z","volume":4000,"label":" ","price":5.25},{"type":"A","date":"2018-04-03T03:26:40.000Z","volume":8000,"label":" ","price":5.25},{"type":"B","date":"2018-04-03T03:27:50.000Z","volume":4000,"label":"Y","price":5.24},{"type":"B","date":"2018-04-03T03:27:50.000Z","volume":44000,"label":" ","price":5.24},{"type":"U","date":"2018-04-03T03:27:50.000Z","volume":12000,"label":" ","price":5.24},{"type":"U","date":"2018-04-03T03:27:50.000Z","volume":12000,"label":" ","price":5.24},{"type":"U","date":"2018-04-03T03:27:50.000Z","volume":12000,"label":" ","price":5.24},{"type":"U","date":"2018-04-03T03:27:50.000Z","volume":8000,"label":" ","price":5.24},{"type":"U","date":"2018-04-03T03:27:50.000Z","volume":4000,"label":" ","price":5.24},{"type":"B","date":"2018-04-03T03:27:50.000Z","volume":4000,"label":" ","price":5.24},{"type":"B","date":"2018-04-03T03:27:50.000Z","volume":4000,"label":" ","price":5.24},{"type":"B","date":"2018-04-03T03:27:51.000Z","volume":4000,"label":" ","price":5.23},{"type":"B","date":"2018-04-03T03:29:09.000Z","volume":4000,"label":" ","price":5.21},{"type":"B","date":"2018-04-03T03:30:40.000Z","volume":12000,"label":" ","price":5.22},{"type":"A","date":"2018-04-03T03:31:42.000Z","volume":132000,"label":" ","price":5.23},{"type":"A","date":"2018-04-03T03:31:43.000Z","volume":8000,"label":" ","price":5.24},{"type":"B","date":"2018-04-03T03:31:44.000Z","volume":8000,"label":" ","price":5.24},{"type":"B","date":"2018-04-03T03:31:56.000Z","volume":16000,"label":" ","price":5.24},{"type":"B","date":"2018-04-03T03:32:10.000Z","volume":4000,"label":" ","price":5.24},{"type":"B","date":"2018-04-03T03:32:40.000Z","volume":4000,"label":" ","price":5.24},{"type":"B","date":"2018-04-03T03:36:39.000Z","volume":28000,"label":" ","price":5.24},{"type":"B","date":"2018-04-03T03:36:39.000Z","volume":4000,"label":" ","price":5.24},{"type":"B","date":"2018-04-03T03:37:34.000Z","volume":8000,"label":" ","price":5.23},{"type":"B","date":"2018-04-03T03:37:34.000Z","volume":4000,"label":" ","price":5.23},{"type":"B","date":"2018-04-03T03:39:11.000Z","volume":4000,"label":" ","price":5.23},{"type":"B","date":"2018-04-03T03:39:11.000Z","volume":40000,"label":" ","price":5.23},{"type":"A","date":"2018-04-03T03:39:11.000Z","volume":4000,"label":" ","price":5.23},{"type":"A","date":"2018-04-03T03:39:11.000Z","volume":4000,"label":" ","price":5.23},{"type":"B","date":"2018-04-03T03:40:45.000Z","volume":4000,"label":"Y","price":5.22},{"type":"B","date":"2018-04-03T03:42:32.000Z","volume":4000,"label":" ","price":5.22},{"type":"B","date":"2018-04-03T03:44:50.000Z","volume":4000,"label":"Y","price":5.22},{"type":"B","date":"2018-04-03T03:44:50.000Z","volume":8000,"label":" ","price":5.22},{"type":"B","date":"2018-04-03T03:44:50.000Z","volume":4000,"label":" ","price":5.22},{"type":"B","date":"2018-04-03T03:44:50.000Z","volume":4000,"label":" ","price":5.22},{"type":"B","date":"2018-04-03T03:48:55.000Z","volume":4000,"label":" ","price":5.21},{"type":"A","date":"2018-04-03T03:49:03.000Z","volume":4000,"label":" ","price":5.22},{"type":"A","date":"2018-04-03T03:50:56.000Z","volume":4000,"label":" ","price":5.22},{"type":"A","date":"2018-04-03T03:51:02.000Z","volume":12000,"label":" ","price":5.22},{"type":"B","date":"2018-04-03T03:51:04.000Z","volume":4000,"label":" ","price":5.21},{"type":"A","date":"2018-04-03T03:52:05.000Z","volume":4000,"label":" ","price":5.22},{"type":"A","date":"2018-04-03T03:52:36.000Z","volume":4000,"label":"Y","price":5.22},{"type":"A","date":"2018-04-03T03:52:36.000Z","volume":12000,"label":" ","price":5.22},{"type":"A","date":"2018-04-03T03:52:37.000Z","volume":8000,"label":" ","price":5.23},{"type":"B","date":"2018-04-03T03:59:26.000Z","volume":4000,"label":" ","price":5.23},{"type":"A","date":"2018-04-03T05:01:50.000Z","volume":4000,"label":" ","price":5.24},{"type":"B","date":"2018-04-03T05:02:04.000Z","volume":4000,"label":" ","price":5.23},{"type":"B","date":"2018-04-03T05:04:34.000Z","volume":4000,"label":" ","price":5.23},{"type":"A","date":"2018-04-03T05:06:53.000Z","volume":8000,"label":" ","price":5.24},{"type":"A","date":"2018-04-03T05:09:13.000Z","volume":8000,"label":" ","price":5.24},{"type":"A","date":"2018-04-03T05:09:38.000Z","volume":4000,"label":" ","price":5.24},{"type":"A","date":"2018-04-03T05:10:48.000Z","volume":4000,"label":" ","price":5.24},{"type":"A","date":"2018-04-03T05:11:33.000Z","volume":8000,"label":" ","price":5.24},{"type":"B","date":"2018-04-03T05:11:34.000Z","volume":4000,"label":" ","price":5.23},{"type":"B","date":"2018-04-03T05:13:43.000Z","volume":4000,"label":" ","price":5.23},{"type":"B","date":"2018-04-03T05:14:14.000Z","volume":4000,"label":" ","price":5.23},{"type":"A","date":"2018-04-03T05:15:01.000Z","volume":4000,"label":" ","price":5.24},{"type":"U","date":"2018-04-03T05:15:26.000Z","volume":3041,"label":"D","price":5.24},{"type":"A","date":"2018-04-03T05:15:34.000Z","volume":8000,"label":" ","price":5.24},{"type":"B","date":"2018-04-03T05:15:40.000Z","volume":4000,"label":"Y","price":5.23},{"type":"B","date":"2018-04-03T05:17:02.000Z","volume":4000,"label":" ","price":5.23},{"type":"B","date":"2018-04-03T05:17:02.000Z","volume":12000,"label":" ","price":5.23},{"type":"B","date":"2018-04-03T05:17:02.000Z","volume":4000,"label":" ","price":5.23},{"type":"B","date":"2018-04-03T05:17:02.000Z","volume":16000,"label":" ","price":5.23},{"type":"B","date":"2018-04-03T05:17:02.000Z","volume":4000,"label":" ","price":5.23},{"type":"B","date":"2018-04-03T05:17:02.000Z","volume":4000,"label":" ","price":5.22},{"type":"B","date":"2018-04-03T05:17:02.000Z","volume":4000,"label":" ","price":5.22},{"type":"B","date":"2018-04-03T05:19:45.000Z","volume":4000,"label":"Y","price":5.22},{"type":"B","date":"2018-04-03T05:19:45.000Z","volume":4000,"label":" ","price":5.22},{"type":"B","date":"2018-04-03T05:19:45.000Z","volume":8000,"label":" ","price":5.22},{"type":"B","date":"2018-04-03T05:20:51.000Z","volume":4000,"label":" ","price":5.22},{"type":"A","date":"2018-04-03T05:21:55.000Z","volume":8000,"label":" ","price":5.23},{"type":"A","date":"2018-04-03T05:21:55.000Z","volume":40000,"label":" ","price":5.23},{"type":"B","date":"2018-04-03T05:21:55.000Z","volume":8000,"label":" ","price":5.22},{"type":"B","date":"2018-04-03T05:21:55.000Z","volume":4000,"label":" ","price":5.22},{"type":"A","date":"2018-04-03T05:21:59.000Z","volume":4000,"label":" ","price":5.23},{"type":"B","date":"2018-04-03T05:22:01.000Z","volume":4000,"label":" ","price":5.22},{"type":"A","date":"2018-04-03T05:23:00.000Z","volume":16000,"label":" ","price":5.23},{"type":"B","date":"2018-04-03T05:23:50.000Z","volume":8000,"label":"Y","price":5.22},{"type":"A","date":"2018-04-03T05:24:03.000Z","volume":16000,"label":" ","price":5.23},{"type":"A","date":"2018-04-03T05:24:15.000Z","volume":8000,"label":" ","price":5.23},{"type":"A","date":"2018-04-03T05:26:35.000Z","volume":8000,"label":" ","price":5.23},{"type":"B","date":"2018-04-03T05:27:55.000Z","volume":8000,"label":"Y","price":5.22},{"type":"A","date":"2018-04-03T05:28:56.000Z","volume":8000,"label":" ","price":5.23},{"type":"A","date":"2018-04-03T05:28:58.000Z","volume":12000,"label":" ","price":5.23},{"type":"A","date":"2018-04-03T05:31:16.000Z","volume":8000,"label":" ","price":5.23},{"type":"B","date":"2018-04-03T05:32:24.000Z","volume":4000,"label":" ","price":5.22},{"type":"A","date":"2018-04-03T05:32:36.000Z","volume":4000,"label":" ","price":5.23},{"type":"A","date":"2018-04-03T05:33:36.000Z","volume":8000,"label":" ","price":5.23},{"type":"A","date":"2018-04-03T05:33:39.000Z","volume":16000,"label":" ","price":5.23},{"type":"B","date":"2018-04-03T05:33:49.000Z","volume":4000,"label":" ","price":5.22},{"type":"A","date":"2018-04-03T05:35:56.000Z","volume":4000,"label":"Y","price":5.23},{"type":"A","date":"2018-04-03T05:35:56.000Z","volume":4000,"label":" ","price":5.23},{"type":"B","date":"2018-04-03T05:37:50.000Z","volume":4000,"label":"Y","price":5.22},{"type":"B","date":"2018-04-03T05:37:50.000Z","volume":4000,"label":" ","price":5.22},{"type":"A","date":"2018-04-03T05:38:32.000Z","volume":4000,"label":" ","price":5.23},{"type":"A","date":"2018-04-03T05:38:34.000Z","volume":4000,"label":" ","price":5.23},{"type":"A","date":"2018-04-03T05:39:02.000Z","volume":20000,"label":" ","price":5.23},{"type":"A","date":"2018-04-03T05:39:02.000Z","volume":24000,"label":" ","price":5.23},{"type":"A","date":"2018-04-03T05:39:02.000Z","volume":88000,"label":" ","price":5.23},{"type":"B","date":"2018-04-03T05:39:02.000Z","volume":8000,"label":" ","price":5.22},{"type":"A","date":"2018-04-03T05:39:03.000Z","volume":4000,"label":" ","price":5.23},{"type":"A","date":"2018-04-03T05:40:04.000Z","volume":12000,"label":" ","price":5.24},{"type":"A","date":"2018-04-03T05:40:14.000Z","volume":12000,"label":"Y","price":5.24},{"type":"A","date":"2018-04-03T05:40:14.000Z","volume":12000,"label":" ","price":5.24},{"type":"A","date":"2018-04-03T05:41:48.000Z","volume":4000,"label":"Y","price":5.25},{"type":"A","date":"2018-04-03T05:43:17.000Z","volume":12000,"label":" ","price":5.25},{"type":"B","date":"2018-04-03T05:44:36.000Z","volume":4000,"label":" ","price":5.24},{"type":"A","date":"2018-04-03T05:46:38.000Z","volume":12000,"label":" ","price":5.25},{"type":"B","date":"2018-04-03T05:47:04.000Z","volume":4000,"label":" ","price":5.24},{"type":"B","date":"2018-04-03T05:47:06.000Z","volume":4000,"label":" ","price":5.24},{"type":"B","date":"2018-04-03T05:48:08.000Z","volume":4000,"label":" ","price":5.24},{"type":"B","date":"2018-04-03T05:48:14.000Z","volume":44000,"label":" ","price":5.24},{"type":"B","date":"2018-04-03T05:48:14.000Z","volume":4000,"label":" ","price":5.23},{"type":"U","date":"2018-04-03T05:48:14.000Z","volume":8000,"label":" ","price":5.24},{"type":"B","date":"2018-04-03T05:48:14.000Z","volume":4000,"label":" ","price":5.24},{"type":"B","date":"2018-04-03T05:48:14.000Z","volume":4000,"label":" ","price":5.23},{"type":"U","date":"2018-04-03T05:48:14.000Z","volume":8000,"label":" ","price":5.24},{"type":"U","date":"2018-04-03T05:48:15.000Z","volume":8000,"label":" ","price":5.24},{"type":"B","date":"2018-04-03T05:48:24.000Z","volume":4000,"label":"Y","price":5.24},{"type":"B","date":"2018-04-03T05:48:24.000Z","volume":4000,"label":" ","price":5.24},{"type":"B","date":"2018-04-03T05:48:45.000Z","volume":4000,"label":" ","price":5.23},{"type":"B","date":"2018-04-03T05:49:57.000Z","volume":8000,"label":" ","price":5.23},{"type":"B","date":"2018-04-03T05:49:57.000Z","volume":16000,"label":" ","price":5.23},{"type":"B","date":"2018-04-03T05:49:57.000Z","volume":4000,"label":" ","price":5.22},{"type":"B","date":"2018-04-03T05:52:50.000Z","volume":20000,"label":" ","price":5.23},{"type":"B","date":"2018-04-03T05:52:50.000Z","volume":4000,"label":" ","price":5.23},{"type":"B","date":"2018-04-03T05:52:52.000Z","volume":4000,"label":" ","price":5.23},{"type":"A","date":"2018-04-03T05:55:36.000Z","volume":4000,"label":" ","price":5.24},{"type":"A","date":"2018-04-03T05:56:52.000Z","volume":8000,"label":" ","price":5.24},{"type":"B","date":"2018-04-03T06:01:15.000Z","volume":40000,"label":" ","price":5.23},{"type":"B","date":"2018-04-03T06:01:15.000Z","volume":8000,"label":" ","price":5.22},{"type":"B","date":"2018-04-03T06:01:15.000Z","volume":8000,"label":" ","price":5.22},{"type":"B","date":"2018-04-03T06:01:15.000Z","volume":8000,"label":" ","price":5.21},{"type":"U","date":"2018-04-03T06:01:15.000Z","volume":4000,"label":" ","price":5.22},{"type":"B","date":"2018-04-03T06:01:15.000Z","volume":12000,"label":" ","price":5.21},{"type":"A","date":"2018-04-03T06:01:15.000Z","volume":4000,"label":" ","price":5.22},{"type":"A","date":"2018-04-03T06:01:15.000Z","volume":4000,"label":" ","price":5.23},{"type":"A","date":"2018-04-03T06:01:16.000Z","volume":8000,"label":" ","price":5.23},{"type":"B","date":"2018-04-03T06:01:16.000Z","volume":4000,"label":" ","price":5.22},{"type":"B","date":"2018-04-03T06:01:16.000Z","volume":4000,"label":" ","price":5.21},{"type":"A","date":"2018-04-03T06:01:16.000Z","volume":8000,"label":" ","price":5.23},{"type":"B","date":"2018-04-03T06:01:16.000Z","volume":20000,"label":" ","price":5.21},{"type":"B","date":"2018-04-03T06:01:20.000Z","volume":4000,"label":" ","price":5.22},{"type":"B","date":"2018-04-03T06:01:35.000Z","volume":16000,"label":" ","price":5.22},{"type":"B","date":"2018-04-03T06:01:55.000Z","volume":4000,"label":" ","price":5.21},{"type":"B","date":"2018-04-03T06:05:04.000Z","volume":4000,"label":" ","price":5.21},{"type":"B","date":"2018-04-03T06:05:25.000Z","volume":8000,"label":"Y","price":5.21},{"type":"B","date":"2018-04-03T06:09:25.000Z","volume":4000,"label":" ","price":5.21},{"type":"A","date":"2018-04-03T06:11:05.000Z","volume":4000,"label":" ","price":5.22},{"type":"B","date":"2018-04-03T06:19:47.000Z","volume":4000,"label":" ","price":5.21},{"type":"B","date":"2018-04-03T06:19:47.000Z","volume":4000,"label":" ","price":5.21},{"type":"A","date":"2018-04-03T06:19:59.000Z","volume":12000,"label":"Y","price":5.22},{"type":"B","date":"2018-04-03T06:20:59.000Z","volume":4000,"label":" ","price":5.21},{"type":"A","date":"2018-04-03T06:21:42.000Z","volume":20000,"label":" ","price":5.22},{"type":"B","date":"2018-04-03T06:21:42.000Z","volume":4000,"label":" ","price":5.21},{"type":"B","date":"2018-04-03T06:22:16.000Z","volume":4000,"label":" ","price":5.21},{"type":"B","date":"2018-04-03T06:22:18.000Z","volume":4000,"label":" ","price":5.21},{"type":"B","date":"2018-04-03T06:23:50.000Z","volume":4000,"label":" ","price":5.21},{"type":"A","date":"2018-04-03T06:25:59.000Z","volume":12000,"label":"Y","price":5.22},{"type":"A","date":"2018-04-03T06:25:59.000Z","volume":4000,"label":" ","price":5.22},{"type":"B","date":"2018-04-03T06:26:05.000Z","volume":4000,"label":" ","price":5.21},{"type":"A","date":"2018-04-03T06:26:26.000Z","volume":4000,"label":" ","price":5.22},{"type":"B","date":"2018-04-03T06:26:26.000Z","volume":4000,"label":" ","price":5.21},{"type":"B","date":"2018-04-03T06:27:55.000Z","volume":8000,"label":"Y","price":5.21},{"type":"B","date":"2018-04-03T06:28:23.000Z","volume":4000,"label":" ","price":5.21},{"type":"A","date":"2018-04-03T06:29:04.000Z","volume":4000,"label":" ","price":5.22},{"type":"B","date":"2018-04-03T06:31:13.000Z","volume":4000,"label":" ","price":5.21},{"type":"A","date":"2018-04-03T06:31:43.000Z","volume":12000,"label":" ","price":5.22},{"type":"A","date":"2018-04-03T06:31:50.000Z","volume":48000,"label":" ","price":5.22},{"type":"A","date":"2018-04-03T06:35:04.000Z","volume":4000,"label":" ","price":5.22},{"type":"A","date":"2018-04-03T06:36:04.000Z","volume":4000,"label":" ","price":5.22},{"type":"A","date":"2018-04-03T06:37:22.000Z","volume":4000,"label":" ","price":5.22},{"type":"A","date":"2018-04-03T06:38:24.000Z","volume":4000,"label":" ","price":5.22},{"type":"A","date":"2018-04-03T06:39:24.000Z","volume":4000,"label":" ","price":5.22},{"type":"A","date":"2018-04-03T06:40:24.000Z","volume":4000,"label":" ","price":5.22},{"type":"A","date":"2018-04-03T06:40:25.000Z","volume":4000,"label":"Y","price":5.22},{"type":"A","date":"2018-04-03T06:40:25.000Z","volume":4000,"label":" ","price":5.22},{"type":"B","date":"2018-04-03T06:40:56.000Z","volume":4000,"label":" ","price":5.21},{"type":"A","date":"2018-04-03T06:41:25.000Z","volume":4000,"label":" ","price":5.22},{"type":"B","date":"2018-04-03T06:42:16.000Z","volume":4000,"label":" ","price":5.21},{"type":"A","date":"2018-04-03T06:42:42.000Z","volume":4000,"label":" ","price":5.22},{"type":"A","date":"2018-04-03T06:43:37.000Z","volume":4000,"label":" ","price":5.22},{"type":"A","date":"2018-04-03T06:43:41.000Z","volume":4000,"label":"Y","price":5.22},{"type":"A","date":"2018-04-03T06:43:41.000Z","volume":52000,"label":" ","price":5.22},{"type":"A","date":"2018-04-03T06:43:41.000Z","volume":4000,"label":"Y","price":5.22},{"type":"A","date":"2018-04-03T06:43:41.000Z","volume":20000,"label":" ","price":5.22},{"type":"A","date":"2018-04-03T06:43:41.000Z","volume":4000,"label":" ","price":5.22},{"type":"A","date":"2018-04-03T06:43:41.000Z","volume":60000,"label":" ","price":5.22},{"type":"A","date":"2018-04-03T06:43:41.000Z","volume":44000,"label":" ","price":5.22},{"type":"A","date":"2018-04-03T06:43:41.000Z","volume":4000,"label":" ","price":5.22},{"type":"B","date":"2018-04-03T06:43:41.000Z","volume":4000,"label":" ","price":5.22},{"type":"B","date":"2018-04-03T06:43:41.000Z","volume":4000,"label":" ","price":5.22},{"type":"B","date":"2018-04-03T06:43:41.000Z","volume":4000,"label":" ","price":5.22},{"type":"B","date":"2018-04-03T06:43:41.000Z","volume":4000,"label":" ","price":5.22},{"type":"A","date":"2018-04-03T06:43:53.000Z","volume":56000,"label":" ","price":5.23},{"type":"A","date":"2018-04-03T06:43:53.000Z","volume":36000,"label":" ","price":5.23},{"type":"A","date":"2018-04-03T06:43:56.000Z","volume":12000,"label":" ","price":5.23},{"type":"A","date":"2018-04-03T06:43:56.000Z","volume":20000,"label":" ","price":5.23},{"type":"A","date":"2018-04-03T06:44:35.000Z","volume":4000,"label":"Y","price":5.24},{"type":"A","date":"2018-04-03T06:44:35.000Z","volume":8000,"label":" ","price":5.24},{"type":"A","date":"2018-04-03T06:44:38.000Z","volume":4000,"label":" ","price":5.25},{"type":"A","date":"2018-04-03T06:45:27.000Z","volume":28000,"label":" ","price":5.25},{"type":"A","date":"2018-04-03T06:45:42.000Z","volume":4000,"label":" ","price":5.25},{"type":"A","date":"2018-04-03T06:46:50.000Z","volume":4000,"label":" ","price":5.25},{"type":"A","date":"2018-04-03T06:48:05.000Z","volume":4000,"label":" ","price":5.25},{"type":"B","date":"2018-04-03T06:48:22.000Z","volume":60000,"label":" ","price":5.24},{"type":"B","date":"2018-04-03T06:48:22.000Z","volume":16000,"label":" ","price":5.24},{"type":"B","date":"2018-04-03T06:48:22.000Z","volume":12000,"label":" ","price":5.23},{"type":"B","date":"2018-04-03T06:48:28.000Z","volume":16000,"label":" ","price":5.23},{"type":"B","date":"2018-04-03T06:48:32.000Z","volume":4000,"label":" ","price":5.22},{"type":"B","date":"2018-04-03T06:48:34.000Z","volume":16000,"label":" ","price":5.22},{"type":"B","date":"2018-04-03T06:49:00.000Z","volume":4000,"label":"Y","price":5.22},{"type":"A","date":"2018-04-03T06:49:29.000Z","volume":4000,"label":" ","price":5.22},{"type":"A","date":"2018-04-03T06:49:29.000Z","volume":4000,"label":" ","price":5.22},{"type":"A","date":"2018-04-03T06:49:40.000Z","volume":112000,"label":" ","price":5.22},{"type":"A","date":"2018-04-03T06:49:40.000Z","volume":4000,"label":" ","price":5.23},{"type":"A","date":"2018-04-03T06:49:41.000Z","volume":12000,"label":" ","price":5.23},{"type":"A","date":"2018-04-03T06:53:11.000Z","volume":100000,"label":" ","price":5.25},{"type":"A","date":"2018-04-03T06:53:11.000Z","volume":4000,"label":" ","price":5.25},{"type":"B","date":"2018-04-03T06:53:17.000Z","volume":8000,"label":" ","price":5.24},{"type":"B","date":"2018-04-03T06:55:27.000Z","volume":4000,"label":" ","price":5.24},{"type":"B","date":"2018-04-03T06:57:20.000Z","volume":4000,"label":"Y","price":5.24},{"type":"A","date":"2018-04-03T06:57:47.000Z","volume":4000,"label":" ","price":5.25},{"type":"A","date":"2018-04-03T06:58:48.000Z","volume":4000,"label":" ","price":5.25},{"type":"A","date":"2018-04-03T06:58:50.000Z","volume":4000,"label":" ","price":5.25},{"type":"A","date":"2018-04-03T06:59:48.000Z","volume":4000,"label":" ","price":5.25},{"type":"A","date":"2018-04-03T07:00:48.000Z","volume":4000,"label":" ","price":5.25},{"type":"B","date":"2018-04-03T07:01:25.000Z","volume":4000,"label":"Y","price":5.24},{"type":"A","date":"2018-04-03T07:02:00.000Z","volume":4000,"label":" ","price":5.25},{"type":"A","date":"2018-04-03T07:02:01.000Z","volume":4000,"label":" ","price":5.25},{"type":"A","date":"2018-04-03T07:03:04.000Z","volume":4000,"label":" ","price":5.25},{"type":"A","date":"2018-04-03T07:03:59.000Z","volume":4000,"label":" ","price":5.25},{"type":"A","date":"2018-04-03T07:05:05.000Z","volume":4000,"label":" ","price":5.25},{"type":"A","date":"2018-04-03T07:06:09.000Z","volume":4000,"label":" ","price":5.25},{"type":"A","date":"2018-04-03T07:06:10.000Z","volume":4000,"label":" ","price":5.25},{"type":"B","date":"2018-04-03T07:06:34.000Z","volume":4000,"label":" ","price":5.24},{"type":"A","date":"2018-04-03T07:06:35.000Z","volume":4000,"label":" ","price":5.25},{"type":"A","date":"2018-04-03T07:07:13.000Z","volume":4000,"label":" ","price":5.25},{"type":"A","date":"2018-04-03T07:07:13.000Z","volume":4000,"label":" ","price":5.25},{"type":"A","date":"2018-04-03T07:07:16.000Z","volume":4000,"label":" ","price":5.25},{"type":"A","date":"2018-04-03T07:08:16.000Z","volume":4000,"label":" ","price":5.25},{"type":"A","date":"2018-04-03T07:08:21.000Z","volume":4000,"label":" ","price":5.25},{"type":"A","date":"2018-04-03T07:08:47.000Z","volume":4000,"label":" ","price":5.25},{"type":"U","date":"2018-04-03T07:09:05.000Z","volume":4000,"label":"X","price":5.245},{"type":"A","date":"2018-04-03T07:09:25.000Z","volume":4000,"label":" ","price":5.25},{"type":"A","date":"2018-04-03T07:09:25.000Z","volume":4000,"label":" ","price":5.25},{"type":"B","date":"2018-04-03T07:09:25.000Z","volume":4000,"label":" ","price":5.24},{"type":"B","date":"2018-04-03T07:09:25.000Z","volume":4000,"label":" ","price":5.24},{"type":"U","date":"2018-04-03T07:09:29.000Z","volume":702,"label":"D","price":5.19},{"type":"B","date":"2018-04-03T07:09:47.000Z","volume":4000,"label":" ","price":5.24},{"type":"B","date":"2018-04-03T07:10:35.000Z","volume":4000,"label":" ","price":5.24},{"type":"B","date":"2018-04-03T07:10:35.000Z","volume":4000,"label":" ","price":5.24},{"type":"U","date":"2018-04-03T07:10:47.000Z","volume":4000,"label":"X","price":5.25},{"type":"A","date":"2018-04-03T07:12:49.000Z","volume":4000,"label":" ","price":5.25},{"type":"A","date":"2018-04-03T07:13:49.000Z","volume":4000,"label":" ","price":5.25},{"type":"B","date":"2018-04-03T07:13:49.000Z","volume":4000,"label":" ","price":5.24},{"type":"A","date":"2018-04-03T07:14:50.000Z","volume":4000,"label":" ","price":5.25},{"type":"A","date":"2018-04-03T07:14:51.000Z","volume":4000,"label":" ","price":5.25},{"type":"B","date":"2018-04-03T07:15:04.000Z","volume":4000,"label":" ","price":5.24},{"type":"B","date":"2018-04-03T07:15:05.000Z","volume":4000,"label":" ","price":5.24},{"type":"A","date":"2018-04-03T07:15:50.000Z","volume":4000,"label":" ","price":5.25},{"type":"B","date":"2018-04-03T07:15:50.000Z","volume":4000,"label":" ","price":5.24},{"type":"A","date":"2018-04-03T07:15:51.000Z","volume":4000,"label":" ","price":5.25},{"type":"A","date":"2018-04-03T07:17:10.000Z","volume":4000,"label":" ","price":5.25},{"type":"A","date":"2018-04-03T07:18:09.000Z","volume":4000,"label":" ","price":5.25},{"type":"B","date":"2018-04-03T07:19:05.000Z","volume":4000,"label":"Y","price":5.24},{"type":"A","date":"2018-04-03T07:19:05.000Z","volume":4000,"label":" ","price":5.25},{"type":"A","date":"2018-04-03T07:19:08.000Z","volume":4000,"label":" ","price":5.25},{"type":"B","date":"2018-04-03T07:19:50.000Z","volume":4000,"label":" ","price":5.24},{"type":"A","date":"2018-04-03T07:20:10.000Z","volume":4000,"label":" ","price":5.25},{"type":"A","date":"2018-04-03T07:21:10.000Z","volume":4000,"label":" ","price":5.25},{"type":"A","date":"2018-04-03T07:21:52.000Z","volume":4000,"label":" ","price":5.25},{"type":"A","date":"2018-04-03T07:22:26.000Z","volume":4000,"label":" ","price":5.25},{"type":"A","date":"2018-04-03T07:23:25.000Z","volume":4000,"label":" ","price":5.25},{"type":"A","date":"2018-04-03T07:24:12.000Z","volume":12000,"label":" ","price":5.25},{"type":"A","date":"2018-04-03T07:24:30.000Z","volume":4000,"label":" ","price":5.25},{"type":"A","date":"2018-04-03T07:24:32.000Z","volume":20000,"label":" ","price":5.25},{"type":"A","date":"2018-04-03T07:24:32.000Z","volume":4000,"label":" ","price":5.25},{"type":"B","date":"2018-04-03T07:24:34.000Z","volume":4000,"label":" ","price":5.24},{"type":"U","date":"2018-04-03T07:26:27.000Z","volume":4000,"label":"X","price":5.25},{"type":"A","date":"2018-04-03T07:26:51.000Z","volume":4000,"label":" ","price":5.25},{"type":"A","date":"2018-04-03T07:27:09.000Z","volume":24000,"label":" ","price":5.25},{"type":"B","date":"2018-04-03T07:27:09.000Z","volume":4000,"label":" ","price":5.24},{"type":"B","date":"2018-04-03T07:27:09.000Z","volume":4000,"label":" ","price":5.24},{"type":"A","date":"2018-04-03T07:27:10.000Z","volume":12000,"label":" ","price":5.25},{"type":"A","date":"2018-04-03T07:27:48.000Z","volume":4000,"label":" ","price":5.25},{"type":"B","date":"2018-04-03T07:27:48.000Z","volume":4000,"label":" ","price":5.24},{"type":"B","date":"2018-04-03T07:28:35.000Z","volume":8000,"label":" ","price":5.24},{"type":"A","date":"2018-04-03T07:29:51.000Z","volume":4000,"label":" ","price":5.25},{"type":"A","date":"2018-04-03T07:29:55.000Z","volume":4000,"label":" ","price":5.25},{"type":"A","date":"2018-04-03T07:30:51.000Z","volume":4000,"label":" ","price":5.25},{"type":"A","date":"2018-04-03T07:31:56.000Z","volume":4000,"label":" ","price":5.25},{"type":"A","date":"2018-04-03T07:33:12.000Z","volume":4000,"label":" ","price":5.25},{"type":"A","date":"2018-04-03T07:33:25.000Z","volume":4000,"label":" ","price":5.25},{"type":"A","date":"2018-04-03T07:33:27.000Z","volume":4000,"label":" ","price":5.25},{"type":"B","date":"2018-04-03T07:33:34.000Z","volume":4000,"label":" ","price":5.24},{"type":"A","date":"2018-04-03T07:34:09.000Z","volume":4000,"label":" ","price":5.25},{"type":"A","date":"2018-04-03T07:34:10.000Z","volume":4000,"label":" ","price":5.25},{"type":"B","date":"2018-04-03T07:34:19.000Z","volume":24000,"label":" ","price":5.24},{"type":"B","date":"2018-04-03T07:34:19.000Z","volume":4000,"label":" ","price":5.24},{"type":"B","date":"2018-04-03T07:34:19.000Z","volume":4000,"label":" ","price":5.24},{"type":"B","date":"2018-04-03T07:34:19.000Z","volume":16000,"label":" ","price":5.24},{"type":"B","date":"2018-04-03T07:34:19.000Z","volume":4000,"label":" ","price":5.24},{"type":"A","date":"2018-04-03T07:34:20.000Z","volume":12000,"label":" ","price":5.25},{"type":"B","date":"2018-04-03T07:34:20.000Z","volume":4000,"label":" ","price":5.24},{"type":"B","date":"2018-04-03T07:34:20.000Z","volume":4000,"label":" ","price":5.24},{"type":"B","date":"2018-04-03T07:34:25.000Z","volume":4000,"label":" ","price":5.24},{"type":"B","date":"2018-04-03T07:34:36.000Z","volume":100000,"label":" ","price":5.24},{"type":"B","date":"2018-04-03T07:34:36.000Z","volume":4000,"label":" ","price":5.24},{"type":"B","date":"2018-04-03T07:34:36.000Z","volume":4000,"label":" ","price":5.23},{"type":"A","date":"2018-04-03T07:34:37.000Z","volume":20000,"label":" ","price":5.25},{"type":"B","date":"2018-04-03T07:34:38.000Z","volume":4000,"label":" ","price":5.23},{"type":"B","date":"2018-04-03T07:34:38.000Z","volume":4000,"label":" ","price":5.23},{"type":"B","date":"2018-04-03T07:34:38.000Z","volume":4000,"label":" ","price":5.23},{"type":"A","date":"2018-04-03T07:34:39.000Z","volume":16000,"label":" ","price":5.24},{"type":"A","date":"2018-04-03T07:34:39.000Z","volume":64000,"label":" ","price":5.24},{"type":"A","date":"2018-04-03T07:34:43.000Z","volume":16000,"label":" ","price":5.24},{"type":"B","date":"2018-04-03T07:35:17.000Z","volume":28000,"label":" ","price":5.23},{"type":"B","date":"2018-04-03T07:35:17.000Z","volume":4000,"label":" ","price":5.22},{"type":"A","date":"2018-04-03T07:35:24.000Z","volume":4000,"label":" ","price":5.23},{"type":"B","date":"2018-04-03T07:35:33.000Z","volume":4000,"label":" ","price":5.22},{"type":"B","date":"2018-04-03T07:35:33.000Z","volume":12000,"label":" ","price":5.22},{"type":"A","date":"2018-04-03T07:35:38.000Z","volume":4000,"label":" ","price":5.23},{"type":"B","date":"2018-04-03T07:36:55.000Z","volume":4000,"label":" ","price":5.22},{"type":"B","date":"2018-04-03T07:37:53.000Z","volume":4000,"label":" ","price":5.22},{"type":"B","date":"2018-04-03T07:38:12.000Z","volume":4000,"label":" ","price":5.22},{"type":"B","date":"2018-04-03T07:38:20.000Z","volume":4000,"label":" ","price":5.22},{"type":"B","date":"2018-04-03T07:38:22.000Z","volume":36000,"label":"Y","price":5.22},{"type":"B","date":"2018-04-03T07:38:22.000Z","volume":8000,"label":" ","price":5.22},{"type":"B","date":"2018-04-03T07:38:22.000Z","volume":4000,"label":" ","price":5.21},{"type":"A","date":"2018-04-03T07:38:22.000Z","volume":4000,"label":" ","price":5.22},{"type":"A","date":"2018-04-03T07:38:23.000Z","volume":52000,"label":" ","price":5.22},{"type":"B","date":"2018-04-03T07:38:23.000Z","volume":4000,"label":" ","price":5.21},{"type":"A","date":"2018-04-03T07:38:23.000Z","volume":4000,"label":" ","price":5.22},{"type":"B","date":"2018-04-03T07:38:25.000Z","volume":8000,"label":" ","price":5.22},{"type":"B","date":"2018-04-03T07:38:50.000Z","volume":4000,"label":" ","price":5.22},{"type":"B","date":"2018-04-03T07:39:15.000Z","volume":4000,"label":" ","price":5.22},{"type":"B","date":"2018-04-03T07:40:18.000Z","volume":12000,"label":" ","price":5.22},{"type":"B","date":"2018-04-03T07:40:20.000Z","volume":12000,"label":" ","price":5.22},{"type":"B","date":"2018-04-03T07:41:17.000Z","volume":4000,"label":" ","price":5.21},{"type":"A","date":"2018-04-03T07:42:05.000Z","volume":12000,"label":" ","price":5.22},{"type":"B","date":"2018-04-03T07:42:35.000Z","volume":4000,"label":" ","price":5.21},{"type":"A","date":"2018-04-03T07:43:09.000Z","volume":4000,"label":" ","price":5.22},{"type":"A","date":"2018-04-03T07:43:28.000Z","volume":4000,"label":" ","price":5.22},{"type":"A","date":"2018-04-03T07:43:28.000Z","volume":132000,"label":" ","price":5.22},{"type":"A","date":"2018-04-03T07:43:28.000Z","volume":8000,"label":" ","price":5.22},{"type":"A","date":"2018-04-03T07:43:53.000Z","volume":4000,"label":" ","price":5.23},{"type":"B","date":"2018-04-03T07:43:53.000Z","volume":4000,"label":" ","price":5.21},{"type":"A","date":"2018-04-03T07:43:56.000Z","volume":4000,"label":"Y","price":5.22},{"type":"A","date":"2018-04-03T07:44:05.000Z","volume":8000,"label":" ","price":5.23},{"type":"A","date":"2018-04-03T07:44:25.000Z","volume":8000,"label":"Y","price":5.23},{"type":"A","date":"2018-04-03T07:44:25.000Z","volume":4000,"label":" ","price":5.23},{"type":"A","date":"2018-04-03T07:44:53.000Z","volume":4000,"label":" ","price":5.23},{"type":"A","date":"2018-04-03T07:45:08.000Z","volume":8000,"label":" ","price":5.23},{"type":"B","date":"2018-04-03T07:45:10.000Z","volume":4000,"label":" ","price":5.22},{"type":"B","date":"2018-04-03T07:45:10.000Z","volume":4000,"label":" ","price":5.22},{"type":"A","date":"2018-04-03T07:45:53.000Z","volume":4000,"label":" ","price":5.23},{"type":"A","date":"2018-04-03T07:46:20.000Z","volume":4000,"label":" ","price":5.23},{"type":"A","date":"2018-04-03T07:47:13.000Z","volume":4000,"label":" ","price":5.23},{"type":"A","date":"2018-04-03T07:48:14.000Z","volume":4000,"label":" ","price":5.23},{"type":"A","date":"2018-04-03T07:49:14.000Z","volume":4000,"label":" ","price":5.23},{"type":"A","date":"2018-04-03T07:49:31.000Z","volume":24000,"label":"Y","price":5.23},{"type":"A","date":"2018-04-03T07:49:31.000Z","volume":36000,"label":" ","price":5.23},{"type":"A","date":"2018-04-03T07:49:31.000Z","volume":40000,"label":" ","price":5.23},{"type":"A","date":"2018-04-03T07:49:31.000Z","volume":24000,"label":" ","price":5.24},{"type":"B","date":"2018-04-03T07:49:31.000Z","volume":4000,"label":" ","price":5.22},{"type":"A","date":"2018-04-03T07:49:41.000Z","volume":4000,"label":"Y","price":5.24},{"type":"A","date":"2018-04-03T07:49:41.000Z","volume":8000,"label":" ","price":5.24},{"type":"A","date":"2018-04-03T07:49:41.000Z","volume":4000,"label":" ","price":5.24},{"type":"A","date":"2018-04-03T07:49:41.000Z","volume":4000,"label":" ","price":5.24},{"type":"A","date":"2018-04-03T07:49:41.000Z","volume":4000,"label":" ","price":5.24},{"type":"A","date":"2018-04-03T07:50:14.000Z","volume":4000,"label":" ","price":5.25},{"type":"A","date":"2018-04-03T07:51:18.000Z","volume":4000,"label":"Y","price":5.25},{"type":"A","date":"2018-04-03T07:51:18.000Z","volume":8000,"label":" ","price":5.25},{"type":"A","date":"2018-04-03T07:51:19.000Z","volume":4000,"label":" ","price":5.25},{"type":"B","date":"2018-04-03T07:51:21.000Z","volume":4000,"label":" ","price":5.24},{"type":"A","date":"2018-04-03T07:51:37.000Z","volume":28000,"label":" ","price":5.25},{"type":"A","date":"2018-04-03T07:51:38.000Z","volume":4000,"label":" ","price":5.26},{"type":"A","date":"2018-04-03T07:51:44.000Z","volume":8000,"label":" ","price":5.26},{"type":"A","date":"2018-04-03T07:51:44.000Z","volume":40000,"label":" ","price":5.26},{"type":"B","date":"2018-04-03T07:51:44.000Z","volume":4000,"label":" ","price":5.25},{"type":"B","date":"2018-04-03T07:52:10.000Z","volume":4000,"label":" ","price":5.26},{"type":"A","date":"2018-04-03T07:52:20.000Z","volume":4000,"label":" ","price":5.27},{"type":"B","date":"2018-04-03T07:52:43.000Z","volume":32000,"label":" ","price":5.26},{"type":"B","date":"2018-04-03T07:52:43.000Z","volume":1968000,"label":" ","price":5.25},{"type":"B","date":"2018-04-03T07:52:43.000Z","volume":32000,"label":" ","price":5.24},{"type":"B","date":"2018-04-03T07:52:43.000Z","volume":4000,"label":" ","price":5.23},{"type":"B","date":"2018-04-03T07:52:44.000Z","volume":4000,"label":" ","price":5.23},{"type":"B","date":"2018-04-03T07:52:51.000Z","volume":8000,"label":" ","price":5.22},{"type":"B","date":"2018-04-03T07:52:51.000Z","volume":4000,"label":" ","price":5.22},{"type":"A","date":"2018-04-03T07:52:51.000Z","volume":8000,"label":" ","price":5.23},{"type":"B","date":"2018-04-03T07:52:53.000Z","volume":80000,"label":" ","price":5.22},{"type":"A","date":"2018-04-03T07:53:00.000Z","volume":16000,"label":" ","price":5.23},{"type":"B","date":"2018-04-03T07:53:11.000Z","volume":12000,"label":" ","price":5.22},{"type":"B","date":"2018-04-03T07:53:11.000Z","volume":20000,"label":" ","price":5.21},{"type":"A","date":"2018-04-03T07:53:12.000Z","volume":4000,"label":" ","price":5.22},{"type":"B","date":"2018-04-03T07:53:13.000Z","volume":68000,"label":" ","price":5.21},{"type":"B","date":"2018-04-03T07:53:25.000Z","volume":4000,"label":" ","price":5.21},{"type":"A","date":"2018-04-03T07:53:34.000Z","volume":36000,"label":" ","price":5.21},{"type":"U","date":"2018-04-03T07:53:35.000Z","volume":4000,"label":" ","price":5.2},{"type":"A","date":"2018-04-03T07:53:37.000Z","volume":20000,"label":" ","price":5.21},{"type":"B","date":"2018-04-03T07:54:05.000Z","volume":8000,"label":" ","price":5.21},{"type":"B","date":"2018-04-03T07:54:05.000Z","volume":24000,"label":" ","price":5.2},{"type":"A","date":"2018-04-03T07:54:06.000Z","volume":20000,"label":"Y","price":5.21},{"type":"A","date":"2018-04-03T07:54:06.000Z","volume":12000,"label":" ","price":5.21},{"type":"B","date":"2018-04-03T07:54:08.000Z","volume":28000,"label":" ","price":5.21},{"type":"B","date":"2018-04-03T07:54:10.000Z","volume":76000,"label":" ","price":5.2},{"type":"A","date":"2018-04-03T07:54:31.000Z","volume":8000,"label":" ","price":5.2},{"type":"A","date":"2018-04-03T07:54:34.000Z","volume":4000,"label":" ","price":5.2},{"type":"A","date":"2018-04-03T07:54:36.000Z","volume":68000,"label":" ","price":5.2},{"type":"B","date":"2018-04-03T07:54:51.000Z","volume":12000,"label":" ","price":5.2},{"type":"B","date":"2018-04-03T07:54:58.000Z","volume":4000,"label":" ","price":5.2},{"type":"B","date":"2018-04-03T07:54:58.000Z","volume":8000,"label":" ","price":5.2},{"type":"A","date":"2018-04-03T07:54:58.000Z","volume":4000,"label":" ","price":5.2},{"type":"A","date":"2018-04-03T07:55:00.000Z","volume":24000,"label":" ","price":5.2},{"type":"A","date":"2018-04-03T07:55:00.000Z","volume":4000,"label":" ","price":5.2},{"type":"A","date":"2018-04-03T07:55:01.000Z","volume":4000,"label":"Y","price":5.21},{"type":"A","date":"2018-04-03T07:55:01.000Z","volume":4000,"label":" ","price":5.21},{"type":"B","date":"2018-04-03T07:55:58.000Z","volume":28000,"label":" ","price":5.21},{"type":"B","date":"2018-04-03T07:55:58.000Z","volume":4000,"label":" ","price":5.21},{"type":"B","date":"2018-04-03T07:56:09.000Z","volume":4000,"label":" ","price":5.21},{"type":"B","date":"2018-04-03T07:56:56.000Z","volume":12000,"label":" ","price":5.21},{"type":"B","date":"2018-04-03T07:56:57.000Z","volume":12000,"label":" ","price":5.2},{"type":"A","date":"2018-04-03T07:56:58.000Z","volume":4000,"label":" ","price":5.2},{"type":"A","date":"2018-04-03T07:57:12.000Z","volume":4000,"label":" ","price":5.21},{"type":"B","date":"2018-04-03T07:57:12.000Z","volume":4000,"label":" ","price":5.2},{"type":"B","date":"2018-04-03T07:57:52.000Z","volume":20000,"label":" ","price":5.2},{"type":"B","date":"2018-04-03T07:57:52.000Z","volume":4000,"label":" ","price":5.2},{"type":"B","date":"2018-04-03T07:58:00.000Z","volume":4000,"label":" ","price":5.2},{"type":"B","date":"2018-04-03T07:58:35.000Z","volume":8000,"label":" ","price":5.2},{"type":"B","date":"2018-04-03T07:58:35.000Z","volume":4000,"label":" ","price":5.19},{"type":"B","date":"2018-04-03T07:58:36.000Z","volume":12000,"label":" ","price":5.19},{"type":"A","date":"2018-04-03T07:58:40.000Z","volume":4000,"label":" ","price":5.2},{"type":"A","date":"2018-04-03T07:58:50.000Z","volume":4000,"label":" ","price":5.21},{"type":"B","date":"2018-04-03T07:59:00.000Z","volume":4000,"label":" ","price":5.2},{"type":"B","date":"2018-04-03T07:59:16.000Z","volume":4000,"label":" ","price":5.19},{"type":"B","date":"2018-04-03T07:59:16.000Z","volume":4000,"label":" ","price":5.19},{"type":"B","date":"2018-04-03T07:59:20.000Z","volume":4000,"label":" ","price":5.19},{"type":"B","date":"2018-04-03T07:59:20.000Z","volume":4000,"label":" ","price":5.18},{"type":"A","date":"2018-04-03T07:59:21.000Z","volume":4000,"label":" ","price":5.19},{"type":"B","date":"2018-04-03T07:59:29.000Z","volume":4000,"label":" ","price":5.18},{"type":"B","date":"2018-04-03T07:59:30.000Z","volume":4000,"label":" ","price":5.18},{"type":"B","date":"2018-04-03T07:59:31.000Z","volume":4000,"label":" ","price":5.18},{"type":"B","date":"2018-04-03T07:59:31.000Z","volume":8000,"label":" ","price":5.18},{"type":"B","date":"2018-04-03T07:59:48.000Z","volume":4000,"label":" ","price":5.18},{"type":"B","date":"2018-04-03T07:59:50.000Z","volume":4000,"label":" ","price":5.18},{"type":"U","date":"2018-04-03T08:08:39.000Z","volume":636000,"label":"U","price":5.21}]