[{"type":"A","date":"2018-04-24T01:30:19.000Z","volume":500,"label":" ","price":1.96},{"type":"A","date":"2018-04-24T01:30:19.000Z","volume":4000,"label":" ","price":1.96},{"type":"B","date":"2018-04-24T01:35:38.000Z","volume":1000,"label":" ","price":1.96},{"type":"A","date":"2018-04-24T01:35:40.000Z","volume":2000,"label":" ","price":1.96},{"type":"B","date":"2018-04-24T01:43:03.000Z","volume":20000,"label":" ","price":1.95},{"type":"B","date":"2018-04-24T01:43:03.000Z","volume":6000,"label":" ","price":1.95},{"type":"B","date":"2018-04-24T01:48:14.000Z","volume":10000,"label":" ","price":1.93},{"type":"B","date":"2018-04-24T01:49:14.000Z","volume":14000,"label":" ","price":1.93},{"type":"B","date":"2018-04-24T01:49:33.000Z","volume":500,"label":" ","price":1.93},{"type":"B","date":"2018-04-24T01:49:40.000Z","volume":21500,"label":"Y","price":1.93},{"type":"B","date":"2018-04-24T01:49:40.000Z","volume":7500,"label":" ","price":1.93},{"type":"B","date":"2018-04-24T01:49:58.000Z","volume":7500,"label":" ","price":1.93},{"type":"B","date":"2018-04-24T01:50:54.000Z","volume":500,"label":" ","price":1.93},{"type":"B","date":"2018-04-24T01:51:45.000Z","volume":73500,"label":" ","price":1.93},{"type":"B","date":"2018-04-24T01:51:45.000Z","volume":86500,"label":" ","price":1.92},{"type":"B","date":"2018-04-24T01:52:04.000Z","volume":10000,"label":" ","price":1.92},{"type":"B","date":"2018-04-24T01:52:04.000Z","volume":10500,"label":" ","price":1.92},{"type":"B","date":"2018-04-24T01:52:05.000Z","volume":2000,"label":" ","price":1.92},{"type":"A","date":"2018-04-24T01:53:35.000Z","volume":2000,"label":" ","price":1.92},{"type":"B","date":"2018-04-24T01:53:40.000Z","volume":4000,"label":"Y","price":1.91},{"type":"B","date":"2018-04-24T01:53:40.000Z","volume":40000,"label":" ","price":1.91},{"type":"A","date":"2018-04-24T01:56:03.000Z","volume":5000,"label":" ","price":1.93},{"type":"B","date":"2018-04-24T01:56:03.000Z","volume":11000,"label":" ","price":1.92},{"type":"A","date":"2018-04-24T01:57:53.000Z","volume":4000,"label":" ","price":1.93},{"type":"B","date":"2018-04-24T02:00:35.000Z","volume":20000,"label":" ","price":1.93},{"type":"B","date":"2018-04-24T02:00:38.000Z","volume":39000,"label":" ","price":1.93},{"type":"A","date":"2018-04-24T02:01:55.000Z","volume":20000,"label":" ","price":1.94},{"type":"B","date":"2018-04-24T02:04:54.000Z","volume":13000,"label":" ","price":1.93},{"type":"B","date":"2018-04-24T02:05:00.000Z","volume":500,"label":" ","price":1.93},{"type":"A","date":"2018-04-24T02:05:34.000Z","volume":31500,"label":" ","price":1.94},{"type":"B","date":"2018-04-24T02:06:30.000Z","volume":20000,"label":" ","price":1.94},{"type":"B","date":"2018-04-24T02:06:30.000Z","volume":7000,"label":" ","price":1.93},{"type":"A","date":"2018-04-24T02:09:32.000Z","volume":5000,"label":" ","price":1.95},{"type":"A","date":"2018-04-24T02:12:57.000Z","volume":5000,"label":" ","price":1.95},{"type":"A","date":"2018-04-24T02:14:18.000Z","volume":48000,"label":" ","price":1.95},{"type":"B","date":"2018-04-24T02:15:48.000Z","volume":8500,"label":" ","price":1.95},{"type":"A","date":"2018-04-24T02:16:00.000Z","volume":14500,"label":" ","price":1.95},{"type":"A","date":"2018-04-24T02:18:15.000Z","volume":5000,"label":" ","price":1.96},{"type":"A","date":"2018-04-24T02:20:54.000Z","volume":2500,"label":"Y","price":1.96},{"type":"A","date":"2018-04-24T02:20:54.000Z","volume":500,"label":" ","price":1.96},{"type":"B","date":"2018-04-24T02:22:44.000Z","volume":10000,"label":" ","price":1.95},{"type":"A","date":"2018-04-24T02:30:24.000Z","volume":5000,"label":" ","price":1.96},{"type":"B","date":"2018-04-24T02:34:16.000Z","volume":50000,"label":" ","price":1.95},{"type":"B","date":"2018-04-24T02:35:38.000Z","volume":500,"label":" ","price":1.95},{"type":"A","date":"2018-04-24T02:35:40.000Z","volume":10000,"label":"Y","price":1.96},{"type":"B","date":"2018-04-24T02:36:42.000Z","volume":22000,"label":" ","price":1.95},{"type":"B","date":"2018-04-24T02:37:19.000Z","volume":70000,"label":" ","price":1.95},{"type":"B","date":"2018-04-24T02:37:25.000Z","volume":1000,"label":" ","price":1.95},{"type":"A","date":"2018-04-24T02:37:29.000Z","volume":19000,"label":" ","price":1.95},{"type":"A","date":"2018-04-24T02:38:33.000Z","volume":10000,"label":" ","price":1.95},{"type":"A","date":"2018-04-24T02:38:34.000Z","volume":10000,"label":" ","price":1.96},{"type":"B","date":"2018-04-24T02:39:31.000Z","volume":25000,"label":" ","price":1.95},{"type":"A","date":"2018-04-24T02:47:17.000Z","volume":35000,"label":" ","price":1.95},{"type":"B","date":"2018-04-24T02:48:11.000Z","volume":15000,"label":" ","price":1.95},{"type":"B","date":"2018-04-24T02:50:29.000Z","volume":2000,"label":" ","price":1.95},{"type":"B","date":"2018-04-24T02:57:24.000Z","volume":15000,"label":" ","price":1.94},{"type":"B","date":"2018-04-24T02:58:09.000Z","volume":63000,"label":" ","price":1.94},{"type":"B","date":"2018-04-24T02:58:20.000Z","volume":10000,"label":" ","price":1.94},{"type":"B","date":"2018-04-24T02:59:31.000Z","volume":18000,"label":" ","price":1.94},{"type":"A","date":"2018-04-24T03:00:16.000Z","volume":32000,"label":" ","price":1.94},{"type":"B","date":"2018-04-24T03:00:54.000Z","volume":10000,"label":" ","price":1.93},{"type":"B","date":"2018-04-24T03:01:50.000Z","volume":10000,"label":" ","price":1.93},{"type":"B","date":"2018-04-24T03:03:16.000Z","volume":30000,"label":" ","price":1.93},{"type":"A","date":"2018-04-24T03:05:23.000Z","volume":32000,"label":" ","price":1.94},{"type":"B","date":"2018-04-24T03:07:05.000Z","volume":20000,"label":" ","price":1.93},{"type":"A","date":"2018-04-24T03:08:19.000Z","volume":50000,"label":" ","price":1.94},{"type":"A","date":"2018-04-24T03:09:11.000Z","volume":18000,"label":" ","price":1.94},{"type":"A","date":"2018-04-24T03:11:33.000Z","volume":2500,"label":" ","price":1.94},{"type":"A","date":"2018-04-24T03:11:58.000Z","volume":10000,"label":" ","price":1.94},{"type":"A","date":"2018-04-24T03:12:07.000Z","volume":10000,"label":" ","price":1.94},{"type":"A","date":"2018-04-24T03:12:11.000Z","volume":6000,"label":" ","price":1.94},{"type":"A","date":"2018-04-24T03:12:44.000Z","volume":22500,"label":" ","price":1.94},{"type":"B","date":"2018-04-24T03:15:19.000Z","volume":18500,"label":" ","price":1.94},{"type":"A","date":"2018-04-24T03:15:44.000Z","volume":1000,"label":" ","price":1.94},{"type":"A","date":"2018-04-24T03:16:23.000Z","volume":500,"label":" ","price":1.94},{"type":"B","date":"2018-04-24T03:16:30.000Z","volume":17000,"label":" ","price":1.94},{"type":"B","date":"2018-04-24T03:17:08.000Z","volume":10000,"label":" ","price":1.94},{"type":"B","date":"2018-04-24T03:17:23.000Z","volume":22500,"label":" ","price":1.94},{"type":"B","date":"2018-04-24T03:20:23.000Z","volume":30000,"label":" ","price":1.93},{"type":"A","date":"2018-04-24T03:22:08.000Z","volume":10000,"label":" ","price":1.94},{"type":"B","date":"2018-04-24T03:23:05.000Z","volume":10000,"label":" ","price":1.93},{"type":"B","date":"2018-04-24T03:26:55.000Z","volume":20000,"label":" ","price":1.93},{"type":"B","date":"2018-04-24T03:27:02.000Z","volume":30000,"label":" ","price":1.93},{"type":"B","date":"2018-04-24T03:30:15.000Z","volume":20000,"label":" ","price":1.93},{"type":"B","date":"2018-04-24T03:31:45.000Z","volume":20000,"label":" ","price":1.93},{"type":"B","date":"2018-04-24T03:37:00.000Z","volume":30000,"label":" ","price":1.93},{"type":"B","date":"2018-04-24T03:37:08.000Z","volume":5000,"label":" ","price":1.93},{"type":"A","date":"2018-04-24T03:38:53.000Z","volume":29000,"label":" ","price":1.94},{"type":"A","date":"2018-04-24T03:39:48.000Z","volume":2000,"label":"Y","price":1.94},{"type":"A","date":"2018-04-24T03:39:58.000Z","volume":12000,"label":" ","price":1.94},{"type":"A","date":"2018-04-24T03:40:17.000Z","volume":2000,"label":"Y","price":1.94},{"type":"A","date":"2018-04-24T03:40:35.000Z","volume":5000,"label":" ","price":1.94},{"type":"B","date":"2018-04-24T03:44:33.000Z","volume":5000,"label":" ","price":1.94},{"type":"B","date":"2018-04-24T03:46:58.000Z","volume":40000,"label":" ","price":1.93},{"type":"B","date":"2018-04-24T03:47:10.000Z","volume":30000,"label":" ","price":1.93},{"type":"B","date":"2018-04-24T03:47:20.000Z","volume":30000,"label":" ","price":1.93},{"type":"A","date":"2018-04-24T03:49:10.000Z","volume":20000,"label":" ","price":1.93},{"type":"A","date":"2018-04-24T03:51:08.000Z","volume":2000,"label":" ","price":1.93},{"type":"B","date":"2018-04-24T03:51:55.000Z","volume":20000,"label":" ","price":1.92},{"type":"A","date":"2018-04-24T03:51:58.000Z","volume":10000,"label":" ","price":1.93},{"type":"A","date":"2018-04-24T03:52:07.000Z","volume":10000,"label":" ","price":1.93},{"type":"B","date":"2018-04-24T03:52:44.000Z","volume":20000,"label":" ","price":1.93},{"type":"A","date":"2018-04-24T03:56:05.000Z","volume":17000,"label":" ","price":1.93},{"type":"A","date":"2018-04-24T03:56:05.000Z","volume":2000,"label":" ","price":1.93},{"type":"B","date":"2018-04-24T03:56:57.000Z","volume":10000,"label":" ","price":1.92},{"type":"B","date":"2018-04-24T03:57:05.000Z","volume":1000,"label":" ","price":1.92},{"type":"B","date":"2018-04-24T03:57:11.000Z","volume":2500,"label":" ","price":1.92},{"type":"A","date":"2018-04-24T05:03:25.000Z","volume":1500,"label":" ","price":1.94},{"type":"A","date":"2018-04-24T05:10:37.000Z","volume":43500,"label":" ","price":1.94},{"type":"B","date":"2018-04-24T05:10:37.000Z","volume":6500,"label":" ","price":1.94},{"type":"A","date":"2018-04-24T05:10:37.000Z","volume":500,"label":" ","price":1.95},{"type":"A","date":"2018-04-24T05:13:26.000Z","volume":10000,"label":" ","price":1.94},{"type":"A","date":"2018-04-24T05:13:26.000Z","volume":500,"label":" ","price":1.94},{"type":"A","date":"2018-04-24T05:13:42.000Z","volume":10000,"label":" ","price":1.94},{"type":"A","date":"2018-04-24T05:13:45.000Z","volume":10000,"label":" ","price":1.94},{"type":"B","date":"2018-04-24T05:14:39.000Z","volume":2000,"label":" ","price":1.93},{"type":"A","date":"2018-04-24T05:15:14.000Z","volume":9500,"label":" ","price":1.94},{"type":"B","date":"2018-04-24T05:25:55.000Z","volume":10000,"label":" ","price":1.94},{"type":"A","date":"2018-04-24T05:26:52.000Z","volume":500,"label":" ","price":1.95},{"type":"A","date":"2018-04-24T05:27:48.000Z","volume":10000,"label":" ","price":1.95},{"type":"B","date":"2018-04-24T05:33:45.000Z","volume":10000,"label":" ","price":1.94},{"type":"A","date":"2018-04-24T05:37:31.000Z","volume":500,"label":" ","price":1.95},{"type":"A","date":"2018-04-24T05:39:52.000Z","volume":60000,"label":" ","price":1.95},{"type":"B","date":"2018-04-24T05:44:01.000Z","volume":16000,"label":" ","price":1.94},{"type":"A","date":"2018-04-24T05:47:10.000Z","volume":500,"label":" ","price":1.95},{"type":"B","date":"2018-04-24T05:47:21.000Z","volume":20000,"label":" ","price":1.94},{"type":"A","date":"2018-04-24T05:47:22.000Z","volume":5000,"label":" ","price":1.95},{"type":"B","date":"2018-04-24T06:00:00.000Z","volume":10000,"label":" ","price":1.94},{"type":"B","date":"2018-04-24T06:01:31.000Z","volume":3000,"label":" ","price":1.94},{"type":"A","date":"2018-04-24T06:07:27.000Z","volume":500,"label":" ","price":1.95},{"type":"B","date":"2018-04-24T06:08:33.000Z","volume":2000,"label":"Y","price":1.94},{"type":"A","date":"2018-04-24T06:09:02.000Z","volume":5000,"label":" ","price":1.95},{"type":"A","date":"2018-04-24T06:16:52.000Z","volume":5000,"label":" ","price":1.95},{"type":"A","date":"2018-04-24T06:17:05.000Z","volume":500,"label":" ","price":1.95},{"type":"A","date":"2018-04-24T06:23:45.000Z","volume":2000,"label":" ","price":1.95},{"type":"A","date":"2018-04-24T06:23:56.000Z","volume":20000,"label":" ","price":1.95},{"type":"A","date":"2018-04-24T06:23:58.000Z","volume":2000,"label":" ","price":1.95},{"type":"A","date":"2018-04-24T06:24:04.000Z","volume":1500,"label":" ","price":1.95},{"type":"A","date":"2018-04-24T06:24:11.000Z","volume":1500,"label":" ","price":1.95},{"type":"A","date":"2018-04-24T06:24:23.000Z","volume":1000,"label":" ","price":1.95},{"type":"A","date":"2018-04-24T06:24:31.000Z","volume":2000,"label":" ","price":1.95},{"type":"B","date":"2018-04-24T06:26:09.000Z","volume":3000,"label":" ","price":1.94},{"type":"B","date":"2018-04-24T06:26:40.000Z","volume":37000,"label":" ","price":1.94},{"type":"A","date":"2018-04-24T06:26:40.000Z","volume":500,"label":" ","price":1.95},{"type":"A","date":"2018-04-24T06:27:58.000Z","volume":18000,"label":" ","price":1.95},{"type":"A","date":"2018-04-24T06:28:02.000Z","volume":2000,"label":" ","price":1.95},{"type":"A","date":"2018-04-24T06:30:30.000Z","volume":3000,"label":" ","price":1.95},{"type":"B","date":"2018-04-24T06:31:38.000Z","volume":2000,"label":" ","price":1.94},{"type":"A","date":"2018-04-24T06:34:58.000Z","volume":2000,"label":" ","price":1.95},{"type":"A","date":"2018-04-24T06:35:50.000Z","volume":500,"label":" ","price":1.95},{"type":"A","date":"2018-04-24T06:36:08.000Z","volume":30000,"label":" ","price":1.95},{"type":"A","date":"2018-04-24T06:37:59.000Z","volume":3000,"label":" ","price":1.95},{"type":"A","date":"2018-04-24T06:38:16.000Z","volume":16000,"label":" ","price":1.95},{"type":"A","date":"2018-04-24T06:38:32.000Z","volume":8000,"label":" ","price":1.95},{"type":"A","date":"2018-04-24T06:38:52.000Z","volume":10000,"label":" ","price":1.95},{"type":"A","date":"2018-04-24T06:38:52.000Z","volume":15000,"label":" ","price":1.95},{"type":"A","date":"2018-04-24T06:38:52.000Z","volume":50500,"label":" ","price":1.95},{"type":"B","date":"2018-04-24T06:39:04.000Z","volume":14500,"label":" ","price":1.95},{"type":"A","date":"2018-04-24T06:39:39.000Z","volume":1000,"label":" ","price":1.95},{"type":"A","date":"2018-04-24T06:39:51.000Z","volume":8500,"label":" ","price":1.95},{"type":"B","date":"2018-04-24T06:42:04.000Z","volume":1000,"label":"Y","price":1.95},{"type":"B","date":"2018-04-24T06:42:04.000Z","volume":11500,"label":" ","price":1.95},{"type":"A","date":"2018-04-24T06:42:47.000Z","volume":4000,"label":" ","price":1.95},{"type":"A","date":"2018-04-24T06:42:54.000Z","volume":5000,"label":" ","price":1.95},{"type":"A","date":"2018-04-24T06:42:54.000Z","volume":18500,"label":" ","price":1.95},{"type":"A","date":"2018-04-24T06:42:54.000Z","volume":23500,"label":" ","price":1.96},{"type":"A","date":"2018-04-24T06:46:36.000Z","volume":11000,"label":" ","price":1.96},{"type":"B","date":"2018-04-24T06:50:59.000Z","volume":10000,"label":" ","price":1.95},{"type":"B","date":"2018-04-24T07:00:39.000Z","volume":9000,"label":" ","price":1.95},{"type":"B","date":"2018-04-24T07:01:14.000Z","volume":16000,"label":" ","price":1.95},{"type":"B","date":"2018-04-24T07:01:48.000Z","volume":10000,"label":" ","price":1.95},{"type":"B","date":"2018-04-24T07:04:30.000Z","volume":1000,"label":" ","price":1.95},{"type":"B","date":"2018-04-24T07:04:55.000Z","volume":10000,"label":" ","price":1.95},{"type":"A","date":"2018-04-24T07:08:01.000Z","volume":188000,"label":"Y","price":1.96},{"type":"A","date":"2018-04-24T07:08:01.000Z","volume":294000,"label":" ","price":1.96},{"type":"A","date":"2018-04-24T07:08:09.000Z","volume":10000,"label":" ","price":1.97},{"type":"A","date":"2018-04-24T07:11:45.000Z","volume":12000,"label":" ","price":1.98},{"type":"A","date":"2018-04-24T07:12:45.000Z","volume":2000,"label":" ","price":1.98},{"type":"A","date":"2018-04-24T07:14:26.000Z","volume":1000,"label":" ","price":1.98},{"type":"A","date":"2018-04-24T07:14:29.000Z","volume":20000,"label":" ","price":1.98},{"type":"A","date":"2018-04-24T07:16:12.000Z","volume":24000,"label":" ","price":1.98},{"type":"B","date":"2018-04-24T07:19:40.000Z","volume":5000,"label":" ","price":1.97},{"type":"A","date":"2018-04-24T07:20:42.000Z","volume":30000,"label":" ","price":1.98},{"type":"A","date":"2018-04-24T07:20:53.000Z","volume":7500,"label":" ","price":1.98},{"type":"B","date":"2018-04-24T07:22:46.000Z","volume":40500,"label":" ","price":1.98},{"type":"A","date":"2018-04-24T07:23:08.000Z","volume":5000,"label":" ","price":1.98},{"type":"A","date":"2018-04-24T07:23:46.000Z","volume":4500,"label":" ","price":1.98},{"type":"B","date":"2018-04-24T07:25:12.000Z","volume":10000,"label":" ","price":1.98},{"type":"B","date":"2018-04-24T07:28:47.000Z","volume":6000,"label":" ","price":1.98},{"type":"A","date":"2018-04-24T07:29:50.000Z","volume":100000,"label":" ","price":1.99},{"type":"A","date":"2018-04-24T07:31:08.000Z","volume":4000,"label":" ","price":2},{"type":"A","date":"2018-04-24T07:31:43.000Z","volume":40000,"label":" ","price":2},{"type":"A","date":"2018-04-24T07:31:53.000Z","volume":10000,"label":" ","price":2},{"type":"A","date":"2018-04-24T07:31:53.000Z","volume":5000,"label":" ","price":2},{"type":"A","date":"2018-04-24T07:32:16.000Z","volume":15000,"label":" ","price":2},{"type":"A","date":"2018-04-24T07:33:16.000Z","volume":10000,"label":" ","price":2},{"type":"A","date":"2018-04-24T07:33:32.000Z","volume":2500,"label":" ","price":2},{"type":"A","date":"2018-04-24T07:33:34.000Z","volume":20000,"label":" ","price":2},{"type":"A","date":"2018-04-24T07:33:36.000Z","volume":48000,"label":" ","price":2},{"type":"A","date":"2018-04-24T07:33:41.000Z","volume":10000,"label":" ","price":2},{"type":"A","date":"2018-04-24T07:33:46.000Z","volume":5000,"label":" ","price":2},{"type":"A","date":"2018-04-24T07:33:48.000Z","volume":500,"label":" ","price":2},{"type":"A","date":"2018-04-24T07:33:53.000Z","volume":500,"label":" ","price":2},{"type":"A","date":"2018-04-24T07:33:56.000Z","volume":1000,"label":" ","price":2},{"type":"A","date":"2018-04-24T07:33:57.000Z","volume":4000,"label":" ","price":2},{"type":"A","date":"2018-04-24T07:34:54.000Z","volume":30000,"label":" ","price":2.01},{"type":"B","date":"2018-04-24T07:35:03.000Z","volume":50000,"label":" ","price":2},{"type":"A","date":"2018-04-24T07:35:05.000Z","volume":6000,"label":" ","price":2.01},{"type":"B","date":"2018-04-24T07:35:32.000Z","volume":12500,"label":" ","price":2},{"type":"A","date":"2018-04-24T07:35:32.000Z","volume":15000,"label":" ","price":2},{"type":"A","date":"2018-04-24T07:36:31.000Z","volume":52500,"label":" ","price":2},{"type":"B","date":"2018-04-24T07:37:08.000Z","volume":50000,"label":" ","price":2},{"type":"B","date":"2018-04-24T07:37:14.000Z","volume":43000,"label":" ","price":2},{"type":"A","date":"2018-04-24T07:37:33.000Z","volume":2500,"label":" ","price":2},{"type":"A","date":"2018-04-24T07:38:06.000Z","volume":4500,"label":" ","price":2},{"type":"A","date":"2018-04-24T07:38:24.000Z","volume":13500,"label":" ","price":2},{"type":"A","date":"2018-04-24T07:38:42.000Z","volume":15000,"label":" ","price":2},{"type":"A","date":"2018-04-24T07:38:46.000Z","volume":4000,"label":" ","price":2},{"type":"B","date":"2018-04-24T07:39:50.000Z","volume":2000,"label":" ","price":1.99},{"type":"A","date":"2018-04-24T07:44:05.000Z","volume":20000,"label":" ","price":2},{"type":"A","date":"2018-04-24T07:44:24.000Z","volume":20000,"label":" ","price":2},{"type":"A","date":"2018-04-24T07:45:32.000Z","volume":40000,"label":" ","price":2},{"type":"A","date":"2018-04-24T07:46:17.000Z","volume":10000,"label":" ","price":2},{"type":"A","date":"2018-04-24T07:46:35.000Z","volume":10000,"label":" ","price":2},{"type":"B","date":"2018-04-24T07:47:48.000Z","volume":1000,"label":" ","price":1.99},{"type":"A","date":"2018-04-24T07:47:52.000Z","volume":69500,"label":" ","price":2},{"type":"B","date":"2018-04-24T07:48:24.000Z","volume":49500,"label":" ","price":2},{"type":"A","date":"2018-04-24T07:48:37.000Z","volume":10500,"label":" ","price":2},{"type":"B","date":"2018-04-24T07:49:15.000Z","volume":43000,"label":" ","price":2},{"type":"A","date":"2018-04-24T07:49:25.000Z","volume":7000,"label":" ","price":2},{"type":"A","date":"2018-04-24T07:49:40.000Z","volume":4000,"label":" ","price":2.01},{"type":"A","date":"2018-04-24T07:51:46.000Z","volume":10000,"label":" ","price":2.01},{"type":"A","date":"2018-04-24T07:52:16.000Z","volume":1500,"label":" ","price":2.01},{"type":"A","date":"2018-04-24T07:53:07.000Z","volume":10000,"label":" ","price":2.01},{"type":"A","date":"2018-04-24T07:53:52.000Z","volume":2000,"label":" ","price":2.01},{"type":"B","date":"2018-04-24T07:54:30.000Z","volume":7500,"label":" ","price":2},{"type":"B","date":"2018-04-24T07:54:51.000Z","volume":2000,"label":" ","price":2},{"type":"A","date":"2018-04-24T07:54:52.000Z","volume":100000,"label":" ","price":2.01},{"type":"B","date":"2018-04-24T07:55:47.000Z","volume":2000,"label":" ","price":2},{"type":"B","date":"2018-04-24T07:56:22.000Z","volume":5000,"label":" ","price":2},{"type":"A","date":"2018-04-24T07:57:57.000Z","volume":500,"label":" ","price":2.01},{"type":"A","date":"2018-04-24T07:58:12.000Z","volume":4000,"label":" ","price":2.01},{"type":"A","date":"2018-04-24T07:59:04.000Z","volume":4000,"label":" ","price":2.01},{"type":"A","date":"2018-04-24T07:59:15.000Z","volume":4500,"label":" ","price":2.01},{"type":"A","date":"2018-04-24T07:59:27.000Z","volume":4000,"label":"Y","price":2.01},{"type":"A","date":"2018-04-24T07:59:31.000Z","volume":4500,"label":" ","price":2.01},{"type":"A","date":"2018-04-24T07:59:35.000Z","volume":1500,"label":" ","price":2.01},{"type":"B","date":"2018-04-24T07:59:54.000Z","volume":20500,"label":" ","price":2}]