[{"type":"A","date":"2018-04-26T01:30:23.000Z","volume":20000,"label":" ","price":0.425},{"type":"B","date":"2018-04-26T01:36:16.000Z","volume":10000,"label":"Y","price":0.42},{"type":"B","date":"2018-04-26T01:36:16.000Z","volume":10000,"label":" ","price":0.42},{"type":"B","date":"2018-04-26T01:36:33.000Z","volume":10000,"label":" ","price":0.42},{"type":"B","date":"2018-04-26T01:36:37.000Z","volume":10000,"label":" ","price":0.42},{"type":"B","date":"2018-04-26T01:46:33.000Z","volume":100000,"label":" ","price":0.415},{"type":"A","date":"2018-04-26T01:48:55.000Z","volume":10000,"label":" ","price":0.415},{"type":"B","date":"2018-04-26T01:52:45.000Z","volume":80000,"label":" ","price":0.41},{"type":"B","date":"2018-04-26T01:53:28.000Z","volume":40000,"label":" ","price":0.41},{"type":"B","date":"2018-04-26T01:54:46.000Z","volume":120000,"label":" ","price":0.405},{"type":"B","date":"2018-04-26T01:55:11.000Z","volume":50000,"label":" ","price":0.4},{"type":"B","date":"2018-04-26T01:55:17.000Z","volume":40000,"label":" ","price":0.405},{"type":"A","date":"2018-04-26T01:55:19.000Z","volume":10000,"label":" ","price":0.405},{"type":"B","date":"2018-04-26T01:55:21.000Z","volume":20000,"label":" ","price":0.405},{"type":"B","date":"2018-04-26T01:55:21.000Z","volume":10000,"label":"Y","price":0.4},{"type":"B","date":"2018-04-26T01:55:21.000Z","volume":60000,"label":" ","price":0.4},{"type":"A","date":"2018-04-26T01:55:23.000Z","volume":80000,"label":" ","price":0.4},{"type":"A","date":"2018-04-26T01:55:27.000Z","volume":20000,"label":" ","price":0.4},{"type":"A","date":"2018-04-26T01:55:31.000Z","volume":40000,"label":" ","price":0.4},{"type":"A","date":"2018-04-26T01:55:35.000Z","volume":40000,"label":" ","price":0.4},{"type":"A","date":"2018-04-26T01:55:41.000Z","volume":50000,"label":" ","price":0.405},{"type":"B","date":"2018-04-26T01:56:04.000Z","volume":10000,"label":" ","price":0.4},{"type":"A","date":"2018-04-26T01:56:05.000Z","volume":20000,"label":" ","price":0.4},{"type":"A","date":"2018-04-26T01:56:09.000Z","volume":40000,"label":" ","price":0.4},{"type":"A","date":"2018-04-26T01:56:31.000Z","volume":20000,"label":" ","price":0.4},{"type":"B","date":"2018-04-26T01:57:31.000Z","volume":10000,"label":" ","price":0.395},{"type":"B","date":"2018-04-26T01:57:32.000Z","volume":90000,"label":" ","price":0.395},{"type":"B","date":"2018-04-26T01:57:43.000Z","volume":10000,"label":" ","price":0.39},{"type":"A","date":"2018-04-26T01:58:06.000Z","volume":60000,"label":" ","price":0.395},{"type":"B","date":"2018-04-26T02:00:36.000Z","volume":20000,"label":" ","price":0.395},{"type":"B","date":"2018-04-26T02:00:41.000Z","volume":20000,"label":" ","price":0.395},{"type":"B","date":"2018-04-26T02:00:41.000Z","volume":70000,"label":" ","price":0.39},{"type":"A","date":"2018-04-26T02:00:41.000Z","volume":10000,"label":" ","price":0.39},{"type":"B","date":"2018-04-26T02:00:50.000Z","volume":10000,"label":" ","price":0.395},{"type":"B","date":"2018-04-26T02:01:04.000Z","volume":50000,"label":" ","price":0.395},{"type":"B","date":"2018-04-26T02:01:49.000Z","volume":40000,"label":" ","price":0.395},{"type":"A","date":"2018-04-26T02:01:57.000Z","volume":40000,"label":" ","price":0.395},{"type":"B","date":"2018-04-26T02:02:07.000Z","volume":10000,"label":" ","price":0.395},{"type":"B","date":"2018-04-26T02:02:07.000Z","volume":50000,"label":"Y","price":0.39},{"type":"B","date":"2018-04-26T02:02:07.000Z","volume":80000,"label":" ","price":0.39},{"type":"B","date":"2018-04-26T02:02:07.000Z","volume":70000,"label":"Y","price":0.385},{"type":"B","date":"2018-04-26T02:02:07.000Z","volume":170000,"label":" ","price":0.38},{"type":"B","date":"2018-04-26T02:02:07.000Z","volume":20000,"label":" ","price":0.375},{"type":"B","date":"2018-04-26T02:02:07.000Z","volume":20000,"label":"Y","price":0.36},{"type":"B","date":"2018-04-26T02:02:07.000Z","volume":180000,"label":" ","price":0.36},{"type":"B","date":"2018-04-26T02:02:07.000Z","volume":40000,"label":" ","price":0.355},{"type":"B","date":"2018-04-26T02:02:54.000Z","volume":20000,"label":" ","price":0.365},{"type":"B","date":"2018-04-26T02:03:22.000Z","volume":10000,"label":" ","price":0.365},{"type":"B","date":"2018-04-26T02:04:09.000Z","volume":60000,"label":" ","price":0.37},{"type":"A","date":"2018-04-26T02:04:12.000Z","volume":50000,"label":" ","price":0.37},{"type":"A","date":"2018-04-26T02:04:14.000Z","volume":40000,"label":" ","price":0.37},{"type":"A","date":"2018-04-26T02:04:46.000Z","volume":120000,"label":" ","price":0.385},{"type":"A","date":"2018-04-26T02:05:07.000Z","volume":30000,"label":" ","price":0.39},{"type":"B","date":"2018-04-26T02:05:16.000Z","volume":480000,"label":" ","price":0.385},{"type":"A","date":"2018-04-26T02:05:19.000Z","volume":50000,"label":" ","price":0.385},{"type":"A","date":"2018-04-26T02:05:33.000Z","volume":10000,"label":" ","price":0.39},{"type":"A","date":"2018-04-26T02:05:48.000Z","volume":110000,"label":" ","price":0.39},{"type":"B","date":"2018-04-26T02:06:09.000Z","volume":10000,"label":" ","price":0.39},{"type":"B","date":"2018-04-26T02:06:20.000Z","volume":40000,"label":" ","price":0.39},{"type":"B","date":"2018-04-26T02:06:30.000Z","volume":10000,"label":" ","price":0.39},{"type":"B","date":"2018-04-26T02:06:50.000Z","volume":10000,"label":" ","price":0.39},{"type":"A","date":"2018-04-26T02:06:52.000Z","volume":50000,"label":" ","price":0.395},{"type":"B","date":"2018-04-26T02:07:31.000Z","volume":20000,"label":" ","price":0.39},{"type":"A","date":"2018-04-26T02:07:54.000Z","volume":20000,"label":" ","price":0.395},{"type":"B","date":"2018-04-26T02:07:57.000Z","volume":30000,"label":" ","price":0.395},{"type":"A","date":"2018-04-26T02:08:00.000Z","volume":10000,"label":" ","price":0.395},{"type":"B","date":"2018-04-26T02:09:17.000Z","volume":270000,"label":" ","price":0.39},{"type":"A","date":"2018-04-26T02:13:04.000Z","volume":180000,"label":" ","price":0.39},{"type":"A","date":"2018-04-26T02:14:31.000Z","volume":160000,"label":" ","price":0.39},{"type":"B","date":"2018-04-26T02:15:44.000Z","volume":140000,"label":" ","price":0.39},{"type":"A","date":"2018-04-26T02:15:55.000Z","volume":60000,"label":" ","price":0.39},{"type":"A","date":"2018-04-26T02:16:25.000Z","volume":230000,"label":" ","price":0.39},{"type":"B","date":"2018-04-26T02:16:25.000Z","volume":20000,"label":" ","price":0.385},{"type":"B","date":"2018-04-26T02:16:42.000Z","volume":10000,"label":" ","price":0.385},{"type":"B","date":"2018-04-26T02:16:43.000Z","volume":40000,"label":" ","price":0.385},{"type":"B","date":"2018-04-26T02:16:49.000Z","volume":40000,"label":" ","price":0.385},{"type":"B","date":"2018-04-26T02:16:50.000Z","volume":10000,"label":" ","price":0.385},{"type":"B","date":"2018-04-26T02:17:04.000Z","volume":10000,"label":" ","price":0.385},{"type":"B","date":"2018-04-26T02:17:05.000Z","volume":10000,"label":" ","price":0.38},{"type":"B","date":"2018-04-26T02:17:27.000Z","volume":20000,"label":" ","price":0.38},{"type":"B","date":"2018-04-26T02:18:47.000Z","volume":10000,"label":" ","price":0.385},{"type":"U","date":"2018-04-26T02:19:03.000Z","volume":60,"label":"D","price":0.365},{"type":"A","date":"2018-04-26T02:20:28.000Z","volume":200000,"label":" ","price":0.39},{"type":"A","date":"2018-04-26T02:21:30.000Z","volume":20000,"label":" ","price":0.39},{"type":"A","date":"2018-04-26T02:24:22.000Z","volume":100000,"label":" ","price":0.39},{"type":"B","date":"2018-04-26T02:28:53.000Z","volume":100000,"label":" ","price":0.385},{"type":"B","date":"2018-04-26T02:29:06.000Z","volume":10000,"label":" ","price":0.385},{"type":"A","date":"2018-04-26T02:29:21.000Z","volume":40000,"label":" ","price":0.385},{"type":"A","date":"2018-04-26T02:29:29.000Z","volume":20000,"label":" ","price":0.385},{"type":"B","date":"2018-04-26T02:31:56.000Z","volume":100000,"label":" ","price":0.38},{"type":"A","date":"2018-04-26T02:31:57.000Z","volume":100000,"label":" ","price":0.385},{"type":"B","date":"2018-04-26T02:32:15.000Z","volume":30000,"label":" ","price":0.38},{"type":"B","date":"2018-04-26T02:32:33.000Z","volume":100000,"label":" ","price":0.38},{"type":"B","date":"2018-04-26T02:32:39.000Z","volume":80000,"label":" ","price":0.38},{"type":"B","date":"2018-04-26T02:33:50.000Z","volume":40000,"label":" ","price":0.38},{"type":"B","date":"2018-04-26T02:34:43.000Z","volume":30000,"label":" ","price":0.38},{"type":"B","date":"2018-04-26T02:35:26.000Z","volume":20000,"label":"Y","price":0.385},{"type":"B","date":"2018-04-26T02:37:20.000Z","volume":50000,"label":" ","price":0.385},{"type":"B","date":"2018-04-26T02:37:25.000Z","volume":20000,"label":" ","price":0.385},{"type":"A","date":"2018-04-26T02:37:29.000Z","volume":140000,"label":" ","price":0.39},{"type":"B","date":"2018-04-26T02:37:31.000Z","volume":40000,"label":" ","price":0.385},{"type":"A","date":"2018-04-26T02:39:37.000Z","volume":160000,"label":" ","price":0.39},{"type":"A","date":"2018-04-26T02:40:03.000Z","volume":200000,"label":" ","price":0.395},{"type":"A","date":"2018-04-26T02:46:04.000Z","volume":100000,"label":" ","price":0.4},{"type":"A","date":"2018-04-26T02:46:12.000Z","volume":90000,"label":" ","price":0.4},{"type":"A","date":"2018-04-26T02:46:12.000Z","volume":180000,"label":" ","price":0.4},{"type":"B","date":"2018-04-26T02:46:45.000Z","volume":10000,"label":" ","price":0.4},{"type":"A","date":"2018-04-26T02:52:48.000Z","volume":120000,"label":" ","price":0.405},{"type":"B","date":"2018-04-26T02:52:57.000Z","volume":20000,"label":" ","price":0.405},{"type":"B","date":"2018-04-26T02:53:05.000Z","volume":60000,"label":" ","price":0.405},{"type":"B","date":"2018-04-26T03:04:15.000Z","volume":40000,"label":" ","price":0.405},{"type":"B","date":"2018-04-26T03:04:21.000Z","volume":40000,"label":" ","price":0.405},{"type":"B","date":"2018-04-26T03:04:58.000Z","volume":10000,"label":" ","price":0.405},{"type":"B","date":"2018-04-26T03:07:54.000Z","volume":400000,"label":" ","price":0.4},{"type":"B","date":"2018-04-26T03:07:54.000Z","volume":20000,"label":" ","price":0.4},{"type":"B","date":"2018-04-26T03:07:54.000Z","volume":60000,"label":" ","price":0.4},{"type":"B","date":"2018-04-26T03:08:25.000Z","volume":20000,"label":" ","price":0.395},{"type":"B","date":"2018-04-26T03:10:26.000Z","volume":10000,"label":" ","price":0.4},{"type":"B","date":"2018-04-26T03:11:50.000Z","volume":30000,"label":" ","price":0.4},{"type":"A","date":"2018-04-26T03:20:35.000Z","volume":30000,"label":" ","price":0.4},{"type":"B","date":"2018-04-26T03:25:16.000Z","volume":180000,"label":" ","price":0.395},{"type":"B","date":"2018-04-26T03:25:16.000Z","volume":20000,"label":" ","price":0.395},{"type":"A","date":"2018-04-26T03:26:09.000Z","volume":40000,"label":" ","price":0.395},{"type":"A","date":"2018-04-26T03:27:19.000Z","volume":40000,"label":" ","price":0.395},{"type":"B","date":"2018-04-26T03:30:34.000Z","volume":100000,"label":" ","price":0.39},{"type":"B","date":"2018-04-26T03:32:29.000Z","volume":20000,"label":" ","price":0.395},{"type":"B","date":"2018-04-26T03:32:40.000Z","volume":20000,"label":" ","price":0.39},{"type":"A","date":"2018-04-26T03:33:40.000Z","volume":30000,"label":" ","price":0.395},{"type":"B","date":"2018-04-26T03:41:40.000Z","volume":300000,"label":" ","price":0.39},{"type":"B","date":"2018-04-26T03:41:40.000Z","volume":200000,"label":" ","price":0.385},{"type":"B","date":"2018-04-26T03:42:16.000Z","volume":150000,"label":" ","price":0.385},{"type":"A","date":"2018-04-26T03:42:21.000Z","volume":40000,"label":" ","price":0.385},{"type":"A","date":"2018-04-26T03:42:22.000Z","volume":60000,"label":" ","price":0.385},{"type":"A","date":"2018-04-26T03:42:22.000Z","volume":50000,"label":" ","price":0.385},{"type":"A","date":"2018-04-26T03:45:04.000Z","volume":10000,"label":" ","price":0.39},{"type":"A","date":"2018-04-26T03:45:58.000Z","volume":20000,"label":" ","price":0.385},{"type":"A","date":"2018-04-26T03:46:17.000Z","volume":40000,"label":" ","price":0.385},{"type":"A","date":"2018-04-26T03:48:33.000Z","volume":80000,"label":" ","price":0.39},{"type":"B","date":"2018-04-26T03:57:40.000Z","volume":50000,"label":" ","price":0.385},{"type":"B","date":"2018-04-26T03:57:40.000Z","volume":10000,"label":" ","price":0.385},{"type":"B","date":"2018-04-26T03:58:35.000Z","volume":30000,"label":" ","price":0.385},{"type":"A","date":"2018-04-26T03:58:44.000Z","volume":40000,"label":" ","price":0.39},{"type":"B","date":"2018-04-26T05:00:00.000Z","volume":10000,"label":" ","price":0.385},{"type":"B","date":"2018-04-26T05:00:00.000Z","volume":110000,"label":" ","price":0.38},{"type":"B","date":"2018-04-26T05:02:34.000Z","volume":10000,"label":" ","price":0.385},{"type":"A","date":"2018-04-26T05:04:22.000Z","volume":180000,"label":" ","price":0.385},{"type":"A","date":"2018-04-26T05:04:22.000Z","volume":20000,"label":" ","price":0.385},{"type":"B","date":"2018-04-26T05:13:01.000Z","volume":90000,"label":" ","price":0.38},{"type":"A","date":"2018-04-26T05:19:55.000Z","volume":10000,"label":" ","price":0.385},{"type":"A","date":"2018-04-26T05:22:19.000Z","volume":10000,"label":" ","price":0.385},{"type":"B","date":"2018-04-26T05:29:16.000Z","volume":160000,"label":" ","price":0.385},{"type":"B","date":"2018-04-26T05:31:14.000Z","volume":100000,"label":" ","price":0.38},{"type":"B","date":"2018-04-26T05:32:53.000Z","volume":210000,"label":" ","price":0.38},{"type":"A","date":"2018-04-26T05:34:16.000Z","volume":150000,"label":" ","price":0.39},{"type":"A","date":"2018-04-26T05:34:16.000Z","volume":20000,"label":" ","price":0.39},{"type":"A","date":"2018-04-26T05:34:16.000Z","volume":20000,"label":" ","price":0.39},{"type":"B","date":"2018-04-26T05:56:12.000Z","volume":250000,"label":" ","price":0.385},{"type":"A","date":"2018-04-26T06:01:19.000Z","volume":90000,"label":" ","price":0.385},{"type":"B","date":"2018-04-26T06:06:41.000Z","volume":10000,"label":" ","price":0.385},{"type":"B","date":"2018-04-26T06:10:32.000Z","volume":90000,"label":" ","price":0.385},{"type":"B","date":"2018-04-26T06:10:32.000Z","volume":310000,"label":" ","price":0.38},{"type":"B","date":"2018-04-26T06:10:32.000Z","volume":200000,"label":" ","price":0.375},{"type":"B","date":"2018-04-26T06:10:32.000Z","volume":270000,"label":" ","price":0.37},{"type":"B","date":"2018-04-26T06:10:32.000Z","volume":130000,"label":" ","price":0.37},{"type":"B","date":"2018-04-26T06:11:24.000Z","volume":240000,"label":" ","price":0.37},{"type":"B","date":"2018-04-26T06:11:24.000Z","volume":20000,"label":" ","price":0.37},{"type":"B","date":"2018-04-26T06:12:16.000Z","volume":100000,"label":" ","price":0.37},{"type":"B","date":"2018-04-26T06:12:57.000Z","volume":20000,"label":" ","price":0.37},{"type":"B","date":"2018-04-26T06:16:53.000Z","volume":50000,"label":" ","price":0.37},{"type":"A","date":"2018-04-26T06:17:20.000Z","volume":30000,"label":" ","price":0.375},{"type":"B","date":"2018-04-26T06:19:40.000Z","volume":250000,"label":" ","price":0.37},{"type":"B","date":"2018-04-26T06:20:39.000Z","volume":240000,"label":" ","price":0.365},{"type":"B","date":"2018-04-26T06:20:39.000Z","volume":20000,"label":"Y","price":0.36},{"type":"B","date":"2018-04-26T06:20:39.000Z","volume":420000,"label":" ","price":0.36},{"type":"A","date":"2018-04-26T06:20:42.000Z","volume":150000,"label":" ","price":0.37},{"type":"B","date":"2018-04-26T06:20:49.000Z","volume":20000,"label":" ","price":0.37},{"type":"B","date":"2018-04-26T06:20:49.000Z","volume":120000,"label":" ","price":0.37},{"type":"B","date":"2018-04-26T06:20:52.000Z","volume":210000,"label":" ","price":0.37},{"type":"A","date":"2018-04-26T06:20:56.000Z","volume":50000,"label":" ","price":0.37},{"type":"A","date":"2018-04-26T06:22:00.000Z","volume":100000,"label":" ","price":0.37},{"type":"A","date":"2018-04-26T06:24:15.000Z","volume":90000,"label":" ","price":0.37},{"type":"A","date":"2018-04-26T06:25:22.000Z","volume":100000,"label":" ","price":0.37},{"type":"A","date":"2018-04-26T06:26:14.000Z","volume":10000,"label":" ","price":0.37},{"type":"A","date":"2018-04-26T06:28:00.000Z","volume":200000,"label":" ","price":0.37},{"type":"A","date":"2018-04-26T06:31:26.000Z","volume":10000,"label":" ","price":0.37},{"type":"A","date":"2018-04-26T06:33:46.000Z","volume":180000,"label":" ","price":0.37},{"type":"A","date":"2018-04-26T06:37:14.000Z","volume":200000,"label":" ","price":0.37},{"type":"A","date":"2018-04-26T06:37:36.000Z","volume":200000,"label":" ","price":0.37},{"type":"A","date":"2018-04-26T06:37:56.000Z","volume":50000,"label":" ","price":0.365},{"type":"A","date":"2018-04-26T06:37:56.000Z","volume":10000,"label":" ","price":0.365},{"type":"A","date":"2018-04-26T06:38:03.000Z","volume":10000,"label":" ","price":0.365},{"type":"A","date":"2018-04-26T06:39:15.000Z","volume":200000,"label":" ","price":0.37},{"type":"A","date":"2018-04-26T06:39:15.000Z","volume":20000,"label":" ","price":0.37},{"type":"A","date":"2018-04-26T06:40:44.000Z","volume":10000,"label":" ","price":0.37},{"type":"A","date":"2018-04-26T06:40:53.000Z","volume":20000,"label":" ","price":0.37},{"type":"A","date":"2018-04-26T06:40:53.000Z","volume":10000,"label":" ","price":0.37},{"type":"B","date":"2018-04-26T06:42:43.000Z","volume":50000,"label":" ","price":0.37},{"type":"A","date":"2018-04-26T06:44:14.000Z","volume":250000,"label":" ","price":0.37},{"type":"B","date":"2018-04-26T06:44:50.000Z","volume":500000,"label":" ","price":0.37},{"type":"A","date":"2018-04-26T06:46:32.000Z","volume":410000,"label":" ","price":0.37},{"type":"A","date":"2018-04-26T06:46:32.000Z","volume":20000,"label":" ","price":0.37},{"type":"A","date":"2018-04-26T06:47:00.000Z","volume":10000,"label":" ","price":0.37},{"type":"A","date":"2018-04-26T06:48:37.000Z","volume":100000,"label":" ","price":0.37},{"type":"A","date":"2018-04-26T06:51:11.000Z","volume":500000,"label":" ","price":0.37},{"type":"A","date":"2018-04-26T06:51:11.000Z","volume":260000,"label":" ","price":0.375},{"type":"A","date":"2018-04-26T06:51:11.000Z","volume":140000,"label":" ","price":0.38},{"type":"B","date":"2018-04-26T06:51:11.000Z","volume":100000,"label":" ","price":0.38},{"type":"A","date":"2018-04-26T06:58:37.000Z","volume":60000,"label":" ","price":0.38},{"type":"A","date":"2018-04-26T06:58:37.000Z","volume":340000,"label":" ","price":0.385},{"type":"B","date":"2018-04-26T06:58:37.000Z","volume":100000,"label":" ","price":0.385},{"type":"B","date":"2018-04-26T06:58:38.000Z","volume":100000,"label":" ","price":0.385},{"type":"B","date":"2018-04-26T06:58:39.000Z","volume":30000,"label":" ","price":0.385},{"type":"B","date":"2018-04-26T06:58:39.000Z","volume":80000,"label":" ","price":0.385},{"type":"B","date":"2018-04-26T06:58:42.000Z","volume":60000,"label":" ","price":0.385},{"type":"B","date":"2018-04-26T06:58:43.000Z","volume":50000,"label":" ","price":0.385},{"type":"B","date":"2018-04-26T06:58:47.000Z","volume":60000,"label":" ","price":0.385},{"type":"B","date":"2018-04-26T06:58:51.000Z","volume":40000,"label":" ","price":0.385},{"type":"B","date":"2018-04-26T06:58:53.000Z","volume":80000,"label":" ","price":0.385},{"type":"A","date":"2018-04-26T07:02:10.000Z","volume":180000,"label":" ","price":0.385},{"type":"A","date":"2018-04-26T07:02:10.000Z","volume":690000,"label":" ","price":0.39},{"type":"B","date":"2018-04-26T07:02:14.000Z","volume":40000,"label":" ","price":0.39},{"type":"B","date":"2018-04-26T07:02:15.000Z","volume":40000,"label":" ","price":0.39},{"type":"B","date":"2018-04-26T07:02:21.000Z","volume":40000,"label":" ","price":0.39},{"type":"B","date":"2018-04-26T07:02:22.000Z","volume":10000,"label":" ","price":0.39},{"type":"A","date":"2018-04-26T07:04:49.000Z","volume":20000,"label":" ","price":0.385},{"type":"A","date":"2018-04-26T07:04:49.000Z","volume":490000,"label":" ","price":0.39},{"type":"B","date":"2018-04-26T07:05:31.000Z","volume":490000,"label":" ","price":0.39},{"type":"B","date":"2018-04-26T07:06:11.000Z","volume":200000,"label":" ","price":0.38},{"type":"B","date":"2018-04-26T07:10:50.000Z","volume":20000,"label":" ","price":0.385},{"type":"B","date":"2018-04-26T07:11:14.000Z","volume":50000,"label":"Y","price":0.385},{"type":"B","date":"2018-04-26T07:11:14.000Z","volume":50000,"label":" ","price":0.385},{"type":"B","date":"2018-04-26T07:11:29.000Z","volume":50000,"label":" ","price":0.385},{"type":"A","date":"2018-04-26T07:11:53.000Z","volume":210000,"label":" ","price":0.39},{"type":"B","date":"2018-04-26T07:13:20.000Z","volume":790000,"label":" ","price":0.39},{"type":"B","date":"2018-04-26T07:20:33.000Z","volume":210000,"label":" ","price":0.39},{"type":"A","date":"2018-04-26T07:22:20.000Z","volume":500000,"label":" ","price":0.395},{"type":"A","date":"2018-04-26T07:23:05.000Z","volume":100000,"label":" ","price":0.395},{"type":"A","date":"2018-04-26T07:23:44.000Z","volume":60000,"label":" ","price":0.395},{"type":"A","date":"2018-04-26T07:24:23.000Z","volume":50000,"label":" ","price":0.395},{"type":"B","date":"2018-04-26T07:26:16.000Z","volume":90000,"label":" ","price":0.395},{"type":"U","date":"2018-04-26T07:26:17.000Z","volume":450,"label":"D","price":0.38},{"type":"A","date":"2018-04-26T07:26:37.000Z","volume":190000,"label":" ","price":0.4},{"type":"A","date":"2018-04-26T07:27:59.000Z","volume":170000,"label":" ","price":0.4},{"type":"A","date":"2018-04-26T07:27:59.000Z","volume":640000,"label":" ","price":0.405},{"type":"B","date":"2018-04-26T07:28:04.000Z","volume":70000,"label":" ","price":0.405},{"type":"B","date":"2018-04-26T07:28:14.000Z","volume":120000,"label":" ","price":0.405},{"type":"A","date":"2018-04-26T07:30:28.000Z","volume":10000,"label":" ","price":0.405},{"type":"A","date":"2018-04-26T07:31:55.000Z","volume":20000,"label":" ","price":0.405},{"type":"B","date":"2018-04-26T07:35:07.000Z","volume":40000,"label":" ","price":0.4},{"type":"A","date":"2018-04-26T07:35:08.000Z","volume":60000,"label":" ","price":0.4},{"type":"A","date":"2018-04-26T07:35:08.000Z","volume":250000,"label":" ","price":0.405},{"type":"A","date":"2018-04-26T07:35:08.000Z","volume":370000,"label":" ","price":0.41},{"type":"B","date":"2018-04-26T07:35:10.000Z","volume":20000,"label":" ","price":0.41},{"type":"B","date":"2018-04-26T07:35:22.000Z","volume":300000,"label":" ","price":0.41},{"type":"A","date":"2018-04-26T07:37:30.000Z","volume":10000,"label":" ","price":0.41},{"type":"A","date":"2018-04-26T07:37:52.000Z","volume":190000,"label":" ","price":0.41},{"type":"B","date":"2018-04-26T07:38:35.000Z","volume":800000,"label":" ","price":0.41},{"type":"B","date":"2018-04-26T07:38:37.000Z","volume":10000,"label":" ","price":0.41},{"type":"A","date":"2018-04-26T07:42:30.000Z","volume":20000,"label":" ","price":0.41},{"type":"B","date":"2018-04-26T07:45:55.000Z","volume":10000,"label":"Y","price":0.4},{"type":"B","date":"2018-04-26T07:45:55.000Z","volume":10000,"label":" ","price":0.4},{"type":"A","date":"2018-04-26T07:49:57.000Z","volume":240000,"label":" ","price":0.41},{"type":"B","date":"2018-04-26T07:50:50.000Z","volume":60000,"label":" ","price":0.41},{"type":"B","date":"2018-04-26T07:52:22.000Z","volume":430000,"label":" ","price":0.41},{"type":"B","date":"2018-04-26T07:52:24.000Z","volume":270000,"label":" ","price":0.41},{"type":"B","date":"2018-04-26T07:55:44.000Z","volume":60000,"label":" ","price":0.41},{"type":"A","date":"2018-04-26T07:58:22.000Z","volume":10000,"label":" ","price":0.415},{"type":"B","date":"2018-04-26T07:58:56.000Z","volume":300000,"label":" ","price":0.41},{"type":"B","date":"2018-04-26T07:59:07.000Z","volume":230000,"label":" ","price":0.41},{"type":"B","date":"2018-04-26T07:59:53.000Z","volume":90000,"label":" ","price":0.41}]