[{"type":"U","date":"2018-04-24T01:05:01.000Z","volume":22000,"label":"P","price":7.361},{"type":"A","date":"2018-04-24T01:30:00.000Z","volume":4000,"label":" ","price":7.35},{"type":"A","date":"2018-04-24T01:30:00.000Z","volume":2000,"label":" ","price":7.35},{"type":"A","date":"2018-04-24T01:30:01.000Z","volume":2000,"label":" ","price":7.35},{"type":"A","date":"2018-04-24T01:30:04.000Z","volume":10000,"label":" ","price":7.4},{"type":"A","date":"2018-04-24T01:30:04.000Z","volume":4000,"label":" ","price":7.43},{"type":"A","date":"2018-04-24T01:30:04.000Z","volume":26000,"label":" ","price":7.4},{"type":"U","date":"2018-04-24T01:30:04.000Z","volume":4000,"label":" ","price":7.39},{"type":"B","date":"2018-04-24T01:30:04.000Z","volume":6000,"label":" ","price":7.36},{"type":"B","date":"2018-04-24T01:30:04.000Z","volume":8000,"label":" ","price":7.32},{"type":"B","date":"2018-04-24T01:30:04.000Z","volume":16000,"label":" ","price":7.32},{"type":"A","date":"2018-04-24T01:30:05.000Z","volume":2000,"label":" ","price":7.39},{"type":"A","date":"2018-04-24T01:30:05.000Z","volume":4000,"label":" ","price":7.39},{"type":"A","date":"2018-04-24T01:30:05.000Z","volume":2000,"label":" ","price":7.39},{"type":"A","date":"2018-04-24T01:30:05.000Z","volume":14000,"label":" ","price":7.39},{"type":"A","date":"2018-04-24T01:30:08.000Z","volume":4000,"label":" ","price":7.4},{"type":"A","date":"2018-04-24T01:30:10.000Z","volume":8000,"label":" ","price":7.4},{"type":"A","date":"2018-04-24T01:30:10.000Z","volume":2000,"label":" ","price":7.41},{"type":"A","date":"2018-04-24T01:30:20.000Z","volume":2000,"label":" ","price":7.42},{"type":"A","date":"2018-04-24T01:30:22.000Z","volume":2000,"label":" ","price":7.42},{"type":"A","date":"2018-04-24T01:30:25.000Z","volume":2000,"label":" ","price":7.42},{"type":"A","date":"2018-04-24T01:30:32.000Z","volume":2000,"label":" ","price":7.42},{"type":"A","date":"2018-04-24T01:30:37.000Z","volume":2000,"label":" ","price":7.42},{"type":"A","date":"2018-04-24T01:30:40.000Z","volume":2000,"label":" ","price":7.42},{"type":"A","date":"2018-04-24T01:30:40.000Z","volume":2000,"label":" ","price":7.42},{"type":"A","date":"2018-04-24T01:30:54.000Z","volume":4000,"label":"Y","price":7.4},{"type":"A","date":"2018-04-24T01:30:54.000Z","volume":2000,"label":" ","price":7.4},{"type":"A","date":"2018-04-24T01:30:54.000Z","volume":6000,"label":"Y","price":7.4},{"type":"A","date":"2018-04-24T01:30:55.000Z","volume":2000,"label":" ","price":7.42},{"type":"B","date":"2018-04-24T01:32:02.000Z","volume":26000,"label":" ","price":7.4},{"type":"A","date":"2018-04-24T01:32:23.000Z","volume":2000,"label":" ","price":7.42},{"type":"B","date":"2018-04-24T01:32:29.000Z","volume":16000,"label":" ","price":7.4},{"type":"B","date":"2018-04-24T01:32:29.000Z","volume":24000,"label":" ","price":7.4},{"type":"A","date":"2018-04-24T01:32:30.000Z","volume":8000,"label":" ","price":7.42},{"type":"U","date":"2018-04-24T01:32:44.000Z","volume":10000,"label":" ","price":7.41},{"type":"B","date":"2018-04-24T01:32:44.000Z","volume":34000,"label":" ","price":7.4},{"type":"B","date":"2018-04-24T01:32:44.000Z","volume":2000,"label":" ","price":7.39},{"type":"B","date":"2018-04-24T01:32:44.000Z","volume":2000,"label":" ","price":7.4},{"type":"B","date":"2018-04-24T01:32:44.000Z","volume":32000,"label":" ","price":7.4},{"type":"U","date":"2018-04-24T01:32:45.000Z","volume":4000,"label":" ","price":7.41},{"type":"B","date":"2018-04-24T01:32:46.000Z","volume":2000,"label":" ","price":7.4},{"type":"B","date":"2018-04-24T01:32:46.000Z","volume":20000,"label":" ","price":7.4},{"type":"B","date":"2018-04-24T01:32:46.000Z","volume":14000,"label":" ","price":7.4},{"type":"B","date":"2018-04-24T01:32:46.000Z","volume":34000,"label":" ","price":7.4},{"type":"B","date":"2018-04-24T01:32:46.000Z","volume":2000,"label":"Y","price":7.4},{"type":"B","date":"2018-04-24T01:32:46.000Z","volume":2000,"label":" ","price":7.4},{"type":"B","date":"2018-04-24T01:32:46.000Z","volume":34000,"label":" ","price":7.4},{"type":"B","date":"2018-04-24T01:32:46.000Z","volume":34000,"label":" ","price":7.4},{"type":"B","date":"2018-04-24T01:32:46.000Z","volume":4000,"label":" ","price":7.4},{"type":"B","date":"2018-04-24T01:32:46.000Z","volume":8000,"label":" ","price":7.4},{"type":"B","date":"2018-04-24T01:32:47.000Z","volume":34000,"label":" ","price":7.4},{"type":"B","date":"2018-04-24T01:32:47.000Z","volume":2000,"label":" ","price":7.4},{"type":"B","date":"2018-04-24T01:32:47.000Z","volume":34000,"label":" ","price":7.4},{"type":"A","date":"2018-04-24T01:32:49.000Z","volume":4000,"label":" ","price":7.41},{"type":"B","date":"2018-04-24T01:32:50.000Z","volume":40000,"label":" ","price":7.4},{"type":"B","date":"2018-04-24T01:32:50.000Z","volume":2000,"label":" ","price":7.4},{"type":"B","date":"2018-04-24T01:32:50.000Z","volume":8000,"label":" ","price":7.4},{"type":"B","date":"2018-04-24T01:32:57.000Z","volume":4000,"label":" ","price":7.4},{"type":"B","date":"2018-04-24T01:32:57.000Z","volume":16000,"label":" ","price":7.4},{"type":"A","date":"2018-04-24T01:33:11.000Z","volume":4000,"label":" ","price":7.41},{"type":"B","date":"2018-04-24T01:33:14.000Z","volume":8000,"label":" ","price":7.4},{"type":"A","date":"2018-04-24T01:33:14.000Z","volume":2000,"label":" ","price":7.4},{"type":"B","date":"2018-04-24T01:33:31.000Z","volume":2000,"label":" ","price":7.4},{"type":"A","date":"2018-04-24T01:33:32.000Z","volume":4000,"label":" ","price":7.41},{"type":"A","date":"2018-04-24T01:33:34.000Z","volume":8000,"label":" ","price":7.41},{"type":"B","date":"2018-04-24T01:33:49.000Z","volume":16000,"label":" ","price":7.4},{"type":"B","date":"2018-04-24T01:33:58.000Z","volume":6000,"label":" ","price":7.4},{"type":"B","date":"2018-04-24T01:33:58.000Z","volume":8000,"label":" ","price":7.39},{"type":"U","date":"2018-04-24T01:34:03.000Z","volume":2000,"label":" ","price":7.37},{"type":"A","date":"2018-04-24T01:35:48.000Z","volume":34000,"label":" ","price":7.38},{"type":"A","date":"2018-04-24T01:35:48.000Z","volume":2000,"label":" ","price":7.39},{"type":"B","date":"2018-04-24T01:36:00.000Z","volume":6000,"label":" ","price":7.38},{"type":"A","date":"2018-04-24T01:36:34.000Z","volume":20000,"label":" ","price":7.39},{"type":"U","date":"2018-04-24T01:36:34.000Z","volume":4000,"label":" ","price":7.39},{"type":"B","date":"2018-04-24T01:37:08.000Z","volume":10000,"label":" ","price":7.38},{"type":"B","date":"2018-04-24T01:37:47.000Z","volume":4000,"label":" ","price":7.39},{"type":"A","date":"2018-04-24T01:38:07.000Z","volume":2000,"label":" ","price":7.39},{"type":"A","date":"2018-04-24T01:38:07.000Z","volume":4000,"label":" ","price":7.39},{"type":"A","date":"2018-04-24T01:38:07.000Z","volume":16000,"label":" ","price":7.39},{"type":"A","date":"2018-04-24T01:38:19.000Z","volume":4000,"label":" ","price":7.39},{"type":"A","date":"2018-04-24T01:38:19.000Z","volume":6000,"label":" ","price":7.39},{"type":"U","date":"2018-04-24T01:38:22.000Z","volume":10000,"label":" ","price":7.38},{"type":"U","date":"2018-04-24T01:38:25.000Z","volume":4000,"label":" ","price":7.38},{"type":"U","date":"2018-04-24T01:39:03.000Z","volume":10000,"label":" ","price":7.39},{"type":"U","date":"2018-04-24T01:39:07.000Z","volume":12000,"label":" ","price":7.39},{"type":"U","date":"2018-04-24T01:39:07.000Z","volume":22000,"label":" ","price":7.39},{"type":"A","date":"2018-04-24T01:39:07.000Z","volume":10000,"label":" ","price":7.39},{"type":"B","date":"2018-04-24T01:39:13.000Z","volume":4000,"label":" ","price":7.39},{"type":"B","date":"2018-04-24T01:39:13.000Z","volume":8000,"label":" ","price":7.39},{"type":"U","date":"2018-04-24T01:39:16.000Z","volume":4000,"label":" ","price":7.39},{"type":"U","date":"2018-04-24T01:39:17.000Z","volume":6000,"label":" ","price":7.39},{"type":"A","date":"2018-04-24T01:40:21.000Z","volume":2000,"label":" ","price":7.4},{"type":"A","date":"2018-04-24T01:41:35.000Z","volume":26000,"label":" ","price":7.4},{"type":"B","date":"2018-04-24T01:41:52.000Z","volume":2000,"label":"Y","price":7.38},{"type":"B","date":"2018-04-24T01:41:52.000Z","volume":16000,"label":" ","price":7.38},{"type":"B","date":"2018-04-24T01:41:52.000Z","volume":18000,"label":" ","price":7.38},{"type":"B","date":"2018-04-24T01:41:52.000Z","volume":14000,"label":" ","price":7.38},{"type":"A","date":"2018-04-24T01:41:59.000Z","volume":10000,"label":" ","price":7.39},{"type":"A","date":"2018-04-24T01:41:59.000Z","volume":6000,"label":" ","price":7.39},{"type":"A","date":"2018-04-24T01:41:59.000Z","volume":10000,"label":" ","price":7.39},{"type":"A","date":"2018-04-24T01:41:59.000Z","volume":22000,"label":" ","price":7.39},{"type":"B","date":"2018-04-24T01:42:17.000Z","volume":18000,"label":" ","price":7.38},{"type":"B","date":"2018-04-24T01:42:17.000Z","volume":32000,"label":" ","price":7.38},{"type":"U","date":"2018-04-24T01:42:30.000Z","volume":8000,"label":" ","price":7.39},{"type":"A","date":"2018-04-24T01:42:52.000Z","volume":22000,"label":" ","price":7.4},{"type":"U","date":"2018-04-24T01:42:52.000Z","volume":42000,"label":" ","price":7.39},{"type":"U","date":"2018-04-24T01:42:52.000Z","volume":4000,"label":" ","price":7.4},{"type":"A","date":"2018-04-24T01:42:55.000Z","volume":12000,"label":" ","price":7.41},{"type":"A","date":"2018-04-24T01:43:00.000Z","volume":4000,"label":" ","price":7.41},{"type":"A","date":"2018-04-24T01:43:01.000Z","volume":2000,"label":" ","price":7.41},{"type":"A","date":"2018-04-24T01:43:01.000Z","volume":18000,"label":" ","price":7.41},{"type":"B","date":"2018-04-24T01:43:04.000Z","volume":4000,"label":" ","price":7.4},{"type":"A","date":"2018-04-24T01:43:05.000Z","volume":4000,"label":" ","price":7.41},{"type":"B","date":"2018-04-24T01:43:05.000Z","volume":28000,"label":" ","price":7.39},{"type":"B","date":"2018-04-24T01:43:05.000Z","volume":2000,"label":" ","price":7.39},{"type":"U","date":"2018-04-24T01:43:05.000Z","volume":6000,"label":" ","price":7.4},{"type":"A","date":"2018-04-24T01:43:10.000Z","volume":6000,"label":" ","price":7.41},{"type":"A","date":"2018-04-24T01:43:15.000Z","volume":2000,"label":" ","price":7.41},{"type":"A","date":"2018-04-24T01:43:36.000Z","volume":12000,"label":" ","price":7.41},{"type":"A","date":"2018-04-24T01:43:40.000Z","volume":2000,"label":" ","price":7.41},{"type":"A","date":"2018-04-24T01:43:40.000Z","volume":6000,"label":" ","price":7.41},{"type":"A","date":"2018-04-24T01:43:40.000Z","volume":14000,"label":" ","price":7.42},{"type":"A","date":"2018-04-24T01:43:45.000Z","volume":6000,"label":" ","price":7.43},{"type":"A","date":"2018-04-24T01:44:36.000Z","volume":12000,"label":" ","price":7.42},{"type":"A","date":"2018-04-24T01:44:49.000Z","volume":20000,"label":" ","price":7.42},{"type":"A","date":"2018-04-24T01:44:49.000Z","volume":30000,"label":" ","price":7.43},{"type":"A","date":"2018-04-24T01:44:50.000Z","volume":8000,"label":" ","price":7.44},{"type":"A","date":"2018-04-24T01:44:54.000Z","volume":2000,"label":" ","price":7.44},{"type":"A","date":"2018-04-24T01:44:55.000Z","volume":2000,"label":" ","price":7.45},{"type":"A","date":"2018-04-24T01:45:00.000Z","volume":2000,"label":" ","price":7.45},{"type":"A","date":"2018-04-24T01:45:00.000Z","volume":4000,"label":" ","price":7.45},{"type":"A","date":"2018-04-24T01:45:00.000Z","volume":16000,"label":" ","price":7.45},{"type":"B","date":"2018-04-24T01:45:17.000Z","volume":8000,"label":" ","price":7.45},{"type":"A","date":"2018-04-24T01:45:51.000Z","volume":26000,"label":" ","price":7.46},{"type":"A","date":"2018-04-24T01:45:51.000Z","volume":74000,"label":" ","price":7.47},{"type":"A","date":"2018-04-24T01:45:51.000Z","volume":20000,"label":" ","price":7.48},{"type":"A","date":"2018-04-24T01:45:53.000Z","volume":2000,"label":" ","price":7.48},{"type":"A","date":"2018-04-24T01:45:55.000Z","volume":28000,"label":" ","price":7.48},{"type":"A","date":"2018-04-24T01:45:56.000Z","volume":4000,"label":" ","price":7.48},{"type":"A","date":"2018-04-24T01:46:00.000Z","volume":8000,"label":" ","price":7.49},{"type":"B","date":"2018-04-24T01:46:03.000Z","volume":18000,"label":" ","price":7.47},{"type":"U","date":"2018-04-24T01:46:03.000Z","volume":14000,"label":" ","price":7.47},{"type":"U","date":"2018-04-24T01:46:03.000Z","volume":2000,"label":" ","price":7.47},{"type":"B","date":"2018-04-24T01:46:06.000Z","volume":2000,"label":" ","price":7.45},{"type":"B","date":"2018-04-24T01:47:07.000Z","volume":10000,"label":" ","price":7.46},{"type":"B","date":"2018-04-24T01:47:07.000Z","volume":6000,"label":" ","price":7.46},{"type":"B","date":"2018-04-24T01:47:09.000Z","volume":2000,"label":" ","price":7.45},{"type":"B","date":"2018-04-24T01:47:09.000Z","volume":6000,"label":" ","price":7.45},{"type":"A","date":"2018-04-24T01:47:17.000Z","volume":20000,"label":" ","price":7.46},{"type":"A","date":"2018-04-24T01:47:33.000Z","volume":96000,"label":" ","price":7.47},{"type":"A","date":"2018-04-24T01:47:35.000Z","volume":6000,"label":" ","price":7.48},{"type":"A","date":"2018-04-24T01:47:35.000Z","volume":2000,"label":" ","price":7.49},{"type":"A","date":"2018-04-24T01:47:38.000Z","volume":16000,"label":" ","price":7.5},{"type":"A","date":"2018-04-24T01:47:45.000Z","volume":2000,"label":" ","price":7.5},{"type":"B","date":"2018-04-24T01:47:54.000Z","volume":20000,"label":" ","price":7.47},{"type":"A","date":"2018-04-24T01:47:55.000Z","volume":2000,"label":" ","price":7.49},{"type":"U","date":"2018-04-24T01:47:59.000Z","volume":2000,"label":" ","price":7.48},{"type":"A","date":"2018-04-24T01:48:00.000Z","volume":2000,"label":" ","price":7.49},{"type":"A","date":"2018-04-24T01:48:28.000Z","volume":46000,"label":" ","price":7.5},{"type":"A","date":"2018-04-24T01:48:28.000Z","volume":2000,"label":" ","price":7.51},{"type":"A","date":"2018-04-24T01:48:30.000Z","volume":10000,"label":" ","price":7.52},{"type":"B","date":"2018-04-24T01:48:32.000Z","volume":10000,"label":" ","price":7.5},{"type":"A","date":"2018-04-24T01:48:35.000Z","volume":6000,"label":" ","price":7.52},{"type":"A","date":"2018-04-24T01:48:36.000Z","volume":6000,"label":" ","price":7.52},{"type":"A","date":"2018-04-24T01:48:44.000Z","volume":8000,"label":" ","price":7.53},{"type":"A","date":"2018-04-24T01:48:45.000Z","volume":2000,"label":" ","price":7.53},{"type":"B","date":"2018-04-24T01:48:47.000Z","volume":10000,"label":" ","price":7.52},{"type":"B","date":"2018-04-24T01:48:48.000Z","volume":4000,"label":" ","price":7.52},{"type":"A","date":"2018-04-24T01:48:48.000Z","volume":6000,"label":" ","price":7.52},{"type":"B","date":"2018-04-24T01:48:48.000Z","volume":18000,"label":" ","price":7.51},{"type":"A","date":"2018-04-24T01:48:48.000Z","volume":14000,"label":" ","price":7.52},{"type":"A","date":"2018-04-24T01:48:51.000Z","volume":2000,"label":" ","price":7.52},{"type":"A","date":"2018-04-24T01:48:55.000Z","volume":2000,"label":" ","price":7.52},{"type":"A","date":"2018-04-24T01:48:57.000Z","volume":20000,"label":" ","price":7.52},{"type":"B","date":"2018-04-24T01:48:58.000Z","volume":76000,"label":" ","price":7.5},{"type":"U","date":"2018-04-24T01:48:58.000Z","volume":14000,"label":" ","price":7.51},{"type":"A","date":"2018-04-24T01:49:00.000Z","volume":6000,"label":" ","price":7.52},{"type":"A","date":"2018-04-24T01:49:01.000Z","volume":8000,"label":" ","price":7.52},{"type":"A","date":"2018-04-24T01:49:01.000Z","volume":36000,"label":" ","price":7.53},{"type":"A","date":"2018-04-24T01:49:03.000Z","volume":8000,"label":" ","price":7.52},{"type":"A","date":"2018-04-24T01:49:05.000Z","volume":8000,"label":" ","price":7.52},{"type":"A","date":"2018-04-24T01:49:10.000Z","volume":6000,"label":" ","price":7.52},{"type":"A","date":"2018-04-24T01:49:15.000Z","volume":2000,"label":" ","price":7.52},{"type":"A","date":"2018-04-24T01:49:40.000Z","volume":2000,"label":" ","price":7.52},{"type":"B","date":"2018-04-24T01:50:42.000Z","volume":6000,"label":" ","price":7.5},{"type":"A","date":"2018-04-24T01:50:42.000Z","volume":38000,"label":" ","price":7.51},{"type":"B","date":"2018-04-24T01:50:54.000Z","volume":20000,"label":" ","price":7.5},{"type":"B","date":"2018-04-24T01:51:01.000Z","volume":20000,"label":" ","price":7.5},{"type":"B","date":"2018-04-24T01:51:04.000Z","volume":6000,"label":" ","price":7.5},{"type":"B","date":"2018-04-24T01:51:05.000Z","volume":124000,"label":" ","price":7.5},{"type":"A","date":"2018-04-24T01:51:08.000Z","volume":8000,"label":" ","price":7.5},{"type":"A","date":"2018-04-24T01:51:10.000Z","volume":24000,"label":" ","price":7.5},{"type":"A","date":"2018-04-24T01:51:15.000Z","volume":8000,"label":" ","price":7.5},{"type":"A","date":"2018-04-24T01:51:20.000Z","volume":2000,"label":" ","price":7.5},{"type":"A","date":"2018-04-24T01:51:36.000Z","volume":2000,"label":" ","price":7.5},{"type":"A","date":"2018-04-24T01:51:55.000Z","volume":2000,"label":" ","price":7.5},{"type":"A","date":"2018-04-24T01:51:55.000Z","volume":2000,"label":" ","price":7.5},{"type":"A","date":"2018-04-24T01:51:58.000Z","volume":12000,"label":" ","price":7.5},{"type":"A","date":"2018-04-24T01:52:00.000Z","volume":6000,"label":" ","price":7.51},{"type":"A","date":"2018-04-24T01:52:02.000Z","volume":8000,"label":" ","price":7.51},{"type":"A","date":"2018-04-24T01:52:05.000Z","volume":2000,"label":" ","price":7.52},{"type":"A","date":"2018-04-24T01:52:34.000Z","volume":2000,"label":" ","price":7.52},{"type":"A","date":"2018-04-24T01:52:35.000Z","volume":2000,"label":" ","price":7.52},{"type":"A","date":"2018-04-24T01:52:41.000Z","volume":6000,"label":" ","price":7.52},{"type":"A","date":"2018-04-24T01:53:39.000Z","volume":50000,"label":" ","price":7.52},{"type":"A","date":"2018-04-24T01:53:41.000Z","volume":12000,"label":" ","price":7.52},{"type":"B","date":"2018-04-24T01:53:53.000Z","volume":30000,"label":" ","price":7.51},{"type":"A","date":"2018-04-24T01:53:54.000Z","volume":120000,"label":" ","price":7.52},{"type":"A","date":"2018-04-24T01:53:55.000Z","volume":10000,"label":" ","price":7.52},{"type":"A","date":"2018-04-24T01:54:00.000Z","volume":12000,"label":" ","price":7.53},{"type":"A","date":"2018-04-24T01:54:02.000Z","volume":2000,"label":" ","price":7.54},{"type":"A","date":"2018-04-24T01:54:02.000Z","volume":18000,"label":" ","price":7.54},{"type":"A","date":"2018-04-24T01:54:05.000Z","volume":2000,"label":" ","price":7.55},{"type":"A","date":"2018-04-24T01:54:05.000Z","volume":58000,"label":" ","price":7.55},{"type":"A","date":"2018-04-24T01:54:10.000Z","volume":10000,"label":" ","price":7.56},{"type":"A","date":"2018-04-24T01:54:14.000Z","volume":6000,"label":" ","price":7.56},{"type":"A","date":"2018-04-24T01:54:17.000Z","volume":8000,"label":" ","price":7.57},{"type":"A","date":"2018-04-24T01:54:20.000Z","volume":4000,"label":" ","price":7.58},{"type":"A","date":"2018-04-24T01:54:28.000Z","volume":6000,"label":" ","price":7.58},{"type":"A","date":"2018-04-24T01:54:30.000Z","volume":2000,"label":" ","price":7.59},{"type":"A","date":"2018-04-24T01:54:30.000Z","volume":6000,"label":" ","price":7.59},{"type":"A","date":"2018-04-24T01:54:33.000Z","volume":4000,"label":" ","price":7.59},{"type":"A","date":"2018-04-24T01:54:35.000Z","volume":4000,"label":" ","price":7.59},{"type":"U","date":"2018-04-24T01:54:36.000Z","volume":2000,"label":" ","price":7.58},{"type":"U","date":"2018-04-24T01:54:36.000Z","volume":6000,"label":" ","price":7.58},{"type":"U","date":"2018-04-24T01:54:36.000Z","volume":4000,"label":" ","price":7.58},{"type":"A","date":"2018-04-24T01:54:42.000Z","volume":2000,"label":"Y","price":7.57},{"type":"A","date":"2018-04-24T01:54:46.000Z","volume":10000,"label":" ","price":7.57},{"type":"A","date":"2018-04-24T01:54:46.000Z","volume":10000,"label":" ","price":7.57},{"type":"B","date":"2018-04-24T01:54:49.000Z","volume":14000,"label":" ","price":7.56},{"type":"B","date":"2018-04-24T01:54:49.000Z","volume":10000,"label":" ","price":7.56},{"type":"A","date":"2018-04-24T01:55:00.000Z","volume":4000,"label":" ","price":7.57},{"type":"A","date":"2018-04-24T01:55:19.000Z","volume":10000,"label":" ","price":7.57},{"type":"A","date":"2018-04-24T01:55:19.000Z","volume":8000,"label":"Y","price":7.57},{"type":"A","date":"2018-04-24T01:55:19.000Z","volume":24000,"label":" ","price":7.57},{"type":"A","date":"2018-04-24T01:55:28.000Z","volume":10000,"label":" ","price":7.58},{"type":"A","date":"2018-04-24T01:55:30.000Z","volume":4000,"label":" ","price":7.58},{"type":"A","date":"2018-04-24T01:55:30.000Z","volume":2000,"label":" ","price":7.58},{"type":"A","date":"2018-04-24T01:55:35.000Z","volume":2000,"label":" ","price":7.59},{"type":"A","date":"2018-04-24T01:55:35.000Z","volume":6000,"label":" ","price":7.59},{"type":"A","date":"2018-04-24T01:55:50.000Z","volume":2000,"label":" ","price":7.59},{"type":"A","date":"2018-04-24T01:56:12.000Z","volume":2000,"label":" ","price":7.59},{"type":"A","date":"2018-04-24T01:56:13.000Z","volume":36000,"label":" ","price":7.59},{"type":"A","date":"2018-04-24T01:56:13.000Z","volume":14000,"label":" ","price":7.59},{"type":"A","date":"2018-04-24T01:56:15.000Z","volume":4000,"label":" ","price":7.6},{"type":"A","date":"2018-04-24T01:56:15.000Z","volume":50000,"label":" ","price":7.6},{"type":"A","date":"2018-04-24T01:56:15.000Z","volume":84000,"label":" ","price":7.6},{"type":"A","date":"2018-04-24T01:56:20.000Z","volume":32000,"label":" ","price":7.61},{"type":"A","date":"2018-04-24T01:56:22.000Z","volume":8000,"label":" ","price":7.62},{"type":"A","date":"2018-04-24T01:56:25.000Z","volume":6000,"label":" ","price":7.63},{"type":"A","date":"2018-04-24T01:56:30.000Z","volume":2000,"label":" ","price":7.63},{"type":"A","date":"2018-04-24T01:56:35.000Z","volume":50000,"label":" ","price":7.63},{"type":"A","date":"2018-04-24T01:56:35.000Z","volume":6000,"label":" ","price":7.64},{"type":"A","date":"2018-04-24T01:56:40.000Z","volume":6000,"label":" ","price":7.64},{"type":"A","date":"2018-04-24T01:56:42.000Z","volume":10000,"label":" ","price":7.65},{"type":"A","date":"2018-04-24T01:56:44.000Z","volume":16000,"label":" ","price":7.65},{"type":"A","date":"2018-04-24T01:56:45.000Z","volume":4000,"label":" ","price":7.66},{"type":"B","date":"2018-04-24T01:56:47.000Z","volume":20000,"label":" ","price":7.65},{"type":"B","date":"2018-04-24T01:56:58.000Z","volume":4000,"label":" ","price":7.63},{"type":"B","date":"2018-04-24T01:56:58.000Z","volume":4000,"label":" ","price":7.63},{"type":"A","date":"2018-04-24T01:57:03.000Z","volume":12000,"label":"Y","price":7.64},{"type":"A","date":"2018-04-24T01:57:03.000Z","volume":10000,"label":" ","price":7.64},{"type":"A","date":"2018-04-24T01:57:06.000Z","volume":32000,"label":" ","price":7.64},{"type":"A","date":"2018-04-24T01:57:06.000Z","volume":12000,"label":" ","price":7.65},{"type":"B","date":"2018-04-24T01:57:08.000Z","volume":6000,"label":" ","price":7.63},{"type":"A","date":"2018-04-24T01:57:09.000Z","volume":28000,"label":" ","price":7.65},{"type":"A","date":"2018-04-24T01:57:09.000Z","volume":2000,"label":" ","price":7.65},{"type":"A","date":"2018-04-24T01:57:10.000Z","volume":10000,"label":" ","price":7.66},{"type":"A","date":"2018-04-24T01:57:12.000Z","volume":4000,"label":" ","price":7.66},{"type":"A","date":"2018-04-24T01:57:15.000Z","volume":4000,"label":" ","price":7.66},{"type":"A","date":"2018-04-24T01:57:19.000Z","volume":16000,"label":" ","price":7.66},{"type":"B","date":"2018-04-24T01:57:22.000Z","volume":2000,"label":" ","price":7.66},{"type":"A","date":"2018-04-24T01:57:29.000Z","volume":46000,"label":" ","price":7.67},{"type":"A","date":"2018-04-24T01:57:30.000Z","volume":2000,"label":" ","price":7.68},{"type":"A","date":"2018-04-24T01:57:32.000Z","volume":12000,"label":" ","price":7.69},{"type":"B","date":"2018-04-24T01:57:39.000Z","volume":2000,"label":" ","price":7.67},{"type":"A","date":"2018-04-24T01:57:45.000Z","volume":2000,"label":" ","price":7.68},{"type":"A","date":"2018-04-24T01:57:45.000Z","volume":2000,"label":" ","price":7.69},{"type":"U","date":"2018-04-24T01:57:45.000Z","volume":4000,"label":" ","price":7.68},{"type":"B","date":"2018-04-24T01:58:01.000Z","volume":2000,"label":" ","price":7.67},{"type":"A","date":"2018-04-24T01:58:08.000Z","volume":10000,"label":" ","price":7.68},{"type":"A","date":"2018-04-24T01:58:19.000Z","volume":12000,"label":" ","price":7.69},{"type":"A","date":"2018-04-24T01:58:20.000Z","volume":4000,"label":" ","price":7.69},{"type":"A","date":"2018-04-24T01:58:20.000Z","volume":8000,"label":" ","price":7.7},{"type":"A","date":"2018-04-24T01:58:20.000Z","volume":34000,"label":" ","price":7.7},{"type":"A","date":"2018-04-24T01:58:20.000Z","volume":2000,"label":" ","price":7.7},{"type":"A","date":"2018-04-24T01:58:20.000Z","volume":2000,"label":" ","price":7.7},{"type":"A","date":"2018-04-24T01:58:29.000Z","volume":40000,"label":" ","price":7.68},{"type":"A","date":"2018-04-24T01:58:43.000Z","volume":34000,"label":" ","price":7.68},{"type":"B","date":"2018-04-24T01:58:45.000Z","volume":10000,"label":" ","price":7.68},{"type":"B","date":"2018-04-24T01:58:52.000Z","volume":30000,"label":" ","price":7.68},{"type":"A","date":"2018-04-24T01:59:00.000Z","volume":50000,"label":" ","price":7.68},{"type":"A","date":"2018-04-24T01:59:11.000Z","volume":30000,"label":" ","price":7.68},{"type":"A","date":"2018-04-24T01:59:16.000Z","volume":50000,"label":" ","price":7.67},{"type":"A","date":"2018-04-24T01:59:18.000Z","volume":10000,"label":" ","price":7.67},{"type":"B","date":"2018-04-24T01:59:33.000Z","volume":2000,"label":" ","price":7.66},{"type":"B","date":"2018-04-24T01:59:38.000Z","volume":16000,"label":" ","price":7.66},{"type":"B","date":"2018-04-24T01:59:38.000Z","volume":10000,"label":" ","price":7.66},{"type":"B","date":"2018-04-24T01:59:38.000Z","volume":8000,"label":" ","price":7.66},{"type":"B","date":"2018-04-24T01:59:38.000Z","volume":2000,"label":" ","price":7.66},{"type":"B","date":"2018-04-24T01:59:53.000Z","volume":38000,"label":"Y","price":7.65},{"type":"B","date":"2018-04-24T01:59:53.000Z","volume":16000,"label":" ","price":7.65},{"type":"B","date":"2018-04-24T01:59:53.000Z","volume":6000,"label":" ","price":7.64},{"type":"B","date":"2018-04-24T01:59:54.000Z","volume":4000,"label":" ","price":7.64},{"type":"B","date":"2018-04-24T01:59:54.000Z","volume":4000,"label":" ","price":7.64},{"type":"B","date":"2018-04-24T01:59:54.000Z","volume":4000,"label":" ","price":7.64},{"type":"B","date":"2018-04-24T01:59:54.000Z","volume":4000,"label":" ","price":7.64},{"type":"B","date":"2018-04-24T01:59:54.000Z","volume":8000,"label":" ","price":7.64},{"type":"B","date":"2018-04-24T02:00:12.000Z","volume":2000,"label":" ","price":7.62},{"type":"B","date":"2018-04-24T02:00:19.000Z","volume":4000,"label":" ","price":7.62},{"type":"A","date":"2018-04-24T02:00:56.000Z","volume":2000,"label":"Y","price":7.6},{"type":"A","date":"2018-04-24T02:00:56.000Z","volume":2000,"label":" ","price":7.6},{"type":"B","date":"2018-04-24T02:00:57.000Z","volume":10000,"label":" ","price":7.59},{"type":"A","date":"2018-04-24T02:00:58.000Z","volume":14000,"label":" ","price":7.6},{"type":"A","date":"2018-04-24T02:01:04.000Z","volume":96000,"label":" ","price":7.6},{"type":"A","date":"2018-04-24T02:01:04.000Z","volume":4000,"label":" ","price":7.6},{"type":"A","date":"2018-04-24T02:01:04.000Z","volume":8000,"label":" ","price":7.61},{"type":"A","date":"2018-04-24T02:01:04.000Z","volume":8000,"label":" ","price":7.63},{"type":"B","date":"2018-04-24T02:01:23.000Z","volume":10000,"label":" ","price":7.61},{"type":"A","date":"2018-04-24T02:01:26.000Z","volume":22000,"label":" ","price":7.61},{"type":"A","date":"2018-04-24T02:01:44.000Z","volume":8000,"label":" ","price":7.63},{"type":"A","date":"2018-04-24T02:01:45.000Z","volume":22000,"label":" ","price":7.64},{"type":"B","date":"2018-04-24T02:02:50.000Z","volume":6000,"label":" ","price":7.63},{"type":"B","date":"2018-04-24T02:02:52.000Z","volume":6000,"label":" ","price":7.63},{"type":"B","date":"2018-04-24T02:02:52.000Z","volume":4000,"label":" ","price":7.63},{"type":"B","date":"2018-04-24T02:02:52.000Z","volume":6000,"label":" ","price":7.63},{"type":"A","date":"2018-04-24T02:03:05.000Z","volume":72000,"label":" ","price":7.64},{"type":"A","date":"2018-04-24T02:03:05.000Z","volume":8000,"label":"Y","price":7.65},{"type":"A","date":"2018-04-24T02:03:06.000Z","volume":10000,"label":" ","price":7.65},{"type":"U","date":"2018-04-24T02:03:11.000Z","volume":2000,"label":" ","price":7.64},{"type":"B","date":"2018-04-24T02:03:14.000Z","volume":10000,"label":" ","price":7.63},{"type":"B","date":"2018-04-24T02:03:14.000Z","volume":2000,"label":" ","price":7.63},{"type":"A","date":"2018-04-24T02:03:46.000Z","volume":8000,"label":" ","price":7.65},{"type":"A","date":"2018-04-24T02:03:46.000Z","volume":34000,"label":" ","price":7.65},{"type":"B","date":"2018-04-24T02:04:00.000Z","volume":32000,"label":" ","price":7.64},{"type":"B","date":"2018-04-24T02:04:00.000Z","volume":12000,"label":" ","price":7.63},{"type":"B","date":"2018-04-24T02:04:00.000Z","volume":2000,"label":" ","price":7.62},{"type":"B","date":"2018-04-24T02:04:00.000Z","volume":4000,"label":" ","price":7.61},{"type":"B","date":"2018-04-24T02:04:00.000Z","volume":4000,"label":" ","price":7.61},{"type":"B","date":"2018-04-24T02:04:00.000Z","volume":4000,"label":" ","price":7.61},{"type":"B","date":"2018-04-24T02:04:06.000Z","volume":6000,"label":" ","price":7.59},{"type":"A","date":"2018-04-24T02:04:30.000Z","volume":8000,"label":" ","price":7.6},{"type":"A","date":"2018-04-24T02:04:33.000Z","volume":18000,"label":" ","price":7.6},{"type":"A","date":"2018-04-24T02:04:46.000Z","volume":8000,"label":" ","price":7.61},{"type":"B","date":"2018-04-24T02:04:54.000Z","volume":20000,"label":"Y","price":7.61},{"type":"A","date":"2018-04-24T02:04:56.000Z","volume":6000,"label":" ","price":7.64},{"type":"A","date":"2018-04-24T02:05:53.000Z","volume":74000,"label":" ","price":7.64},{"type":"A","date":"2018-04-24T02:05:54.000Z","volume":68000,"label":" ","price":7.65},{"type":"A","date":"2018-04-24T02:06:05.000Z","volume":16000,"label":" ","price":7.66},{"type":"A","date":"2018-04-24T02:06:06.000Z","volume":6000,"label":" ","price":7.66},{"type":"A","date":"2018-04-24T02:06:15.000Z","volume":14000,"label":" ","price":7.66},{"type":"A","date":"2018-04-24T02:06:15.000Z","volume":64000,"label":" ","price":7.67},{"type":"A","date":"2018-04-24T02:06:16.000Z","volume":8000,"label":" ","price":7.68},{"type":"B","date":"2018-04-24T02:06:20.000Z","volume":4000,"label":" ","price":7.66},{"type":"B","date":"2018-04-24T02:06:23.000Z","volume":40000,"label":" ","price":7.66},{"type":"B","date":"2018-04-24T02:06:54.000Z","volume":14000,"label":" ","price":7.66},{"type":"B","date":"2018-04-24T02:07:02.000Z","volume":20000,"label":" ","price":7.65},{"type":"B","date":"2018-04-24T02:07:18.000Z","volume":18000,"label":" ","price":7.64},{"type":"B","date":"2018-04-24T02:07:18.000Z","volume":26000,"label":" ","price":7.64},{"type":"A","date":"2018-04-24T02:07:20.000Z","volume":8000,"label":" ","price":7.65},{"type":"B","date":"2018-04-24T02:08:44.000Z","volume":4000,"label":" ","price":7.63},{"type":"A","date":"2018-04-24T02:08:44.000Z","volume":6000,"label":" ","price":7.63},{"type":"B","date":"2018-04-24T02:08:57.000Z","volume":10000,"label":" ","price":7.62},{"type":"B","date":"2018-04-24T02:09:31.000Z","volume":2000,"label":" ","price":7.62},{"type":"B","date":"2018-04-24T02:09:31.000Z","volume":4000,"label":" ","price":7.62},{"type":"A","date":"2018-04-24T02:09:33.000Z","volume":6000,"label":"Y","price":7.62},{"type":"A","date":"2018-04-24T02:09:33.000Z","volume":6000,"label":" ","price":7.62},{"type":"A","date":"2018-04-24T02:09:37.000Z","volume":22000,"label":" ","price":7.62},{"type":"A","date":"2018-04-24T02:09:38.000Z","volume":8000,"label":" ","price":7.62},{"type":"A","date":"2018-04-24T02:09:48.000Z","volume":2000,"label":" ","price":7.62},{"type":"A","date":"2018-04-24T02:09:48.000Z","volume":6000,"label":" ","price":7.62},{"type":"A","date":"2018-04-24T02:10:40.000Z","volume":8000,"label":" ","price":7.63},{"type":"A","date":"2018-04-24T02:11:22.000Z","volume":18000,"label":" ","price":7.63},{"type":"A","date":"2018-04-24T02:11:28.000Z","volume":30000,"label":" ","price":7.63},{"type":"A","date":"2018-04-24T02:11:30.000Z","volume":8000,"label":" ","price":7.64},{"type":"A","date":"2018-04-24T02:11:43.000Z","volume":2000,"label":" ","price":7.64},{"type":"A","date":"2018-04-24T02:12:00.000Z","volume":8000,"label":" ","price":7.64},{"type":"B","date":"2018-04-24T02:12:20.000Z","volume":6000,"label":" ","price":7.64},{"type":"A","date":"2018-04-24T02:13:18.000Z","volume":32000,"label":" ","price":7.64},{"type":"B","date":"2018-04-24T02:14:06.000Z","volume":14000,"label":" ","price":7.63},{"type":"B","date":"2018-04-24T02:14:06.000Z","volume":16000,"label":" ","price":7.63},{"type":"B","date":"2018-04-24T02:14:41.000Z","volume":4000,"label":" ","price":7.63},{"type":"A","date":"2018-04-24T02:14:41.000Z","volume":12000,"label":" ","price":7.63},{"type":"B","date":"2018-04-24T02:14:48.000Z","volume":2000,"label":" ","price":7.62},{"type":"B","date":"2018-04-24T02:15:02.000Z","volume":14000,"label":"Y","price":7.61},{"type":"B","date":"2018-04-24T02:15:03.000Z","volume":16000,"label":"Y","price":7.61},{"type":"A","date":"2018-04-24T02:15:41.000Z","volume":10000,"label":" ","price":7.62},{"type":"A","date":"2018-04-24T02:15:44.000Z","volume":20000,"label":" ","price":7.62},{"type":"A","date":"2018-04-24T02:15:44.000Z","volume":6000,"label":" ","price":7.64},{"type":"A","date":"2018-04-24T02:15:52.000Z","volume":34000,"label":" ","price":7.64},{"type":"A","date":"2018-04-24T02:15:52.000Z","volume":154000,"label":" ","price":7.65},{"type":"A","date":"2018-04-24T02:15:52.000Z","volume":16000,"label":" ","price":7.66},{"type":"A","date":"2018-04-24T02:15:54.000Z","volume":2000,"label":" ","price":7.67},{"type":"A","date":"2018-04-24T02:15:54.000Z","volume":2000,"label":" ","price":7.67},{"type":"B","date":"2018-04-24T02:15:58.000Z","volume":4000,"label":" ","price":7.66},{"type":"B","date":"2018-04-24T02:16:02.000Z","volume":2000,"label":" ","price":7.66},{"type":"U","date":"2018-04-24T02:16:36.000Z","volume":2000,"label":" ","price":7.67},{"type":"B","date":"2018-04-24T02:16:46.000Z","volume":6000,"label":" ","price":7.66},{"type":"B","date":"2018-04-24T02:16:46.000Z","volume":30000,"label":" ","price":7.66},{"type":"A","date":"2018-04-24T02:16:48.000Z","volume":28000,"label":"Y","price":7.67},{"type":"A","date":"2018-04-24T02:16:48.000Z","volume":40000,"label":" ","price":7.67},{"type":"A","date":"2018-04-24T02:16:48.000Z","volume":12000,"label":" ","price":7.68},{"type":"A","date":"2018-04-24T02:17:19.000Z","volume":44000,"label":" ","price":7.68},{"type":"B","date":"2018-04-24T02:17:19.000Z","volume":6000,"label":" ","price":7.68},{"type":"B","date":"2018-04-24T02:17:32.000Z","volume":2000,"label":" ","price":7.68},{"type":"B","date":"2018-04-24T02:17:45.000Z","volume":10000,"label":" ","price":7.68},{"type":"B","date":"2018-04-24T02:17:47.000Z","volume":16000,"label":" ","price":7.68},{"type":"B","date":"2018-04-24T02:17:47.000Z","volume":14000,"label":" ","price":7.68},{"type":"B","date":"2018-04-24T02:17:47.000Z","volume":2000,"label":" ","price":7.67},{"type":"B","date":"2018-04-24T02:17:55.000Z","volume":22000,"label":" ","price":7.65},{"type":"B","date":"2018-04-24T02:17:55.000Z","volume":20000,"label":" ","price":7.65},{"type":"B","date":"2018-04-24T02:18:18.000Z","volume":14000,"label":" ","price":7.64},{"type":"B","date":"2018-04-24T02:18:18.000Z","volume":6000,"label":" ","price":7.64},{"type":"A","date":"2018-04-24T02:18:26.000Z","volume":8000,"label":" ","price":7.64},{"type":"A","date":"2018-04-24T02:18:28.000Z","volume":6000,"label":" ","price":7.64},{"type":"A","date":"2018-04-24T02:18:31.000Z","volume":8000,"label":" ","price":7.64},{"type":"A","date":"2018-04-24T02:18:47.000Z","volume":8000,"label":" ","price":7.64},{"type":"A","date":"2018-04-24T02:18:58.000Z","volume":8000,"label":" ","price":7.64},{"type":"A","date":"2018-04-24T02:19:40.000Z","volume":8000,"label":" ","price":7.67},{"type":"A","date":"2018-04-24T02:19:44.000Z","volume":2000,"label":" ","price":7.67},{"type":"B","date":"2018-04-24T02:19:48.000Z","volume":60000,"label":" ","price":7.65},{"type":"B","date":"2018-04-24T02:19:48.000Z","volume":14000,"label":" ","price":7.64},{"type":"U","date":"2018-04-24T02:19:48.000Z","volume":2000,"label":" ","price":7.64},{"type":"A","date":"2018-04-24T02:19:48.000Z","volume":18000,"label":" ","price":7.65},{"type":"A","date":"2018-04-24T02:19:48.000Z","volume":4000,"label":" ","price":7.65},{"type":"A","date":"2018-04-24T02:20:01.000Z","volume":8000,"label":" ","price":7.65},{"type":"A","date":"2018-04-24T02:20:10.000Z","volume":8000,"label":" ","price":7.65},{"type":"A","date":"2018-04-24T02:20:20.000Z","volume":8000,"label":" ","price":7.64},{"type":"A","date":"2018-04-24T02:20:29.000Z","volume":8000,"label":" ","price":7.64},{"type":"B","date":"2018-04-24T02:20:29.000Z","volume":4000,"label":" ","price":7.63},{"type":"A","date":"2018-04-24T02:20:39.000Z","volume":8000,"label":" ","price":7.64},{"type":"A","date":"2018-04-24T02:20:41.000Z","volume":4000,"label":" ","price":7.64},{"type":"A","date":"2018-04-24T02:20:50.000Z","volume":8000,"label":" ","price":7.64},{"type":"A","date":"2018-04-24T02:20:52.000Z","volume":8000,"label":" ","price":7.64},{"type":"B","date":"2018-04-24T02:21:00.000Z","volume":4000,"label":" ","price":7.63},{"type":"B","date":"2018-04-24T02:21:06.000Z","volume":2000,"label":" ","price":7.63},{"type":"A","date":"2018-04-24T02:21:33.000Z","volume":8000,"label":"Y","price":7.64},{"type":"A","date":"2018-04-24T02:21:33.000Z","volume":36000,"label":" ","price":7.64},{"type":"A","date":"2018-04-24T02:21:33.000Z","volume":2000,"label":" ","price":7.64},{"type":"A","date":"2018-04-24T02:21:33.000Z","volume":10000,"label":" ","price":7.64},{"type":"A","date":"2018-04-24T02:21:47.000Z","volume":8000,"label":" ","price":7.66},{"type":"A","date":"2018-04-24T02:22:10.000Z","volume":2000,"label":" ","price":7.66},{"type":"A","date":"2018-04-24T02:22:17.000Z","volume":8000,"label":" ","price":7.67},{"type":"A","date":"2018-04-24T02:22:29.000Z","volume":8000,"label":" ","price":7.67},{"type":"A","date":"2018-04-24T02:22:44.000Z","volume":8000,"label":" ","price":7.67},{"type":"A","date":"2018-04-24T02:22:50.000Z","volume":8000,"label":" ","price":7.67},{"type":"B","date":"2018-04-24T02:22:55.000Z","volume":12000,"label":"Y","price":7.65},{"type":"B","date":"2018-04-24T02:22:55.000Z","volume":10000,"label":" ","price":7.65},{"type":"B","date":"2018-04-24T02:22:55.000Z","volume":12000,"label":" ","price":7.65},{"type":"U","date":"2018-04-24T02:22:55.000Z","volume":2000,"label":" ","price":7.65},{"type":"B","date":"2018-04-24T02:22:56.000Z","volume":22000,"label":" ","price":7.65},{"type":"A","date":"2018-04-24T02:22:56.000Z","volume":6000,"label":" ","price":7.66},{"type":"A","date":"2018-04-24T02:22:58.000Z","volume":8000,"label":" ","price":7.66},{"type":"A","date":"2018-04-24T02:23:05.000Z","volume":8000,"label":" ","price":7.66},{"type":"A","date":"2018-04-24T02:23:20.000Z","volume":8000,"label":" ","price":7.65},{"type":"A","date":"2018-04-24T02:23:28.000Z","volume":8000,"label":" ","price":7.65},{"type":"A","date":"2018-04-24T02:23:35.000Z","volume":8000,"label":" ","price":7.65},{"type":"B","date":"2018-04-24T02:23:57.000Z","volume":2000,"label":" ","price":7.64},{"type":"B","date":"2018-04-24T02:23:57.000Z","volume":28000,"label":" ","price":7.64},{"type":"A","date":"2018-04-24T02:23:57.000Z","volume":18000,"label":" ","price":7.65},{"type":"A","date":"2018-04-24T02:24:13.000Z","volume":18000,"label":" ","price":7.65},{"type":"A","date":"2018-04-24T02:24:27.000Z","volume":18000,"label":" ","price":7.65},{"type":"A","date":"2018-04-24T02:24:30.000Z","volume":2000,"label":" ","price":7.65},{"type":"A","date":"2018-04-24T02:24:44.000Z","volume":54000,"label":" ","price":7.65},{"type":"A","date":"2018-04-24T02:24:44.000Z","volume":4000,"label":" ","price":7.66},{"type":"A","date":"2018-04-24T02:24:44.000Z","volume":12000,"label":" ","price":7.66},{"type":"U","date":"2018-04-24T02:24:44.000Z","volume":22000,"label":" ","price":7.66},{"type":"U","date":"2018-04-24T02:24:44.000Z","volume":10000,"label":" ","price":7.66},{"type":"U","date":"2018-04-24T02:24:44.000Z","volume":12000,"label":" ","price":7.66},{"type":"A","date":"2018-04-24T02:25:03.000Z","volume":8000,"label":" ","price":7.67},{"type":"B","date":"2018-04-24T02:25:05.000Z","volume":6000,"label":" ","price":7.66},{"type":"B","date":"2018-04-24T02:25:05.000Z","volume":2000,"label":" ","price":7.66},{"type":"B","date":"2018-04-24T02:25:22.000Z","volume":6000,"label":" ","price":7.66},{"type":"A","date":"2018-04-24T02:25:25.000Z","volume":8000,"label":" ","price":7.67},{"type":"A","date":"2018-04-24T02:25:31.000Z","volume":8000,"label":" ","price":7.67},{"type":"A","date":"2018-04-24T02:25:31.000Z","volume":6000,"label":"Y","price":7.67},{"type":"A","date":"2018-04-24T02:25:31.000Z","volume":52000,"label":" ","price":7.67},{"type":"B","date":"2018-04-24T02:26:21.000Z","volume":8000,"label":"Y","price":7.67},{"type":"B","date":"2018-04-24T02:26:21.000Z","volume":6000,"label":"Y","price":7.67},{"type":"B","date":"2018-04-24T02:26:21.000Z","volume":8000,"label":"Y","price":7.67},{"type":"B","date":"2018-04-24T02:26:21.000Z","volume":6000,"label":"Y","price":7.67},{"type":"B","date":"2018-04-24T02:26:21.000Z","volume":8000,"label":"Y","price":7.67},{"type":"B","date":"2018-04-24T02:26:21.000Z","volume":120000,"label":" ","price":7.67},{"type":"B","date":"2018-04-24T02:26:21.000Z","volume":8000,"label":"Y","price":7.66},{"type":"B","date":"2018-04-24T02:26:21.000Z","volume":6000,"label":"Y","price":7.66},{"type":"B","date":"2018-04-24T02:26:21.000Z","volume":8000,"label":"Y","price":7.66},{"type":"B","date":"2018-04-24T02:26:22.000Z","volume":6000,"label":"Y","price":7.66},{"type":"B","date":"2018-04-24T02:26:22.000Z","volume":8000,"label":"Y","price":7.66},{"type":"B","date":"2018-04-24T02:26:22.000Z","volume":8000,"label":" ","price":7.66},{"type":"B","date":"2018-04-24T02:26:22.000Z","volume":8000,"label":"Y","price":7.66},{"type":"B","date":"2018-04-24T02:26:22.000Z","volume":6000,"label":"Y","price":7.66},{"type":"B","date":"2018-04-24T02:26:22.000Z","volume":4000,"label":"Y","price":7.66},{"type":"B","date":"2018-04-24T02:26:22.000Z","volume":2000,"label":" ","price":7.66},{"type":"B","date":"2018-04-24T02:26:22.000Z","volume":8000,"label":"Y","price":7.66},{"type":"B","date":"2018-04-24T02:26:22.000Z","volume":62000,"label":" ","price":7.66},{"type":"B","date":"2018-04-24T02:26:22.000Z","volume":8000,"label":" ","price":7.65},{"type":"A","date":"2018-04-24T02:26:23.000Z","volume":12000,"label":" ","price":7.67},{"type":"B","date":"2018-04-24T02:27:42.000Z","volume":8000,"label":" ","price":7.65},{"type":"A","date":"2018-04-24T02:27:49.000Z","volume":200000,"label":" ","price":7.66},{"type":"A","date":"2018-04-24T02:27:49.000Z","volume":8000,"label":" ","price":7.66},{"type":"A","date":"2018-04-24T02:27:50.000Z","volume":8000,"label":" ","price":7.66},{"type":"A","date":"2018-04-24T02:27:53.000Z","volume":4000,"label":" ","price":7.66},{"type":"A","date":"2018-04-24T02:27:54.000Z","volume":2000,"label":" ","price":7.66},{"type":"A","date":"2018-04-24T02:27:54.000Z","volume":16000,"label":" ","price":7.67},{"type":"A","date":"2018-04-24T02:27:56.000Z","volume":12000,"label":" ","price":7.68},{"type":"A","date":"2018-04-24T02:27:57.000Z","volume":22000,"label":" ","price":7.68},{"type":"A","date":"2018-04-24T02:28:24.000Z","volume":6000,"label":"Y","price":7.69},{"type":"A","date":"2018-04-24T02:28:35.000Z","volume":2000,"label":" ","price":7.68},{"type":"A","date":"2018-04-24T02:29:00.000Z","volume":2000,"label":" ","price":7.68},{"type":"B","date":"2018-04-24T02:29:02.000Z","volume":48000,"label":" ","price":7.67},{"type":"A","date":"2018-04-24T02:29:02.000Z","volume":2000,"label":"Y","price":7.68},{"type":"A","date":"2018-04-24T02:29:02.000Z","volume":4000,"label":" ","price":7.68},{"type":"A","date":"2018-04-24T02:29:21.000Z","volume":48000,"label":" ","price":7.67},{"type":"B","date":"2018-04-24T02:29:22.000Z","volume":24000,"label":" ","price":7.67},{"type":"B","date":"2018-04-24T02:29:25.000Z","volume":6000,"label":" ","price":7.66},{"type":"B","date":"2018-04-24T02:29:33.000Z","volume":2000,"label":" ","price":7.67},{"type":"B","date":"2018-04-24T02:31:50.000Z","volume":8000,"label":" ","price":7.67},{"type":"B","date":"2018-04-24T02:32:02.000Z","volume":8000,"label":" ","price":7.67},{"type":"A","date":"2018-04-24T02:32:40.000Z","volume":122000,"label":" ","price":7.68},{"type":"A","date":"2018-04-24T02:32:40.000Z","volume":14000,"label":" ","price":7.68},{"type":"B","date":"2018-04-24T02:32:40.000Z","volume":4000,"label":"Y","price":7.68},{"type":"A","date":"2018-04-24T02:32:40.000Z","volume":2000,"label":" ","price":7.68},{"type":"A","date":"2018-04-24T02:32:50.000Z","volume":10000,"label":" ","price":7.68},{"type":"A","date":"2018-04-24T02:33:08.000Z","volume":8000,"label":" ","price":7.68},{"type":"B","date":"2018-04-24T02:33:31.000Z","volume":6000,"label":" ","price":7.68},{"type":"A","date":"2018-04-24T02:34:26.000Z","volume":4000,"label":"Y","price":7.69},{"type":"A","date":"2018-04-24T02:34:26.000Z","volume":48000,"label":" ","price":7.69},{"type":"A","date":"2018-04-24T02:34:26.000Z","volume":248000,"label":" ","price":7.7},{"type":"A","date":"2018-04-24T02:34:26.000Z","volume":2000,"label":" ","price":7.7},{"type":"A","date":"2018-04-24T02:34:26.000Z","volume":2000,"label":" ","price":7.71},{"type":"A","date":"2018-04-24T02:34:26.000Z","volume":2000,"label":" ","price":7.71},{"type":"B","date":"2018-04-24T02:34:41.000Z","volume":2000,"label":" ","price":7.7},{"type":"B","date":"2018-04-24T02:35:11.000Z","volume":8000,"label":" ","price":7.7},{"type":"A","date":"2018-04-24T02:35:19.000Z","volume":60000,"label":" ","price":7.72},{"type":"A","date":"2018-04-24T02:35:33.000Z","volume":2000,"label":" ","price":7.73},{"type":"A","date":"2018-04-24T02:35:37.000Z","volume":2000,"label":" ","price":7.73},{"type":"A","date":"2018-04-24T02:35:40.000Z","volume":4000,"label":" ","price":7.73},{"type":"B","date":"2018-04-24T02:35:42.000Z","volume":6000,"label":" ","price":7.72},{"type":"B","date":"2018-04-24T02:35:57.000Z","volume":22000,"label":" ","price":7.72},{"type":"B","date":"2018-04-24T02:35:57.000Z","volume":22000,"label":" ","price":7.71},{"type":"B","date":"2018-04-24T02:35:57.000Z","volume":6000,"label":" ","price":7.7},{"type":"B","date":"2018-04-24T02:35:57.000Z","volume":2000,"label":" ","price":7.7},{"type":"A","date":"2018-04-24T02:35:57.000Z","volume":16000,"label":" ","price":7.72},{"type":"A","date":"2018-04-24T02:36:16.000Z","volume":10000,"label":" ","price":7.72},{"type":"A","date":"2018-04-24T02:36:19.000Z","volume":18000,"label":" ","price":7.72},{"type":"A","date":"2018-04-24T02:36:19.000Z","volume":10000,"label":" ","price":7.73},{"type":"A","date":"2018-04-24T02:36:19.000Z","volume":16000,"label":" ","price":7.74},{"type":"A","date":"2018-04-24T02:36:19.000Z","volume":42000,"label":"Y","price":7.75},{"type":"A","date":"2018-04-24T02:36:19.000Z","volume":8000,"label":" ","price":7.75},{"type":"A","date":"2018-04-24T02:36:25.000Z","volume":4000,"label":" ","price":7.72},{"type":"A","date":"2018-04-24T02:36:25.000Z","volume":18000,"label":" ","price":7.74},{"type":"A","date":"2018-04-24T02:36:25.000Z","volume":72000,"label":"Y","price":7.75},{"type":"B","date":"2018-04-24T02:36:51.000Z","volume":6000,"label":" ","price":7.7},{"type":"A","date":"2018-04-24T02:36:58.000Z","volume":24000,"label":" ","price":7.73},{"type":"A","date":"2018-04-24T02:36:58.000Z","volume":4000,"label":" ","price":7.74},{"type":"A","date":"2018-04-24T02:36:58.000Z","volume":106000,"label":"Y","price":7.75},{"type":"A","date":"2018-04-24T02:36:58.000Z","volume":16000,"label":" ","price":7.75},{"type":"A","date":"2018-04-24T02:36:58.000Z","volume":110000,"label":" ","price":7.75},{"type":"A","date":"2018-04-24T02:36:58.000Z","volume":2000,"label":" ","price":7.75},{"type":"A","date":"2018-04-24T02:36:58.000Z","volume":12000,"label":" ","price":7.75},{"type":"A","date":"2018-04-24T02:36:58.000Z","volume":6000,"label":" ","price":7.75},{"type":"B","date":"2018-04-24T02:37:14.000Z","volume":6000,"label":" ","price":7.72},{"type":"B","date":"2018-04-24T02:37:15.000Z","volume":10000,"label":" ","price":7.72},{"type":"B","date":"2018-04-24T02:37:49.000Z","volume":6000,"label":" ","price":7.72},{"type":"B","date":"2018-04-24T02:38:01.000Z","volume":16000,"label":" ","price":7.72},{"type":"A","date":"2018-04-24T02:38:30.000Z","volume":2000,"label":" ","price":7.71},{"type":"B","date":"2018-04-24T02:38:31.000Z","volume":8000,"label":" ","price":7.7},{"type":"B","date":"2018-04-24T02:39:05.000Z","volume":4000,"label":" ","price":7.7},{"type":"B","date":"2018-04-24T02:39:05.000Z","volume":4000,"label":" ","price":7.7},{"type":"A","date":"2018-04-24T02:39:13.000Z","volume":10000,"label":" ","price":7.71},{"type":"B","date":"2018-04-24T02:40:12.000Z","volume":6000,"label":" ","price":7.68},{"type":"A","date":"2018-04-24T02:40:36.000Z","volume":6000,"label":" ","price":7.7},{"type":"B","date":"2018-04-24T02:40:50.000Z","volume":10000,"label":" ","price":7.69},{"type":"B","date":"2018-04-24T02:41:52.000Z","volume":8000,"label":" ","price":7.68},{"type":"A","date":"2018-04-24T02:41:54.000Z","volume":6000,"label":" ","price":7.69},{"type":"A","date":"2018-04-24T02:41:54.000Z","volume":8000,"label":" ","price":7.69},{"type":"A","date":"2018-04-24T02:41:54.000Z","volume":2000,"label":" ","price":7.69},{"type":"A","date":"2018-04-24T02:42:56.000Z","volume":8000,"label":" ","price":7.69},{"type":"A","date":"2018-04-24T02:42:56.000Z","volume":4000,"label":" ","price":7.69},{"type":"A","date":"2018-04-24T02:42:57.000Z","volume":16000,"label":" ","price":7.7},{"type":"B","date":"2018-04-24T02:43:27.000Z","volume":20000,"label":" ","price":7.69},{"type":"A","date":"2018-04-24T02:43:29.000Z","volume":42000,"label":" ","price":7.69},{"type":"A","date":"2018-04-24T02:43:29.000Z","volume":16000,"label":" ","price":7.69},{"type":"A","date":"2018-04-24T02:43:30.000Z","volume":8000,"label":" ","price":7.72},{"type":"A","date":"2018-04-24T02:43:45.000Z","volume":10000,"label":" ","price":7.69},{"type":"B","date":"2018-04-24T02:44:04.000Z","volume":2000,"label":" ","price":7.68},{"type":"B","date":"2018-04-24T02:44:43.000Z","volume":2000,"label":" ","price":7.68},{"type":"B","date":"2018-04-24T02:45:13.000Z","volume":6000,"label":" ","price":7.68},{"type":"B","date":"2018-04-24T02:45:26.000Z","volume":26000,"label":" ","price":7.68},{"type":"B","date":"2018-04-24T02:45:26.000Z","volume":8000,"label":" ","price":7.67},{"type":"B","date":"2018-04-24T02:45:50.000Z","volume":2000,"label":" ","price":7.67},{"type":"B","date":"2018-04-24T02:46:46.000Z","volume":2000,"label":" ","price":7.67},{"type":"B","date":"2018-04-24T02:46:53.000Z","volume":8000,"label":" ","price":7.67},{"type":"A","date":"2018-04-24T02:47:00.000Z","volume":12000,"label":" ","price":7.68},{"type":"B","date":"2018-04-24T02:47:22.000Z","volume":10000,"label":" ","price":7.67},{"type":"B","date":"2018-04-24T02:47:47.000Z","volume":6000,"label":" ","price":7.67},{"type":"B","date":"2018-04-24T02:48:13.000Z","volume":8000,"label":" ","price":7.67},{"type":"B","date":"2018-04-24T02:48:33.000Z","volume":6000,"label":" ","price":7.67},{"type":"B","date":"2018-04-24T02:49:38.000Z","volume":6000,"label":" ","price":7.67},{"type":"B","date":"2018-04-24T02:50:14.000Z","volume":8000,"label":" ","price":7.67},{"type":"B","date":"2018-04-24T02:50:14.000Z","volume":6000,"label":" ","price":7.67},{"type":"B","date":"2018-04-24T02:50:14.000Z","volume":6000,"label":" ","price":7.67},{"type":"B","date":"2018-04-24T02:51:04.000Z","volume":4000,"label":" ","price":7.66},{"type":"B","date":"2018-04-24T02:51:45.000Z","volume":2000,"label":" ","price":7.66},{"type":"B","date":"2018-04-24T02:51:55.000Z","volume":6000,"label":" ","price":7.66},{"type":"B","date":"2018-04-24T02:52:02.000Z","volume":6000,"label":" ","price":7.66},{"type":"B","date":"2018-04-24T02:52:02.000Z","volume":18000,"label":" ","price":7.66},{"type":"B","date":"2018-04-24T02:52:52.000Z","volume":4000,"label":" ","price":7.66},{"type":"A","date":"2018-04-24T02:52:52.000Z","volume":2000,"label":" ","price":7.66},{"type":"A","date":"2018-04-24T02:52:52.000Z","volume":4000,"label":" ","price":7.66},{"type":"B","date":"2018-04-24T02:53:35.000Z","volume":8000,"label":"Y","price":7.65},{"type":"B","date":"2018-04-24T02:54:00.000Z","volume":4000,"label":" ","price":7.66},{"type":"A","date":"2018-04-24T02:54:15.000Z","volume":10000,"label":" ","price":7.66},{"type":"A","date":"2018-04-24T02:54:39.000Z","volume":10000,"label":" ","price":7.66},{"type":"A","date":"2018-04-24T02:54:55.000Z","volume":40000,"label":" ","price":7.66},{"type":"A","date":"2018-04-24T02:54:56.000Z","volume":10000,"label":" ","price":7.66},{"type":"A","date":"2018-04-24T02:55:00.000Z","volume":32000,"label":" ","price":7.66},{"type":"A","date":"2018-04-24T02:55:04.000Z","volume":2000,"label":" ","price":7.66},{"type":"B","date":"2018-04-24T02:55:15.000Z","volume":8000,"label":"Y","price":7.65},{"type":"B","date":"2018-04-24T02:55:42.000Z","volume":4000,"label":" ","price":7.65},{"type":"B","date":"2018-04-24T02:56:03.000Z","volume":36000,"label":" ","price":7.65},{"type":"B","date":"2018-04-24T02:56:03.000Z","volume":4000,"label":" ","price":7.65},{"type":"B","date":"2018-04-24T02:56:03.000Z","volume":40000,"label":" ","price":7.65},{"type":"A","date":"2018-04-24T02:56:04.000Z","volume":6000,"label":" ","price":7.66},{"type":"B","date":"2018-04-24T02:56:55.000Z","volume":6000,"label":" ","price":7.65},{"type":"B","date":"2018-04-24T02:57:14.000Z","volume":18000,"label":" ","price":7.65},{"type":"B","date":"2018-04-24T02:58:36.000Z","volume":4000,"label":" ","price":7.64},{"type":"B","date":"2018-04-24T02:58:36.000Z","volume":4000,"label":" ","price":7.63},{"type":"A","date":"2018-04-24T02:59:53.000Z","volume":2000,"label":"Y","price":7.65},{"type":"A","date":"2018-04-24T02:59:53.000Z","volume":38000,"label":" ","price":7.65},{"type":"B","date":"2018-04-24T02:59:53.000Z","volume":18000,"label":" ","price":7.65},{"type":"B","date":"2018-04-24T03:00:16.000Z","volume":6000,"label":" ","price":7.65},{"type":"B","date":"2018-04-24T03:00:29.000Z","volume":4000,"label":" ","price":7.65},{"type":"A","date":"2018-04-24T03:00:42.000Z","volume":66000,"label":" ","price":7.66},{"type":"A","date":"2018-04-24T03:00:42.000Z","volume":8000,"label":" ","price":7.67},{"type":"A","date":"2018-04-24T03:00:44.000Z","volume":46000,"label":" ","price":7.67},{"type":"A","date":"2018-04-24T03:00:46.000Z","volume":6000,"label":"Y","price":7.68},{"type":"A","date":"2018-04-24T03:00:46.000Z","volume":2000,"label":" ","price":7.68},{"type":"A","date":"2018-04-24T03:01:19.000Z","volume":2000,"label":" ","price":7.68},{"type":"U","date":"2018-04-24T03:01:29.000Z","volume":2000,"label":" ","price":7.67},{"type":"A","date":"2018-04-24T03:01:31.000Z","volume":4000,"label":"Y","price":7.68},{"type":"A","date":"2018-04-24T03:01:31.000Z","volume":12000,"label":" ","price":7.68},{"type":"B","date":"2018-04-24T03:01:48.000Z","volume":30000,"label":" ","price":7.68},{"type":"B","date":"2018-04-24T03:01:48.000Z","volume":2000,"label":" ","price":7.67},{"type":"B","date":"2018-04-24T03:01:48.000Z","volume":18000,"label":" ","price":7.66},{"type":"B","date":"2018-04-24T03:01:56.000Z","volume":8000,"label":" ","price":7.67},{"type":"B","date":"2018-04-24T03:02:29.000Z","volume":2000,"label":" ","price":7.67},{"type":"A","date":"2018-04-24T03:02:47.000Z","volume":16000,"label":" ","price":7.68},{"type":"B","date":"2018-04-24T03:03:36.000Z","volume":8000,"label":" ","price":7.68},{"type":"B","date":"2018-04-24T03:03:46.000Z","volume":2000,"label":" ","price":7.68},{"type":"A","date":"2018-04-24T03:04:21.000Z","volume":2000,"label":" ","price":7.69},{"type":"A","date":"2018-04-24T03:04:23.000Z","volume":10000,"label":" ","price":7.69},{"type":"U","date":"2018-04-24T03:04:27.000Z","volume":4000,"label":" ","price":7.69},{"type":"B","date":"2018-04-24T03:04:32.000Z","volume":2000,"label":" ","price":7.69},{"type":"B","date":"2018-04-24T03:04:41.000Z","volume":2000,"label":" ","price":7.69},{"type":"A","date":"2018-04-24T03:04:42.000Z","volume":10000,"label":" ","price":7.7},{"type":"B","date":"2018-04-24T03:04:48.000Z","volume":8000,"label":" ","price":7.69},{"type":"B","date":"2018-04-24T03:05:17.000Z","volume":6000,"label":" ","price":7.68},{"type":"B","date":"2018-04-24T03:06:57.000Z","volume":4000,"label":" ","price":7.68},{"type":"A","date":"2018-04-24T03:06:57.000Z","volume":8000,"label":" ","price":7.68},{"type":"A","date":"2018-04-24T03:07:26.000Z","volume":14000,"label":" ","price":7.69},{"type":"B","date":"2018-04-24T03:07:26.000Z","volume":12000,"label":" ","price":7.69},{"type":"B","date":"2018-04-24T03:07:36.000Z","volume":4000,"label":" ","price":7.69},{"type":"A","date":"2018-04-24T03:08:20.000Z","volume":40000,"label":" ","price":7.7},{"type":"A","date":"2018-04-24T03:08:20.000Z","volume":68000,"label":" ","price":7.71},{"type":"A","date":"2018-04-24T03:08:22.000Z","volume":26000,"label":" ","price":7.72},{"type":"B","date":"2018-04-24T03:08:23.000Z","volume":8000,"label":" ","price":7.71},{"type":"B","date":"2018-04-24T03:08:23.000Z","volume":2000,"label":" ","price":7.7},{"type":"B","date":"2018-04-24T03:08:24.000Z","volume":4000,"label":" ","price":7.71},{"type":"B","date":"2018-04-24T03:08:38.000Z","volume":6000,"label":" ","price":7.71},{"type":"B","date":"2018-04-24T03:10:18.000Z","volume":8000,"label":" ","price":7.72},{"type":"B","date":"2018-04-24T03:11:28.000Z","volume":2000,"label":" ","price":7.72},{"type":"B","date":"2018-04-24T03:11:30.000Z","volume":20000,"label":" ","price":7.72},{"type":"B","date":"2018-04-24T03:11:30.000Z","volume":8000,"label":" ","price":7.72},{"type":"A","date":"2018-04-24T03:11:48.000Z","volume":14000,"label":" ","price":7.72},{"type":"A","date":"2018-04-24T03:11:50.000Z","volume":2000,"label":" ","price":7.72},{"type":"A","date":"2018-04-24T03:11:51.000Z","volume":12000,"label":" ","price":7.72},{"type":"B","date":"2018-04-24T03:11:59.000Z","volume":6000,"label":" ","price":7.71},{"type":"B","date":"2018-04-24T03:11:59.000Z","volume":6000,"label":" ","price":7.71},{"type":"A","date":"2018-04-24T03:12:00.000Z","volume":60000,"label":" ","price":7.73},{"type":"A","date":"2018-04-24T03:12:00.000Z","volume":4000,"label":" ","price":7.74},{"type":"A","date":"2018-04-24T03:12:00.000Z","volume":2000,"label":" ","price":7.74},{"type":"A","date":"2018-04-24T03:12:02.000Z","volume":8000,"label":" ","price":7.74},{"type":"B","date":"2018-04-24T03:12:25.000Z","volume":16000,"label":" ","price":7.73},{"type":"B","date":"2018-04-24T03:12:25.000Z","volume":12000,"label":" ","price":7.71},{"type":"B","date":"2018-04-24T03:12:25.000Z","volume":60000,"label":" ","price":7.7},{"type":"B","date":"2018-04-24T03:12:25.000Z","volume":2000,"label":" ","price":7.7},{"type":"B","date":"2018-04-24T03:12:25.000Z","volume":110000,"label":" ","price":7.7},{"type":"B","date":"2018-04-24T03:12:25.000Z","volume":2000,"label":" ","price":7.73},{"type":"B","date":"2018-04-24T03:12:25.000Z","volume":2000,"label":"Y","price":7.7},{"type":"B","date":"2018-04-24T03:12:25.000Z","volume":6000,"label":" ","price":7.69},{"type":"A","date":"2018-04-24T03:12:26.000Z","volume":10000,"label":"Y","price":7.74},{"type":"A","date":"2018-04-24T03:12:27.000Z","volume":14000,"label":" ","price":7.74},{"type":"A","date":"2018-04-24T03:13:37.000Z","volume":46000,"label":" ","price":7.74},{"type":"A","date":"2018-04-24T03:13:37.000Z","volume":2000,"label":" ","price":7.75},{"type":"A","date":"2018-04-24T03:13:37.000Z","volume":2000,"label":" ","price":7.75},{"type":"A","date":"2018-04-24T03:13:38.000Z","volume":8000,"label":" ","price":7.75},{"type":"B","date":"2018-04-24T03:13:38.000Z","volume":4000,"label":"Y","price":7.74},{"type":"B","date":"2018-04-24T03:13:38.000Z","volume":4000,"label":" ","price":7.74},{"type":"A","date":"2018-04-24T03:13:39.000Z","volume":2000,"label":" ","price":7.75},{"type":"A","date":"2018-04-24T03:13:41.000Z","volume":40000,"label":" ","price":7.75},{"type":"A","date":"2018-04-24T03:13:41.000Z","volume":2000,"label":" ","price":7.75},{"type":"A","date":"2018-04-24T03:13:41.000Z","volume":2000,"label":" ","price":7.75},{"type":"A","date":"2018-04-24T03:13:44.000Z","volume":6000,"label":" ","price":7.75},{"type":"B","date":"2018-04-24T03:13:56.000Z","volume":6000,"label":" ","price":7.74},{"type":"A","date":"2018-04-24T03:13:56.000Z","volume":40000,"label":" ","price":7.75},{"type":"A","date":"2018-04-24T03:13:57.000Z","volume":2000,"label":" ","price":7.75},{"type":"A","date":"2018-04-24T03:14:00.000Z","volume":8000,"label":" ","price":7.75},{"type":"B","date":"2018-04-24T03:14:17.000Z","volume":10000,"label":" ","price":7.74},{"type":"A","date":"2018-04-24T03:14:17.000Z","volume":50000,"label":" ","price":7.75},{"type":"A","date":"2018-04-24T03:14:18.000Z","volume":8000,"label":" ","price":7.75},{"type":"A","date":"2018-04-24T03:14:18.000Z","volume":4000,"label":" ","price":7.75},{"type":"A","date":"2018-04-24T03:14:18.000Z","volume":2000,"label":" ","price":7.75},{"type":"A","date":"2018-04-24T03:14:20.000Z","volume":10000,"label":" ","price":7.75},{"type":"A","date":"2018-04-24T03:14:28.000Z","volume":10000,"label":" ","price":7.75},{"type":"A","date":"2018-04-24T03:14:28.000Z","volume":2000,"label":" ","price":7.75},{"type":"A","date":"2018-04-24T03:14:28.000Z","volume":6000,"label":" ","price":7.75},{"type":"A","date":"2018-04-24T03:14:29.000Z","volume":8000,"label":" ","price":7.76},{"type":"B","date":"2018-04-24T03:14:45.000Z","volume":40000,"label":" ","price":7.74},{"type":"B","date":"2018-04-24T03:14:45.000Z","volume":20000,"label":" ","price":7.73},{"type":"B","date":"2018-04-24T03:14:45.000Z","volume":2000,"label":" ","price":7.73},{"type":"A","date":"2018-04-24T03:14:46.000Z","volume":2000,"label":" ","price":7.73},{"type":"B","date":"2018-04-24T03:15:05.000Z","volume":2000,"label":" ","price":7.7},{"type":"B","date":"2018-04-24T03:15:18.000Z","volume":6000,"label":" ","price":7.7},{"type":"B","date":"2018-04-24T03:15:43.000Z","volume":12000,"label":" ","price":7.7},{"type":"A","date":"2018-04-24T03:15:43.000Z","volume":2000,"label":" ","price":7.7},{"type":"A","date":"2018-04-24T03:15:43.000Z","volume":14000,"label":" ","price":7.7},{"type":"A","date":"2018-04-24T03:15:44.000Z","volume":2000,"label":" ","price":7.7},{"type":"B","date":"2018-04-24T03:16:59.000Z","volume":8000,"label":" ","price":7.69},{"type":"B","date":"2018-04-24T03:17:36.000Z","volume":2000,"label":" ","price":7.69},{"type":"A","date":"2018-04-24T03:17:36.000Z","volume":38000,"label":" ","price":7.7},{"type":"A","date":"2018-04-24T03:17:37.000Z","volume":2000,"label":" ","price":7.7},{"type":"A","date":"2018-04-24T03:17:37.000Z","volume":10000,"label":" ","price":7.7},{"type":"B","date":"2018-04-24T03:18:14.000Z","volume":2000,"label":" ","price":7.7},{"type":"B","date":"2018-04-24T03:18:29.000Z","volume":6000,"label":" ","price":7.7},{"type":"B","date":"2018-04-24T03:18:34.000Z","volume":2000,"label":" ","price":7.7},{"type":"B","date":"2018-04-24T03:18:39.000Z","volume":8000,"label":" ","price":7.7},{"type":"A","date":"2018-04-24T03:18:41.000Z","volume":2000,"label":" ","price":7.71},{"type":"B","date":"2018-04-24T03:20:05.000Z","volume":6000,"label":" ","price":7.7},{"type":"B","date":"2018-04-24T03:20:19.000Z","volume":6000,"label":" ","price":7.7},{"type":"A","date":"2018-04-24T03:20:39.000Z","volume":10000,"label":" ","price":7.71},{"type":"A","date":"2018-04-24T03:20:39.000Z","volume":16000,"label":" ","price":7.71},{"type":"A","date":"2018-04-24T03:20:39.000Z","volume":2000,"label":"Y","price":7.72},{"type":"A","date":"2018-04-24T03:20:55.000Z","volume":4000,"label":" ","price":7.72},{"type":"B","date":"2018-04-24T03:21:03.000Z","volume":14000,"label":" ","price":7.71},{"type":"B","date":"2018-04-24T03:21:06.000Z","volume":2000,"label":" ","price":7.71},{"type":"A","date":"2018-04-24T03:21:06.000Z","volume":2000,"label":" ","price":7.71},{"type":"A","date":"2018-04-24T03:21:07.000Z","volume":12000,"label":" ","price":7.71},{"type":"A","date":"2018-04-24T03:21:07.000Z","volume":2000,"label":" ","price":7.72},{"type":"A","date":"2018-04-24T03:21:36.000Z","volume":4000,"label":" ","price":7.71},{"type":"A","date":"2018-04-24T03:21:36.000Z","volume":8000,"label":" ","price":7.71},{"type":"A","date":"2018-04-24T03:21:58.000Z","volume":2000,"label":" ","price":7.72},{"type":"B","date":"2018-04-24T03:21:59.000Z","volume":8000,"label":" ","price":7.71},{"type":"B","date":"2018-04-24T03:22:27.000Z","volume":10000,"label":" ","price":7.71},{"type":"B","date":"2018-04-24T03:22:27.000Z","volume":10000,"label":" ","price":7.71},{"type":"B","date":"2018-04-24T03:22:27.000Z","volume":4000,"label":" ","price":7.71},{"type":"A","date":"2018-04-24T03:22:27.000Z","volume":2000,"label":" ","price":7.71},{"type":"A","date":"2018-04-24T03:22:28.000Z","volume":2000,"label":"Y","price":7.71},{"type":"A","date":"2018-04-24T03:23:06.000Z","volume":2000,"label":" ","price":7.71},{"type":"B","date":"2018-04-24T03:23:40.000Z","volume":6000,"label":" ","price":7.7},{"type":"B","date":"2018-04-24T03:23:40.000Z","volume":10000,"label":" ","price":7.7},{"type":"B","date":"2018-04-24T03:23:40.000Z","volume":112000,"label":" ","price":7.7},{"type":"A","date":"2018-04-24T03:23:42.000Z","volume":2000,"label":"Y","price":7.7},{"type":"B","date":"2018-04-24T03:23:43.000Z","volume":26000,"label":" ","price":7.69},{"type":"A","date":"2018-04-24T03:23:45.000Z","volume":2000,"label":"Y","price":7.7},{"type":"B","date":"2018-04-24T03:23:45.000Z","volume":8000,"label":" ","price":7.69},{"type":"B","date":"2018-04-24T03:24:45.000Z","volume":10000,"label":" ","price":7.68},{"type":"B","date":"2018-04-24T03:25:18.000Z","volume":2000,"label":" ","price":7.68},{"type":"B","date":"2018-04-24T03:25:20.000Z","volume":8000,"label":" ","price":7.68},{"type":"B","date":"2018-04-24T03:25:20.000Z","volume":10000,"label":" ","price":7.68},{"type":"A","date":"2018-04-24T03:25:20.000Z","volume":2000,"label":"Y","price":7.69},{"type":"B","date":"2018-04-24T03:25:34.000Z","volume":18000,"label":" ","price":7.68},{"type":"B","date":"2018-04-24T03:26:03.000Z","volume":58000,"label":" ","price":7.67},{"type":"U","date":"2018-04-24T03:26:03.000Z","volume":8000,"label":" ","price":7.67},{"type":"A","date":"2018-04-24T03:26:03.000Z","volume":6000,"label":" ","price":7.67},{"type":"A","date":"2018-04-24T03:26:04.000Z","volume":2000,"label":" ","price":7.67},{"type":"A","date":"2018-04-24T03:26:07.000Z","volume":24000,"label":" ","price":7.67},{"type":"A","date":"2018-04-24T03:26:08.000Z","volume":2000,"label":" ","price":7.68},{"type":"B","date":"2018-04-24T03:26:55.000Z","volume":100000,"label":" ","price":7.66},{"type":"A","date":"2018-04-24T03:26:56.000Z","volume":14000,"label":" ","price":7.68},{"type":"A","date":"2018-04-24T03:26:57.000Z","volume":2000,"label":" ","price":7.68},{"type":"A","date":"2018-04-24T03:26:57.000Z","volume":2000,"label":" ","price":7.68},{"type":"A","date":"2018-04-24T03:26:58.000Z","volume":2000,"label":" ","price":7.68},{"type":"A","date":"2018-04-24T03:27:00.000Z","volume":12000,"label":" ","price":7.68},{"type":"B","date":"2018-04-24T03:27:00.000Z","volume":6000,"label":" ","price":7.67},{"type":"A","date":"2018-04-24T03:27:09.000Z","volume":32000,"label":" ","price":7.68},{"type":"A","date":"2018-04-24T03:27:10.000Z","volume":2000,"label":" ","price":7.69},{"type":"U","date":"2018-04-24T03:27:58.000Z","volume":4000,"label":" ","price":7.69},{"type":"A","date":"2018-04-24T03:27:58.000Z","volume":10000,"label":" ","price":7.69},{"type":"A","date":"2018-04-24T03:27:58.000Z","volume":2000,"label":" ","price":7.69},{"type":"B","date":"2018-04-24T03:28:40.000Z","volume":8000,"label":" ","price":7.68},{"type":"A","date":"2018-04-24T03:28:40.000Z","volume":2000,"label":" ","price":7.69},{"type":"B","date":"2018-04-24T03:29:02.000Z","volume":62000,"label":" ","price":7.68},{"type":"B","date":"2018-04-24T03:29:02.000Z","volume":10000,"label":" ","price":7.67},{"type":"B","date":"2018-04-24T03:29:02.000Z","volume":2000,"label":" ","price":7.68},{"type":"A","date":"2018-04-24T03:29:03.000Z","volume":2000,"label":"Y","price":7.68},{"type":"A","date":"2018-04-24T03:29:32.000Z","volume":48000,"label":" ","price":7.68},{"type":"A","date":"2018-04-24T03:29:32.000Z","volume":20000,"label":" ","price":7.7},{"type":"A","date":"2018-04-24T03:29:32.000Z","volume":2000,"label":" ","price":7.7},{"type":"A","date":"2018-04-24T03:29:32.000Z","volume":30000,"label":" ","price":7.7},{"type":"A","date":"2018-04-24T03:29:32.000Z","volume":2000,"label":" ","price":7.7},{"type":"A","date":"2018-04-24T03:29:33.000Z","volume":4000,"label":"Y","price":7.7},{"type":"U","date":"2018-04-24T03:29:34.000Z","volume":6000,"label":" ","price":7.69},{"type":"B","date":"2018-04-24T03:29:52.000Z","volume":6000,"label":" ","price":7.69},{"type":"A","date":"2018-04-24T03:29:53.000Z","volume":2000,"label":" ","price":7.7},{"type":"B","date":"2018-04-24T03:30:07.000Z","volume":14000,"label":" ","price":7.69},{"type":"B","date":"2018-04-24T03:30:21.000Z","volume":8000,"label":" ","price":7.69},{"type":"B","date":"2018-04-24T03:30:29.000Z","volume":14000,"label":" ","price":7.69},{"type":"B","date":"2018-04-24T03:30:29.000Z","volume":20000,"label":" ","price":7.68},{"type":"A","date":"2018-04-24T03:30:30.000Z","volume":2000,"label":"Y","price":7.69},{"type":"B","date":"2018-04-24T03:31:04.000Z","volume":10000,"label":" ","price":7.68},{"type":"A","date":"2018-04-24T03:31:06.000Z","volume":6000,"label":" ","price":7.68},{"type":"A","date":"2018-04-24T03:31:27.000Z","volume":30000,"label":" ","price":7.68},{"type":"A","date":"2018-04-24T03:31:28.000Z","volume":2000,"label":" ","price":7.68},{"type":"B","date":"2018-04-24T03:32:01.000Z","volume":6000,"label":" ","price":7.66},{"type":"A","date":"2018-04-24T03:32:15.000Z","volume":2000,"label":" ","price":7.67},{"type":"A","date":"2018-04-24T03:32:37.000Z","volume":26000,"label":" ","price":7.67},{"type":"A","date":"2018-04-24T03:32:39.000Z","volume":2000,"label":" ","price":7.69},{"type":"A","date":"2018-04-24T03:32:59.000Z","volume":2000,"label":" ","price":7.69},{"type":"A","date":"2018-04-24T03:33:28.000Z","volume":2000,"label":" ","price":7.69},{"type":"A","date":"2018-04-24T03:33:28.000Z","volume":2000,"label":" ","price":7.69},{"type":"B","date":"2018-04-24T03:33:41.000Z","volume":8000,"label":" ","price":7.68},{"type":"A","date":"2018-04-24T03:33:41.000Z","volume":2000,"label":" ","price":7.7},{"type":"U","date":"2018-04-24T03:33:48.000Z","volume":4000,"label":" ","price":7.69},{"type":"A","date":"2018-04-24T03:33:48.000Z","volume":8000,"label":" ","price":7.69},{"type":"A","date":"2018-04-24T03:33:48.000Z","volume":2000,"label":" ","price":7.69},{"type":"A","date":"2018-04-24T03:33:48.000Z","volume":4000,"label":" ","price":7.69},{"type":"B","date":"2018-04-24T03:35:15.000Z","volume":10000,"label":" ","price":7.69},{"type":"B","date":"2018-04-24T03:35:21.000Z","volume":6000,"label":" ","price":7.69},{"type":"B","date":"2018-04-24T03:35:21.000Z","volume":20000,"label":" ","price":7.69},{"type":"B","date":"2018-04-24T03:35:21.000Z","volume":6000,"label":" ","price":7.69},{"type":"A","date":"2018-04-24T03:35:22.000Z","volume":2000,"label":" ","price":7.7},{"type":"B","date":"2018-04-24T03:35:45.000Z","volume":58000,"label":" ","price":7.68},{"type":"A","date":"2018-04-24T03:35:46.000Z","volume":8000,"label":" ","price":7.69},{"type":"A","date":"2018-04-24T03:35:47.000Z","volume":2000,"label":"Y","price":7.69},{"type":"A","date":"2018-04-24T03:36:04.000Z","volume":22000,"label":" ","price":7.69},{"type":"B","date":"2018-04-24T03:36:45.000Z","volume":10000,"label":" ","price":7.69},{"type":"B","date":"2018-04-24T03:36:45.000Z","volume":2000,"label":" ","price":7.69},{"type":"A","date":"2018-04-24T03:36:45.000Z","volume":2000,"label":" ","price":7.69},{"type":"A","date":"2018-04-24T03:36:45.000Z","volume":6000,"label":" ","price":7.69},{"type":"A","date":"2018-04-24T03:36:47.000Z","volume":2000,"label":" ","price":7.7},{"type":"B","date":"2018-04-24T03:37:02.000Z","volume":8000,"label":" ","price":7.68},{"type":"A","date":"2018-04-24T03:37:02.000Z","volume":10000,"label":" ","price":7.69},{"type":"A","date":"2018-04-24T03:37:25.000Z","volume":10000,"label":" ","price":7.7},{"type":"A","date":"2018-04-24T03:37:25.000Z","volume":2000,"label":" ","price":7.7},{"type":"B","date":"2018-04-24T03:38:42.000Z","volume":6000,"label":"Y","price":7.69},{"type":"A","date":"2018-04-24T03:38:44.000Z","volume":6000,"label":" ","price":7.7},{"type":"A","date":"2018-04-24T03:39:50.000Z","volume":14000,"label":" ","price":7.7},{"type":"A","date":"2018-04-24T03:39:52.000Z","volume":16000,"label":" ","price":7.7},{"type":"A","date":"2018-04-24T03:39:52.000Z","volume":2000,"label":" ","price":7.71},{"type":"B","date":"2018-04-24T03:40:22.000Z","volume":8000,"label":" ","price":7.7},{"type":"B","date":"2018-04-24T03:40:33.000Z","volume":6000,"label":" ","price":7.7},{"type":"B","date":"2018-04-24T03:40:33.000Z","volume":28000,"label":" ","price":7.7},{"type":"A","date":"2018-04-24T03:40:34.000Z","volume":2000,"label":"Y","price":7.71},{"type":"B","date":"2018-04-24T03:41:49.000Z","volume":4000,"label":" ","price":7.7},{"type":"B","date":"2018-04-24T03:42:03.000Z","volume":8000,"label":" ","price":7.7},{"type":"B","date":"2018-04-24T03:43:35.000Z","volume":2000,"label":" ","price":7.7},{"type":"B","date":"2018-04-24T03:43:43.000Z","volume":6000,"label":" ","price":7.7},{"type":"A","date":"2018-04-24T03:44:00.000Z","volume":10000,"label":" ","price":7.71},{"type":"A","date":"2018-04-24T03:44:00.000Z","volume":2000,"label":" ","price":7.71},{"type":"A","date":"2018-04-24T03:44:06.000Z","volume":24000,"label":" ","price":7.71},{"type":"A","date":"2018-04-24T03:44:40.000Z","volume":4000,"label":" ","price":7.71},{"type":"A","date":"2018-04-24T03:45:00.000Z","volume":10000,"label":" ","price":7.71},{"type":"A","date":"2018-04-24T03:45:00.000Z","volume":2000,"label":" ","price":7.71},{"type":"A","date":"2018-04-24T03:45:09.000Z","volume":2000,"label":" ","price":7.71},{"type":"B","date":"2018-04-24T03:45:24.000Z","volume":8000,"label":" ","price":7.7},{"type":"B","date":"2018-04-24T03:46:42.000Z","volume":6000,"label":" ","price":7.7},{"type":"B","date":"2018-04-24T03:46:42.000Z","volume":48000,"label":" ","price":7.7},{"type":"B","date":"2018-04-24T03:46:42.000Z","volume":56000,"label":" ","price":7.69},{"type":"B","date":"2018-04-24T03:46:42.000Z","volume":2000,"label":" ","price":7.7},{"type":"A","date":"2018-04-24T03:46:42.000Z","volume":10000,"label":" ","price":7.7},{"type":"A","date":"2018-04-24T03:46:43.000Z","volume":2000,"label":" ","price":7.7},{"type":"B","date":"2018-04-24T03:47:04.000Z","volume":6000,"label":" ","price":7.69},{"type":"B","date":"2018-04-24T03:47:09.000Z","volume":8000,"label":" ","price":7.69},{"type":"B","date":"2018-04-24T03:48:45.000Z","volume":8000,"label":" ","price":7.68},{"type":"A","date":"2018-04-24T03:48:45.000Z","volume":2000,"label":" ","price":7.7},{"type":"A","date":"2018-04-24T03:49:03.000Z","volume":12000,"label":" ","price":7.69},{"type":"A","date":"2018-04-24T03:49:40.000Z","volume":12000,"label":" ","price":7.69},{"type":"A","date":"2018-04-24T03:49:40.000Z","volume":4000,"label":" ","price":7.69},{"type":"A","date":"2018-04-24T03:49:42.000Z","volume":6000,"label":" ","price":7.7},{"type":"A","date":"2018-04-24T03:49:52.000Z","volume":32000,"label":" ","price":7.7},{"type":"A","date":"2018-04-24T03:49:52.000Z","volume":2000,"label":" ","price":7.7},{"type":"B","date":"2018-04-24T03:50:11.000Z","volume":6000,"label":" ","price":7.69},{"type":"B","date":"2018-04-24T03:50:25.000Z","volume":6000,"label":" ","price":7.69},{"type":"A","date":"2018-04-24T03:50:26.000Z","volume":2000,"label":" ","price":7.7},{"type":"A","date":"2018-04-24T03:51:08.000Z","volume":2000,"label":"Y","price":7.7},{"type":"A","date":"2018-04-24T03:51:08.000Z","volume":16000,"label":" ","price":7.7},{"type":"B","date":"2018-04-24T03:52:05.000Z","volume":8000,"label":" ","price":7.69},{"type":"B","date":"2018-04-24T03:52:25.000Z","volume":10000,"label":" ","price":7.69},{"type":"A","date":"2018-04-24T03:52:26.000Z","volume":2000,"label":" ","price":7.7},{"type":"B","date":"2018-04-24T03:53:44.000Z","volume":10000,"label":" ","price":7.69},{"type":"B","date":"2018-04-24T03:53:44.000Z","volume":10000,"label":" ","price":7.69},{"type":"B","date":"2018-04-24T03:53:45.000Z","volume":6000,"label":" ","price":7.69},{"type":"B","date":"2018-04-24T03:54:05.000Z","volume":2000,"label":" ","price":7.69},{"type":"A","date":"2018-04-24T03:54:09.000Z","volume":10000,"label":" ","price":7.69},{"type":"A","date":"2018-04-24T03:54:10.000Z","volume":2000,"label":" ","price":7.69},{"type":"A","date":"2018-04-24T03:54:30.000Z","volume":6000,"label":" ","price":7.69},{"type":"B","date":"2018-04-24T03:55:26.000Z","volume":8000,"label":" ","price":7.68},{"type":"A","date":"2018-04-24T03:55:39.000Z","volume":4000,"label":" ","price":7.69},{"type":"A","date":"2018-04-24T03:56:59.000Z","volume":4000,"label":" ","price":7.69},{"type":"B","date":"2018-04-24T03:57:06.000Z","volume":8000,"label":" ","price":7.68},{"type":"A","date":"2018-04-24T03:57:07.000Z","volume":6000,"label":" ","price":7.69},{"type":"A","date":"2018-04-24T03:57:08.000Z","volume":2000,"label":" ","price":7.69},{"type":"B","date":"2018-04-24T03:57:57.000Z","volume":2000,"label":" ","price":7.68},{"type":"A","date":"2018-04-24T03:57:57.000Z","volume":6000,"label":" ","price":7.69},{"type":"A","date":"2018-04-24T03:58:18.000Z","volume":72000,"label":" ","price":7.7},{"type":"A","date":"2018-04-24T03:58:18.000Z","volume":2000,"label":" ","price":7.71},{"type":"A","date":"2018-04-24T03:58:18.000Z","volume":2000,"label":" ","price":7.72},{"type":"B","date":"2018-04-24T03:58:47.000Z","volume":6000,"label":" ","price":7.71},{"type":"B","date":"2018-04-24T03:58:48.000Z","volume":6000,"label":" ","price":7.71},{"type":"B","date":"2018-04-24T03:59:05.000Z","volume":30000,"label":" ","price":7.71},{"type":"A","date":"2018-04-24T03:59:05.000Z","volume":2000,"label":" ","price":7.72},{"type":"B","date":"2018-04-24T03:59:29.000Z","volume":8000,"label":" ","price":7.71},{"type":"B","date":"2018-04-24T03:59:29.000Z","volume":2000,"label":" ","price":7.71},{"type":"B","date":"2018-04-24T03:59:37.000Z","volume":2000,"label":" ","price":7.7},{"type":"B","date":"2018-04-24T05:00:00.000Z","volume":6000,"label":" ","price":7.7},{"type":"A","date":"2018-04-24T05:00:02.000Z","volume":2000,"label":" ","price":7.71},{"type":"B","date":"2018-04-24T05:00:27.000Z","volume":8000,"label":" ","price":7.7},{"type":"A","date":"2018-04-24T05:00:47.000Z","volume":4000,"label":" ","price":7.71},{"type":"A","date":"2018-04-24T05:00:47.000Z","volume":2000,"label":" ","price":7.71},{"type":"A","date":"2018-04-24T05:00:47.000Z","volume":50000,"label":" ","price":7.71},{"type":"A","date":"2018-04-24T05:00:48.000Z","volume":2000,"label":" ","price":7.72},{"type":"B","date":"2018-04-24T05:02:07.000Z","volume":6000,"label":" ","price":7.7},{"type":"B","date":"2018-04-24T05:03:35.000Z","volume":2000,"label":" ","price":7.71},{"type":"B","date":"2018-04-24T05:03:47.000Z","volume":8000,"label":" ","price":7.71},{"type":"A","date":"2018-04-24T05:03:48.000Z","volume":8000,"label":" ","price":7.72},{"type":"A","date":"2018-04-24T05:03:49.000Z","volume":2000,"label":" ","price":7.72},{"type":"B","date":"2018-04-24T05:04:30.000Z","volume":6000,"label":" ","price":7.71},{"type":"B","date":"2018-04-24T05:04:42.000Z","volume":4000,"label":" ","price":7.71},{"type":"B","date":"2018-04-24T05:04:42.000Z","volume":26000,"label":" ","price":7.71},{"type":"B","date":"2018-04-24T05:05:12.000Z","volume":2000,"label":" ","price":7.71},{"type":"U","date":"2018-04-24T05:05:12.000Z","volume":2000,"label":"X","price":7.71},{"type":"A","date":"2018-04-24T05:05:22.000Z","volume":10000,"label":" ","price":7.71},{"type":"B","date":"2018-04-24T05:05:27.000Z","volume":6000,"label":" ","price":7.7},{"type":"A","date":"2018-04-24T05:05:27.000Z","volume":8000,"label":" ","price":7.71},{"type":"U","date":"2018-04-24T05:05:53.000Z","volume":534,"label":"D","price":7.75},{"type":"A","date":"2018-04-24T05:06:05.000Z","volume":10000,"label":" ","price":7.71},{"type":"A","date":"2018-04-24T05:06:35.000Z","volume":20000,"label":" ","price":7.71},{"type":"A","date":"2018-04-24T05:06:36.000Z","volume":2000,"label":" ","price":7.71},{"type":"B","date":"2018-04-24T05:07:08.000Z","volume":8000,"label":" ","price":7.7},{"type":"A","date":"2018-04-24T05:07:14.000Z","volume":50000,"label":" ","price":7.71},{"type":"A","date":"2018-04-24T05:07:16.000Z","volume":2000,"label":" ","price":7.71},{"type":"B","date":"2018-04-24T05:07:53.000Z","volume":10000,"label":" ","price":7.7},{"type":"A","date":"2018-04-24T05:07:55.000Z","volume":2000,"label":" ","price":7.71},{"type":"B","date":"2018-04-24T05:07:55.000Z","volume":66000,"label":" ","price":7.7},{"type":"B","date":"2018-04-24T05:07:55.000Z","volume":6000,"label":" ","price":7.7},{"type":"B","date":"2018-04-24T05:07:56.000Z","volume":8000,"label":" ","price":7.7},{"type":"A","date":"2018-04-24T05:07:57.000Z","volume":2000,"label":"Y","price":7.7},{"type":"B","date":"2018-04-24T05:08:48.000Z","volume":8000,"label":" ","price":7.69},{"type":"A","date":"2018-04-24T05:09:38.000Z","volume":36000,"label":" ","price":7.7},{"type":"A","date":"2018-04-24T05:09:40.000Z","volume":2000,"label":" ","price":7.71},{"type":"A","date":"2018-04-24T05:10:00.000Z","volume":6000,"label":" ","price":7.71},{"type":"A","date":"2018-04-24T05:10:00.000Z","volume":4000,"label":" ","price":7.72},{"type":"B","date":"2018-04-24T05:10:28.000Z","volume":6000,"label":" ","price":7.7},{"type":"A","date":"2018-04-24T05:11:04.000Z","volume":10000,"label":" ","price":7.71},{"type":"A","date":"2018-04-24T05:11:05.000Z","volume":2000,"label":" ","price":7.71},{"type":"B","date":"2018-04-24T05:12:09.000Z","volume":8000,"label":" ","price":7.7},{"type":"A","date":"2018-04-24T05:13:02.000Z","volume":4000,"label":" ","price":7.71},{"type":"B","date":"2018-04-24T05:13:49.000Z","volume":6000,"label":" ","price":7.7},{"type":"A","date":"2018-04-24T05:15:01.000Z","volume":10000,"label":" ","price":7.71},{"type":"B","date":"2018-04-24T05:15:29.000Z","volume":8000,"label":" ","price":7.7},{"type":"A","date":"2018-04-24T05:15:30.000Z","volume":2000,"label":" ","price":7.71},{"type":"A","date":"2018-04-24T05:15:34.000Z","volume":14000,"label":" ","price":7.71},{"type":"A","date":"2018-04-24T05:15:48.000Z","volume":46000,"label":" ","price":7.72},{"type":"A","date":"2018-04-24T05:15:50.000Z","volume":2000,"label":" ","price":7.72},{"type":"B","date":"2018-04-24T05:16:50.000Z","volume":10000,"label":" ","price":7.71},{"type":"B","date":"2018-04-24T05:17:09.000Z","volume":6000,"label":" ","price":7.71},{"type":"A","date":"2018-04-24T05:17:11.000Z","volume":2000,"label":" ","price":7.72},{"type":"B","date":"2018-04-24T05:17:34.000Z","volume":2000,"label":" ","price":7.71},{"type":"B","date":"2018-04-24T05:17:57.000Z","volume":66000,"label":" ","price":7.71},{"type":"B","date":"2018-04-24T05:17:57.000Z","volume":4000,"label":" ","price":7.7},{"type":"A","date":"2018-04-24T05:17:57.000Z","volume":2000,"label":" ","price":7.71},{"type":"A","date":"2018-04-24T05:17:58.000Z","volume":6000,"label":" ","price":7.71},{"type":"A","date":"2018-04-24T05:17:59.000Z","volume":2000,"label":" ","price":7.71},{"type":"B","date":"2018-04-24T05:18:50.000Z","volume":8000,"label":" ","price":7.69},{"type":"A","date":"2018-04-24T05:19:10.000Z","volume":6000,"label":" ","price":7.7},{"type":"B","date":"2018-04-24T05:19:12.000Z","volume":2000,"label":" ","price":7.69},{"type":"A","date":"2018-04-24T05:19:31.000Z","volume":54000,"label":" ","price":7.7},{"type":"U","date":"2018-04-24T05:19:33.000Z","volume":2000,"label":"X","price":7.705},{"type":"B","date":"2018-04-24T05:20:30.000Z","volume":6000,"label":"Y","price":7.7},{"type":"A","date":"2018-04-24T05:20:32.000Z","volume":2000,"label":" ","price":7.71},{"type":"A","date":"2018-04-24T05:20:32.000Z","volume":4000,"label":" ","price":7.71},{"type":"A","date":"2018-04-24T05:20:43.000Z","volume":6000,"label":" ","price":7.71},{"type":"A","date":"2018-04-24T05:20:46.000Z","volume":2000,"label":" ","price":7.71},{"type":"A","date":"2018-04-24T05:21:30.000Z","volume":50000,"label":" ","price":7.72},{"type":"A","date":"2018-04-24T05:21:31.000Z","volume":2000,"label":" ","price":7.72},{"type":"A","date":"2018-04-24T05:21:31.000Z","volume":4000,"label":" ","price":7.72},{"type":"A","date":"2018-04-24T05:21:33.000Z","volume":6000,"label":" ","price":7.73},{"type":"B","date":"2018-04-24T05:22:10.000Z","volume":8000,"label":"Y","price":7.72},{"type":"A","date":"2018-04-24T05:22:10.000Z","volume":2000,"label":" ","price":7.73},{"type":"B","date":"2018-04-24T05:22:11.000Z","volume":60000,"label":" ","price":7.72},{"type":"B","date":"2018-04-24T05:22:11.000Z","volume":2000,"label":" ","price":7.72},{"type":"A","date":"2018-04-24T05:22:11.000Z","volume":2000,"label":" ","price":7.72},{"type":"A","date":"2018-04-24T05:22:11.000Z","volume":2000,"label":" ","price":7.72},{"type":"B","date":"2018-04-24T05:23:18.000Z","volume":4000,"label":" ","price":7.71},{"type":"B","date":"2018-04-24T05:23:51.000Z","volume":8000,"label":" ","price":7.71},{"type":"A","date":"2018-04-24T05:23:52.000Z","volume":2000,"label":" ","price":7.72},{"type":"A","date":"2018-04-24T05:24:13.000Z","volume":42000,"label":" ","price":7.72},{"type":"A","date":"2018-04-24T05:24:15.000Z","volume":2000,"label":" ","price":7.73},{"type":"A","date":"2018-04-24T05:25:29.000Z","volume":10000,"label":" ","price":7.73},{"type":"B","date":"2018-04-24T05:25:31.000Z","volume":6000,"label":"Y","price":7.72},{"type":"A","date":"2018-04-24T05:26:30.000Z","volume":4000,"label":" ","price":7.73},{"type":"A","date":"2018-04-24T05:26:59.000Z","volume":10000,"label":" ","price":7.73},{"type":"A","date":"2018-04-24T05:26:59.000Z","volume":2000,"label":" ","price":7.73},{"type":"A","date":"2018-04-24T05:27:05.000Z","volume":10000,"label":" ","price":7.73},{"type":"B","date":"2018-04-24T05:27:10.000Z","volume":4000,"label":" ","price":7.72},{"type":"B","date":"2018-04-24T05:27:12.000Z","volume":8000,"label":" ","price":7.72},{"type":"A","date":"2018-04-24T05:27:18.000Z","volume":6000,"label":" ","price":7.73},{"type":"A","date":"2018-04-24T05:28:00.000Z","volume":34000,"label":" ","price":7.73},{"type":"A","date":"2018-04-24T05:28:00.000Z","volume":4000,"label":" ","price":7.73},{"type":"U","date":"2018-04-24T05:28:00.000Z","volume":2000,"label":"X","price":7.73},{"type":"B","date":"2018-04-24T05:28:29.000Z","volume":10000,"label":" ","price":7.73},{"type":"B","date":"2018-04-24T05:28:52.000Z","volume":6000,"label":" ","price":7.73},{"type":"A","date":"2018-04-24T05:28:52.000Z","volume":2000,"label":" ","price":7.74},{"type":"B","date":"2018-04-24T05:29:03.000Z","volume":2000,"label":" ","price":7.73},{"type":"B","date":"2018-04-24T05:29:11.000Z","volume":8000,"label":" ","price":7.73},{"type":"A","date":"2018-04-24T05:29:31.000Z","volume":2000,"label":" ","price":7.73},{"type":"A","date":"2018-04-24T05:29:54.000Z","volume":2000,"label":" ","price":7.73},{"type":"A","date":"2018-04-24T05:30:22.000Z","volume":2000,"label":" ","price":7.73},{"type":"A","date":"2018-04-24T05:30:25.000Z","volume":30000,"label":" ","price":7.73},{"type":"A","date":"2018-04-24T05:30:25.000Z","volume":2000,"label":" ","price":7.74},{"type":"B","date":"2018-04-24T05:30:32.000Z","volume":8000,"label":" ","price":7.72},{"type":"B","date":"2018-04-24T05:31:50.000Z","volume":2000,"label":" ","price":7.72},{"type":"A","date":"2018-04-24T05:32:00.000Z","volume":20000,"label":" ","price":7.73},{"type":"A","date":"2018-04-24T05:32:01.000Z","volume":2000,"label":" ","price":7.74},{"type":"B","date":"2018-04-24T05:32:13.000Z","volume":2000,"label":"Y","price":7.72},{"type":"B","date":"2018-04-24T05:32:13.000Z","volume":4000,"label":" ","price":7.72},{"type":"A","date":"2018-04-24T05:32:49.000Z","volume":4000,"label":" ","price":7.73},{"type":"A","date":"2018-04-24T05:32:56.000Z","volume":12000,"label":" ","price":7.73},{"type":"B","date":"2018-04-24T05:33:06.000Z","volume":10000,"label":" ","price":7.73},{"type":"B","date":"2018-04-24T05:33:47.000Z","volume":4000,"label":" ","price":7.73},{"type":"B","date":"2018-04-24T05:33:47.000Z","volume":10000,"label":" ","price":7.73},{"type":"B","date":"2018-04-24T05:33:47.000Z","volume":2000,"label":" ","price":7.73},{"type":"U","date":"2018-04-24T05:33:47.000Z","volume":2000,"label":" ","price":7.73},{"type":"A","date":"2018-04-24T05:33:49.000Z","volume":2000,"label":"Y","price":7.73},{"type":"B","date":"2018-04-24T05:33:53.000Z","volume":8000,"label":" ","price":7.72},{"type":"B","date":"2018-04-24T05:35:13.000Z","volume":18000,"label":" ","price":7.72},{"type":"A","date":"2018-04-24T05:35:14.000Z","volume":2000,"label":"Y","price":7.73},{"type":"B","date":"2018-04-24T05:35:33.000Z","volume":6000,"label":" ","price":7.71},{"type":"A","date":"2018-04-24T05:36:22.000Z","volume":4000,"label":" ","price":7.72},{"type":"B","date":"2018-04-24T05:37:14.000Z","volume":8000,"label":" ","price":7.71},{"type":"A","date":"2018-04-24T05:37:16.000Z","volume":10000,"label":" ","price":7.72},{"type":"A","date":"2018-04-24T05:37:40.000Z","volume":36000,"label":" ","price":7.72},{"type":"A","date":"2018-04-24T05:37:43.000Z","volume":6000,"label":" ","price":7.72},{"type":"A","date":"2018-04-24T05:38:32.000Z","volume":4000,"label":" ","price":7.73},{"type":"A","date":"2018-04-24T05:38:33.000Z","volume":2000,"label":" ","price":7.74},{"type":"B","date":"2018-04-24T05:38:52.000Z","volume":2000,"label":" ","price":7.73},{"type":"B","date":"2018-04-24T05:38:54.000Z","volume":8000,"label":" ","price":7.73},{"type":"A","date":"2018-04-24T05:39:16.000Z","volume":4000,"label":" ","price":7.74},{"type":"B","date":"2018-04-24T05:39:23.000Z","volume":32000,"label":" ","price":7.73},{"type":"A","date":"2018-04-24T05:39:23.000Z","volume":8000,"label":" ","price":7.73},{"type":"A","date":"2018-04-24T05:39:24.000Z","volume":2000,"label":" ","price":7.74},{"type":"B","date":"2018-04-24T05:40:34.000Z","volume":6000,"label":" ","price":7.73},{"type":"A","date":"2018-04-24T05:41:14.000Z","volume":2000,"label":" ","price":7.74},{"type":"B","date":"2018-04-24T05:41:53.000Z","volume":4000,"label":" ","price":7.73},{"type":"B","date":"2018-04-24T05:42:14.000Z","volume":4000,"label":"Y","price":7.73},{"type":"B","date":"2018-04-24T05:42:14.000Z","volume":4000,"label":" ","price":7.73},{"type":"B","date":"2018-04-24T05:42:32.000Z","volume":2000,"label":" ","price":7.73},{"type":"U","date":"2018-04-24T05:42:34.000Z","volume":2000,"label":"X","price":7.735},{"type":"B","date":"2018-04-24T05:42:34.000Z","volume":10000,"label":" ","price":7.73},{"type":"B","date":"2018-04-24T05:43:28.000Z","volume":4000,"label":" ","price":7.73},{"type":"B","date":"2018-04-24T05:43:54.000Z","volume":6000,"label":"Y","price":7.73},{"type":"B","date":"2018-04-24T05:43:58.000Z","volume":10000,"label":" ","price":7.73},{"type":"B","date":"2018-04-24T05:43:58.000Z","volume":2000,"label":"Y","price":7.73},{"type":"B","date":"2018-04-24T05:43:58.000Z","volume":8000,"label":" ","price":7.73},{"type":"B","date":"2018-04-24T05:44:20.000Z","volume":54000,"label":" ","price":7.73},{"type":"A","date":"2018-04-24T05:44:20.000Z","volume":6000,"label":" ","price":7.74},{"type":"B","date":"2018-04-24T05:45:16.000Z","volume":4000,"label":" ","price":7.72},{"type":"B","date":"2018-04-24T05:45:16.000Z","volume":58000,"label":" ","price":7.72},{"type":"U","date":"2018-04-24T05:45:16.000Z","volume":2000,"label":" ","price":7.72},{"type":"A","date":"2018-04-24T05:45:17.000Z","volume":2000,"label":" ","price":7.73},{"type":"A","date":"2018-04-24T05:45:22.000Z","volume":10000,"label":" ","price":7.72},{"type":"B","date":"2018-04-24T05:45:35.000Z","volume":8000,"label":"Y","price":7.71},{"type":"B","date":"2018-04-24T05:47:15.000Z","volume":6000,"label":"Y","price":7.71},{"type":"A","date":"2018-04-24T05:48:38.000Z","volume":10000,"label":" ","price":7.72},{"type":"U","date":"2018-04-24T05:48:39.000Z","volume":2000,"label":"X","price":7.715},{"type":"B","date":"2018-04-24T05:48:55.000Z","volume":8000,"label":"Y","price":7.71},{"type":"B","date":"2018-04-24T05:50:36.000Z","volume":6000,"label":"Y","price":7.71},{"type":"A","date":"2018-04-24T05:51:00.000Z","volume":2000,"label":" ","price":7.72},{"type":"A","date":"2018-04-24T05:51:30.000Z","volume":32000,"label":" ","price":7.72},{"type":"A","date":"2018-04-24T05:51:30.000Z","volume":4000,"label":" ","price":7.72},{"type":"U","date":"2018-04-24T05:51:31.000Z","volume":2000,"label":"X","price":7.715},{"type":"A","date":"2018-04-24T05:51:46.000Z","volume":4000,"label":" ","price":7.72},{"type":"B","date":"2018-04-24T05:52:17.000Z","volume":8000,"label":"Y","price":7.71},{"type":"B","date":"2018-04-24T05:52:29.000Z","volume":10000,"label":" ","price":7.71},{"type":"B","date":"2018-04-24T05:53:57.000Z","volume":4000,"label":"Y","price":7.71},{"type":"B","date":"2018-04-24T05:53:57.000Z","volume":4000,"label":" ","price":7.71},{"type":"B","date":"2018-04-24T05:54:05.000Z","volume":48000,"label":" ","price":7.71},{"type":"B","date":"2018-04-24T05:54:05.000Z","volume":42000,"label":" ","price":7.71},{"type":"A","date":"2018-04-24T05:54:05.000Z","volume":2000,"label":" ","price":7.71},{"type":"A","date":"2018-04-24T05:54:06.000Z","volume":6000,"label":" ","price":7.71},{"type":"A","date":"2018-04-24T05:54:07.000Z","volume":2000,"label":" ","price":7.71},{"type":"A","date":"2018-04-24T05:54:07.000Z","volume":6000,"label":" ","price":7.71},{"type":"A","date":"2018-04-24T05:54:20.000Z","volume":10000,"label":" ","price":7.71},{"type":"B","date":"2018-04-24T05:54:45.000Z","volume":2000,"label":" ","price":7.7},{"type":"A","date":"2018-04-24T05:55:08.000Z","volume":4000,"label":" ","price":7.71},{"type":"B","date":"2018-04-24T05:55:36.000Z","volume":6000,"label":"Y","price":7.7},{"type":"A","date":"2018-04-24T05:55:42.000Z","volume":10000,"label":" ","price":7.71},{"type":"B","date":"2018-04-24T05:57:17.000Z","volume":8000,"label":"Y","price":7.7},{"type":"B","date":"2018-04-24T05:57:21.000Z","volume":2000,"label":" ","price":7.7},{"type":"B","date":"2018-04-24T05:57:43.000Z","volume":36000,"label":" ","price":7.7},{"type":"A","date":"2018-04-24T05:57:43.000Z","volume":40000,"label":" ","price":7.71},{"type":"A","date":"2018-04-24T05:57:51.000Z","volume":8000,"label":" ","price":7.71},{"type":"A","date":"2018-04-24T05:58:07.000Z","volume":10000,"label":" ","price":7.71},{"type":"A","date":"2018-04-24T05:58:20.000Z","volume":12000,"label":" ","price":7.71},{"type":"A","date":"2018-04-24T05:58:20.000Z","volume":6000,"label":" ","price":7.71},{"type":"A","date":"2018-04-24T05:58:20.000Z","volume":2000,"label":" ","price":7.72},{"type":"A","date":"2018-04-24T05:58:43.000Z","volume":2000,"label":" ","price":7.72},{"type":"B","date":"2018-04-24T05:58:58.000Z","volume":6000,"label":" ","price":7.71},{"type":"B","date":"2018-04-24T06:00:38.000Z","volume":8000,"label":" ","price":7.71},{"type":"B","date":"2018-04-24T06:01:31.000Z","volume":4000,"label":" ","price":7.71},{"type":"B","date":"2018-04-24T06:01:35.000Z","volume":48000,"label":" ","price":7.71},{"type":"B","date":"2018-04-24T06:01:35.000Z","volume":12000,"label":" ","price":7.71},{"type":"B","date":"2018-04-24T06:01:41.000Z","volume":8000,"label":" ","price":7.71},{"type":"A","date":"2018-04-24T06:02:02.000Z","volume":4000,"label":" ","price":7.71},{"type":"B","date":"2018-04-24T06:02:18.000Z","volume":6000,"label":" ","price":7.7},{"type":"B","date":"2018-04-24T06:02:36.000Z","volume":10000,"label":" ","price":7.7},{"type":"B","date":"2018-04-24T06:03:59.000Z","volume":8000,"label":" ","price":7.7},{"type":"B","date":"2018-04-24T06:04:15.000Z","volume":10000,"label":" ","price":7.7},{"type":"B","date":"2018-04-24T06:04:15.000Z","volume":40000,"label":" ","price":7.7},{"type":"A","date":"2018-04-24T06:04:16.000Z","volume":6000,"label":" ","price":7.7},{"type":"A","date":"2018-04-24T06:04:16.000Z","volume":10000,"label":" ","price":7.7},{"type":"A","date":"2018-04-24T06:05:24.000Z","volume":14000,"label":" ","price":7.7},{"type":"A","date":"2018-04-24T06:05:26.000Z","volume":10000,"label":" ","price":7.7},{"type":"B","date":"2018-04-24T06:05:39.000Z","volume":6000,"label":" ","price":7.69},{"type":"A","date":"2018-04-24T06:05:39.000Z","volume":10000,"label":" ","price":7.7},{"type":"A","date":"2018-04-24T06:05:40.000Z","volume":4000,"label":" ","price":7.7},{"type":"B","date":"2018-04-24T06:05:55.000Z","volume":2000,"label":" ","price":7.69},{"type":"B","date":"2018-04-24T06:06:48.000Z","volume":2000,"label":" ","price":7.69},{"type":"B","date":"2018-04-24T06:06:58.000Z","volume":2000,"label":" ","price":7.69},{"type":"B","date":"2018-04-24T06:07:19.000Z","volume":8000,"label":" ","price":7.69},{"type":"A","date":"2018-04-24T06:07:32.000Z","volume":4000,"label":" ","price":7.7},{"type":"B","date":"2018-04-24T06:07:33.000Z","volume":10000,"label":" ","price":7.69},{"type":"A","date":"2018-04-24T06:08:00.000Z","volume":34000,"label":" ","price":7.7},{"type":"A","date":"2018-04-24T06:08:02.000Z","volume":8000,"label":" ","price":7.7},{"type":"B","date":"2018-04-24T06:08:24.000Z","volume":2000,"label":" ","price":7.69},{"type":"B","date":"2018-04-24T06:08:35.000Z","volume":56000,"label":" ","price":7.69},{"type":"B","date":"2018-04-24T06:08:35.000Z","volume":26000,"label":" ","price":7.69},{"type":"B","date":"2018-04-24T06:08:59.000Z","volume":8000,"label":" ","price":7.68},{"type":"B","date":"2018-04-24T06:09:01.000Z","volume":48000,"label":" ","price":7.68},{"type":"B","date":"2018-04-24T06:09:01.000Z","volume":4000,"label":" ","price":7.67},{"type":"U","date":"2018-04-24T06:09:01.000Z","volume":10000,"label":" ","price":7.67},{"type":"B","date":"2018-04-24T06:09:02.000Z","volume":38000,"label":" ","price":7.66},{"type":"U","date":"2018-04-24T06:09:02.000Z","volume":22000,"label":" ","price":7.66},{"type":"A","date":"2018-04-24T06:09:02.000Z","volume":14000,"label":" ","price":7.67},{"type":"B","date":"2018-04-24T06:09:04.000Z","volume":6000,"label":" ","price":7.66},{"type":"B","date":"2018-04-24T06:09:04.000Z","volume":4000,"label":" ","price":7.66},{"type":"B","date":"2018-04-24T06:09:04.000Z","volume":2000,"label":" ","price":7.66},{"type":"B","date":"2018-04-24T06:10:40.000Z","volume":6000,"label":" ","price":7.66},{"type":"B","date":"2018-04-24T06:10:41.000Z","volume":10000,"label":" ","price":7.66},{"type":"B","date":"2018-04-24T06:11:19.000Z","volume":20000,"label":" ","price":7.66},{"type":"B","date":"2018-04-24T06:11:19.000Z","volume":10000,"label":" ","price":7.66},{"type":"B","date":"2018-04-24T06:12:02.000Z","volume":2000,"label":" ","price":7.66},{"type":"B","date":"2018-04-24T06:12:09.000Z","volume":4000,"label":" ","price":7.66},{"type":"B","date":"2018-04-24T06:12:20.000Z","volume":8000,"label":" ","price":7.66},{"type":"A","date":"2018-04-24T06:12:21.000Z","volume":4000,"label":" ","price":7.67},{"type":"B","date":"2018-04-24T06:12:24.000Z","volume":4000,"label":" ","price":7.66},{"type":"B","date":"2018-04-24T06:13:18.000Z","volume":10000,"label":" ","price":7.66},{"type":"A","date":"2018-04-24T06:13:56.000Z","volume":4000,"label":" ","price":7.67},{"type":"B","date":"2018-04-24T06:14:00.000Z","volume":6000,"label":" ","price":7.66}