[{"type":"A","date":"2018-03-13T03:11:16.000Z","volume":162000,"price":1.11,"category":"ubbull"},{"type":"A","date":"2018-03-13T07:59:59.000Z","volume":2000,"price":1.11,"category":"rbull"},{"type":"A","date":"2018-03-13T07:59:43.000Z","volume":2000,"price":1.11,"category":"rbull"},{"type":"A","date":"2018-03-13T07:59:29.000Z","volume":2000,"price":1.11,"category":"rbull"},{"type":"A","date":"2018-03-13T07:59:13.000Z","volume":2000,"price":1.11,"category":"rbull"},{"type":"A","date":"2018-03-13T07:58:59.000Z","volume":2000,"price":1.11,"category":"rbull"},{"type":"A","date":"2018-03-13T06:50:49.000Z","volume":2000,"price":1.12,"category":"rbull"},{"type":"A","date":"2018-03-13T05:52:22.000Z","volume":2000,"price":1.12,"category":"rbull"},{"type":"A","date":"2018-03-13T03:14:22.000Z","volume":2000,"price":1.12,"category":"rbull"},{"type":"A","date":"2018-03-13T03:14:07.000Z","volume":2000,"price":1.12,"category":"rbull"},{"type":"A","date":"2018-03-13T02:08:44.000Z","volume":2000,"price":1.12,"category":"rbull"},{"type":"A","date":"2018-03-13T02:06:52.000Z","volume":2000,"price":1.12,"category":"rbull"},{"type":"A","date":"2018-03-13T01:32:47.000Z","volume":2000,"price":1.13,"category":"rbull"},{"type":"B","date":"2018-03-13T07:59:59.000Z","volume":2000,"price":1.1,"category":"rbear"},{"type":"B","date":"2018-03-13T07:59:45.000Z","volume":2000,"price":1.1,"category":"rbear"},{"type":"B","date":"2018-03-13T07:59:30.000Z","volume":2000,"price":1.1,"category":"rbear"},{"type":"B","date":"2018-03-13T07:59:14.000Z","volume":2000,"price":1.1,"category":"rbear"},{"type":"B","date":"2018-03-13T07:59:10.000Z","volume":2000,"price":1.1,"category":"rbear"},{"type":"B","date":"2018-03-13T07:59:01.000Z","volume":2000,"price":1.1,"category":"rbear"},{"type":"B","date":"2018-03-13T07:53:22.000Z","volume":2000,"price":1.1,"category":"rbear"},{"type":"B","date":"2018-03-13T06:52:53.000Z","volume":2000,"price":1.09,"category":"rbear"},{"type":"B","date":"2018-03-13T05:52:09.000Z","volume":2000,"price":1.09,"category":"rbear"},{"type":"B","date":"2018-03-13T03:07:59.000Z","volume":2000,"price":1.1,"category":"rbear"},{"type":"B","date":"2018-03-13T01:31:53.000Z","volume":2000,"price":1.11,"category":"rbear"},{"type":"B","date":"2018-03-13T01:30:09.000Z","volume":2000,"price":1.12,"category":"rbear"},{"type":"B","date":"2018-03-13T07:21:30.000Z","volume":100000,"price":1.09,"category":"ubbear"},{"type":"B","date":"2018-03-13T05:41:36.000Z","volume":200000,"price":1.1,"category":"ubbear"}]