[{"type":"B","date":"2018-04-12T01:45:56.000Z","volume":4000,"label":" ","price":1.14},{"type":"B","date":"2018-04-12T01:48:29.000Z","volume":50000,"label":" ","price":1.14},{"type":"B","date":"2018-04-12T01:48:29.000Z","volume":6000,"label":" ","price":1.14},{"type":"A","date":"2018-04-12T01:51:58.000Z","volume":5000,"label":" ","price":1.14},{"type":"A","date":"2018-04-12T01:54:17.000Z","volume":41000,"label":" ","price":1.14},{"type":"B","date":"2018-04-12T01:54:23.000Z","volume":12000,"label":" ","price":1.14},{"type":"A","date":"2018-04-12T02:03:16.000Z","volume":1000,"label":" ","price":1.15},{"type":"B","date":"2018-04-12T02:04:43.000Z","volume":50000,"label":" ","price":1.14},{"type":"B","date":"2018-04-12T02:04:44.000Z","volume":1000,"label":" ","price":1.14},{"type":"B","date":"2018-04-12T02:07:22.000Z","volume":4000,"label":" ","price":1.13},{"type":"B","date":"2018-04-12T02:10:36.000Z","volume":6000,"label":" ","price":1.13},{"type":"B","date":"2018-04-12T02:34:48.000Z","volume":100000,"label":" ","price":1.13},{"type":"B","date":"2018-04-12T02:35:50.000Z","volume":150000,"label":" ","price":1.13},{"type":"B","date":"2018-04-12T02:35:56.000Z","volume":4000,"label":" ","price":1.13},{"type":"A","date":"2018-04-12T02:35:56.000Z","volume":45000,"label":" ","price":1.13},{"type":"B","date":"2018-04-12T02:53:23.000Z","volume":100000,"label":" ","price":1.13},{"type":"B","date":"2018-04-12T02:53:23.000Z","volume":100000,"label":" ","price":1.13},{"type":"A","date":"2018-04-12T02:59:40.000Z","volume":79000,"label":" ","price":1.13},{"type":"B","date":"2018-04-12T05:03:54.000Z","volume":18000,"label":" ","price":1.13},{"type":"A","date":"2018-04-12T05:10:30.000Z","volume":6000,"label":" ","price":1.14},{"type":"A","date":"2018-04-12T05:10:30.000Z","volume":44000,"label":" ","price":1.15},{"type":"A","date":"2018-04-12T05:13:02.000Z","volume":30000,"label":" ","price":1.15},{"type":"B","date":"2018-04-12T05:55:35.000Z","volume":5000,"label":" ","price":1.14},{"type":"B","date":"2018-04-12T05:55:35.000Z","volume":65000,"label":" ","price":1.13},{"type":"B","date":"2018-04-12T06:00:46.000Z","volume":25000,"label":" ","price":1.14},{"type":"B","date":"2018-04-12T06:00:46.000Z","volume":11000,"label":" ","price":1.14},{"type":"B","date":"2018-04-12T06:07:37.000Z","volume":6000,"label":" ","price":1.14},{"type":"B","date":"2018-04-12T06:42:51.000Z","volume":100000,"label":"Y","price":1.14},{"type":"B","date":"2018-04-12T06:42:51.000Z","volume":9000,"label":" ","price":1.14},{"type":"A","date":"2018-04-12T06:48:59.000Z","volume":70000,"label":" ","price":1.14},{"type":"B","date":"2018-04-12T07:21:13.000Z","volume":10000,"label":" ","price":1.13},{"type":"B","date":"2018-04-12T07:25:03.000Z","volume":10000,"label":" ","price":1.13},{"type":"A","date":"2018-04-12T07:30:48.000Z","volume":100000,"label":" ","price":1.14},{"type":"A","date":"2018-04-12T07:30:48.000Z","volume":15000,"label":" ","price":1.14},{"type":"A","date":"2018-04-12T07:38:50.000Z","volume":32000,"label":" ","price":1.14},{"type":"B","date":"2018-04-12T07:38:50.000Z","volume":6000,"label":" ","price":1.14},{"type":"B","date":"2018-04-12T07:40:25.000Z","volume":1000,"label":" ","price":1.14},{"type":"A","date":"2018-04-12T07:40:26.000Z","volume":100000,"label":" ","price":1.14},{"type":"A","date":"2018-04-12T07:57:19.000Z","volume":100000,"label":" ","price":1.14},{"type":"A","date":"2018-04-12T07:59:00.000Z","volume":1000,"label":" ","price":1.14}]