[{"type":"A","date":"2018-04-17T01:30:07.000Z","volume":1000,"label":" ","price":2.43},{"type":"A","date":"2018-04-17T01:36:44.000Z","volume":57000,"label":" ","price":2.43},{"type":"A","date":"2018-04-17T01:36:44.000Z","volume":31000,"label":" ","price":2.44},{"type":"A","date":"2018-04-17T01:36:44.000Z","volume":500000,"label":" ","price":2.48},{"type":"A","date":"2018-04-17T01:36:44.000Z","volume":12000,"label":" ","price":2.49},{"type":"A","date":"2018-04-17T01:38:07.000Z","volume":426000,"label":" ","price":2.48},{"type":"A","date":"2018-04-17T01:38:07.000Z","volume":4000,"label":" ","price":2.49},{"type":"B","date":"2018-04-17T01:38:41.000Z","volume":7000,"label":" ","price":2.43},{"type":"A","date":"2018-04-17T01:39:41.000Z","volume":400000,"label":" ","price":2.46},{"type":"B","date":"2018-04-17T01:40:11.000Z","volume":10000,"label":" ","price":2.42},{"type":"A","date":"2018-04-17T01:40:32.000Z","volume":1000,"label":" ","price":2.42},{"type":"B","date":"2018-04-17T01:42:25.000Z","volume":1000,"label":" ","price":2.41},{"type":"B","date":"2018-04-17T01:42:50.000Z","volume":240000,"label":" ","price":2.4},{"type":"B","date":"2018-04-17T01:43:11.000Z","volume":3000,"label":" ","price":2.4},{"type":"B","date":"2018-04-17T01:43:11.000Z","volume":1000,"label":" ","price":2.4},{"type":"A","date":"2018-04-17T01:43:11.000Z","volume":6000,"label":" ","price":2.4},{"type":"B","date":"2018-04-17T01:43:42.000Z","volume":10000,"label":" ","price":2.4},{"type":"A","date":"2018-04-17T01:44:38.000Z","volume":6000,"label":"Y","price":2.41},{"type":"A","date":"2018-04-17T01:44:38.000Z","volume":4000,"label":" ","price":2.41},{"type":"A","date":"2018-04-17T01:44:38.000Z","volume":1000,"label":" ","price":2.42},{"type":"B","date":"2018-04-17T01:45:12.000Z","volume":94000,"label":" ","price":2.39},{"type":"A","date":"2018-04-17T01:45:31.000Z","volume":1000,"label":" ","price":2.41},{"type":"B","date":"2018-04-17T01:45:44.000Z","volume":65000,"label":" ","price":2.39},{"type":"B","date":"2018-04-17T01:45:54.000Z","volume":4000,"label":" ","price":2.39},{"type":"B","date":"2018-04-17T01:47:00.000Z","volume":20000,"label":" ","price":2.39},{"type":"B","date":"2018-04-17T01:49:41.000Z","volume":2000,"label":" ","price":2.39},{"type":"B","date":"2018-04-17T01:49:41.000Z","volume":1000,"label":" ","price":2.39},{"type":"B","date":"2018-04-17T01:50:29.000Z","volume":295000,"label":" ","price":2.38},{"type":"B","date":"2018-04-17T01:50:36.000Z","volume":12000,"label":" ","price":2.38},{"type":"B","date":"2018-04-17T01:50:39.000Z","volume":4000,"label":" ","price":2.38},{"type":"A","date":"2018-04-17T01:54:38.000Z","volume":2000,"label":" ","price":2.4},{"type":"A","date":"2018-04-17T01:58:02.000Z","volume":1000,"label":" ","price":2.4},{"type":"A","date":"2018-04-17T02:05:00.000Z","volume":2000,"label":"Y","price":2.4},{"type":"A","date":"2018-04-17T02:05:00.000Z","volume":95000,"label":" ","price":2.4},{"type":"A","date":"2018-04-17T02:05:00.000Z","volume":2000,"label":" ","price":2.4},{"type":"A","date":"2018-04-17T02:07:31.000Z","volume":1000,"label":" ","price":2.4},{"type":"A","date":"2018-04-17T02:08:03.000Z","volume":12000,"label":" ","price":2.4},{"type":"A","date":"2018-04-17T02:09:06.000Z","volume":4000,"label":" ","price":2.4},{"type":"A","date":"2018-04-17T02:09:06.000Z","volume":1000,"label":" ","price":2.41},{"type":"B","date":"2018-04-17T02:09:26.000Z","volume":1000,"label":" ","price":2.4},{"type":"A","date":"2018-04-17T02:09:34.000Z","volume":2000,"label":" ","price":2.4},{"type":"A","date":"2018-04-17T02:09:34.000Z","volume":82000,"label":" ","price":2.41},{"type":"B","date":"2018-04-17T02:09:52.000Z","volume":60000,"label":" ","price":2.39},{"type":"B","date":"2018-04-17T02:10:11.000Z","volume":45000,"label":" ","price":2.39},{"type":"B","date":"2018-04-17T02:10:15.000Z","volume":4000,"label":" ","price":2.39},{"type":"A","date":"2018-04-17T02:10:26.000Z","volume":2000,"label":"Y","price":2.41},{"type":"A","date":"2018-04-17T02:10:26.000Z","volume":86000,"label":" ","price":2.41},{"type":"A","date":"2018-04-17T02:10:30.000Z","volume":1000,"label":" ","price":2.41},{"type":"B","date":"2018-04-17T02:10:38.000Z","volume":38000,"label":" ","price":2.39},{"type":"A","date":"2018-04-17T02:10:42.000Z","volume":2000,"label":" ","price":2.39},{"type":"A","date":"2018-04-17T02:11:12.000Z","volume":39000,"label":" ","price":2.4},{"type":"A","date":"2018-04-17T02:12:03.000Z","volume":1000,"label":"Y","price":2.4},{"type":"A","date":"2018-04-17T02:15:18.000Z","volume":4000,"label":" ","price":2.4},{"type":"A","date":"2018-04-17T02:15:31.000Z","volume":1000,"label":" ","price":2.4},{"type":"A","date":"2018-04-17T02:19:02.000Z","volume":1000,"label":" ","price":2.41},{"type":"B","date":"2018-04-17T02:20:42.000Z","volume":2000,"label":" ","price":2.39},{"type":"A","date":"2018-04-17T02:23:05.000Z","volume":256000,"label":" ","price":2.41},{"type":"A","date":"2018-04-17T02:23:32.000Z","volume":1000,"label":" ","price":2.41},{"type":"A","date":"2018-04-17T02:24:41.000Z","volume":99000,"label":" ","price":2.41},{"type":"B","date":"2018-04-17T02:29:13.000Z","volume":2000,"label":" ","price":2.41},{"type":"A","date":"2018-04-17T02:30:58.000Z","volume":498000,"label":" ","price":2.41},{"type":"A","date":"2018-04-17T02:33:07.000Z","volume":2000,"label":"Y","price":2.41},{"type":"A","date":"2018-04-17T02:33:07.000Z","volume":226000,"label":" ","price":2.41},{"type":"B","date":"2018-04-17T02:33:42.000Z","volume":611000,"label":" ","price":2.39},{"type":"A","date":"2018-04-17T02:34:40.000Z","volume":574000,"label":" ","price":2.41},{"type":"B","date":"2018-04-17T02:35:32.000Z","volume":50000,"label":" ","price":2.39},{"type":"B","date":"2018-04-17T02:38:19.000Z","volume":220000,"label":" ","price":2.39},{"type":"B","date":"2018-04-17T02:38:34.000Z","volume":90000,"label":" ","price":2.39},{"type":"B","date":"2018-04-17T02:38:44.000Z","volume":2000,"label":" ","price":2.39},{"type":"B","date":"2018-04-17T02:39:07.000Z","volume":100000,"label":" ","price":2.39},{"type":"A","date":"2018-04-17T02:39:19.000Z","volume":21000,"label":" ","price":2.4},{"type":"A","date":"2018-04-17T02:39:19.000Z","volume":91000,"label":" ","price":2.41},{"type":"B","date":"2018-04-17T02:42:52.000Z","volume":21000,"label":" ","price":2.39},{"type":"B","date":"2018-04-17T02:43:23.000Z","volume":2000,"label":" ","price":2.39},{"type":"B","date":"2018-04-17T02:43:23.000Z","volume":1000,"label":"Y","price":2.38},{"type":"B","date":"2018-04-17T02:43:23.000Z","volume":654000,"label":" ","price":2.38},{"type":"B","date":"2018-04-17T02:43:23.000Z","volume":20000,"label":" ","price":2.38},{"type":"A","date":"2018-04-17T02:44:54.000Z","volume":9000,"label":" ","price":2.39},{"type":"A","date":"2018-04-17T02:44:54.000Z","volume":1000,"label":" ","price":2.4},{"type":"A","date":"2018-04-17T02:49:23.000Z","volume":1000,"label":" ","price":2.39},{"type":"A","date":"2018-04-17T03:04:33.000Z","volume":1000,"label":" ","price":2.39},{"type":"B","date":"2018-04-17T03:09:14.000Z","volume":1000,"label":" ","price":2.38},{"type":"B","date":"2018-04-17T03:09:26.000Z","volume":1000,"label":" ","price":2.38},{"type":"B","date":"2018-04-17T03:10:45.000Z","volume":4000,"label":" ","price":2.38},{"type":"A","date":"2018-04-17T03:12:34.000Z","volume":1000,"label":" ","price":2.39},{"type":"B","date":"2018-04-17T03:15:16.000Z","volume":37000,"label":" ","price":2.38},{"type":"A","date":"2018-04-17T03:17:59.000Z","volume":22000,"label":" ","price":2.38},{"type":"A","date":"2018-04-17T03:17:59.000Z","volume":1000,"label":" ","price":2.39},{"type":"A","date":"2018-04-17T03:18:55.000Z","volume":29000,"label":" ","price":2.39},{"type":"A","date":"2018-04-17T03:18:55.000Z","volume":1000,"label":" ","price":2.4},{"type":"A","date":"2018-04-17T03:20:23.000Z","volume":1000,"label":" ","price":2.4},{"type":"B","date":"2018-04-17T03:26:24.000Z","volume":2000,"label":" ","price":2.38},{"type":"A","date":"2018-04-17T03:29:38.000Z","volume":1000,"label":" ","price":2.4},{"type":"B","date":"2018-04-17T03:35:16.000Z","volume":2000,"label":" ","price":2.38},{"type":"A","date":"2018-04-17T03:39:17.000Z","volume":1000,"label":" ","price":2.4},{"type":"B","date":"2018-04-17T03:41:02.000Z","volume":49000,"label":" ","price":2.38},{"type":"B","date":"2018-04-17T03:41:02.000Z","volume":1000,"label":" ","price":2.38},{"type":"B","date":"2018-04-17T03:41:29.000Z","volume":4000,"label":" ","price":2.38},{"type":"B","date":"2018-04-17T03:44:37.000Z","volume":10000,"label":" ","price":2.38},{"type":"A","date":"2018-04-17T03:44:55.000Z","volume":47000,"label":" ","price":2.38},{"type":"B","date":"2018-04-17T05:03:17.000Z","volume":3000,"label":" ","price":2.37},{"type":"A","date":"2018-04-17T05:04:36.000Z","volume":1000,"label":" ","price":2.39},{"type":"A","date":"2018-04-17T05:10:56.000Z","volume":1000,"label":" ","price":2.39},{"type":"B","date":"2018-04-17T05:14:18.000Z","volume":4000,"label":" ","price":2.37},{"type":"A","date":"2018-04-17T05:15:06.000Z","volume":2000,"label":" ","price":2.38},{"type":"A","date":"2018-04-17T05:15:41.000Z","volume":8000,"label":" ","price":2.38},{"type":"A","date":"2018-04-17T05:15:41.000Z","volume":1000,"label":" ","price":2.39},{"type":"A","date":"2018-04-17T05:35:41.000Z","volume":1000,"label":" ","price":2.39},{"type":"A","date":"2018-04-17T05:38:37.000Z","volume":1000,"label":" ","price":2.39},{"type":"B","date":"2018-04-17T05:45:27.000Z","volume":60000,"label":" ","price":2.37},{"type":"B","date":"2018-04-17T05:45:27.000Z","volume":5000,"label":" ","price":2.37},{"type":"B","date":"2018-04-17T05:49:19.000Z","volume":3000,"label":" ","price":2.37},{"type":"B","date":"2018-04-17T06:00:49.000Z","volume":3000,"label":" ","price":2.37},{"type":"A","date":"2018-04-17T06:01:56.000Z","volume":1000,"label":" ","price":2.38},{"type":"B","date":"2018-04-17T06:02:28.000Z","volume":55000,"label":" ","price":2.37},{"type":"B","date":"2018-04-17T06:02:28.000Z","volume":3000,"label":" ","price":2.37},{"type":"A","date":"2018-04-17T06:03:11.000Z","volume":1000,"label":" ","price":2.38},{"type":"B","date":"2018-04-17T06:11:50.000Z","volume":3000,"label":" ","price":2.37},{"type":"B","date":"2018-04-17T06:15:16.000Z","volume":2000,"label":" ","price":2.37},{"type":"B","date":"2018-04-17T06:15:21.000Z","volume":7000,"label":" ","price":2.37},{"type":"B","date":"2018-04-17T06:15:21.000Z","volume":1000,"label":" ","price":2.37},{"type":"A","date":"2018-04-17T06:15:44.000Z","volume":1000,"label":" ","price":2.38},{"type":"A","date":"2018-04-17T06:22:11.000Z","volume":1000,"label":" ","price":2.38},{"type":"B","date":"2018-04-17T06:27:21.000Z","volume":2000,"label":" ","price":2.37},{"type":"A","date":"2018-04-17T06:29:15.000Z","volume":1000,"label":" ","price":2.38},{"type":"B","date":"2018-04-17T06:34:21.000Z","volume":2000,"label":" ","price":2.37},{"type":"A","date":"2018-04-17T06:35:04.000Z","volume":1000,"label":" ","price":2.38},{"type":"B","date":"2018-04-17T06:40:52.000Z","volume":2000,"label":" ","price":2.37},{"type":"A","date":"2018-04-17T06:41:33.000Z","volume":1000,"label":" ","price":2.38},{"type":"B","date":"2018-04-17T06:47:52.000Z","volume":2000,"label":" ","price":2.37},{"type":"A","date":"2018-04-17T06:51:56.000Z","volume":1000,"label":" ","price":2.38},{"type":"A","date":"2018-04-17T06:53:09.000Z","volume":1000,"label":" ","price":2.38},{"type":"B","date":"2018-04-17T06:54:22.000Z","volume":2000,"label":" ","price":2.37},{"type":"B","date":"2018-04-17T07:00:52.000Z","volume":2000,"label":" ","price":2.37},{"type":"B","date":"2018-04-17T07:07:22.000Z","volume":2000,"label":" ","price":2.37},{"type":"B","date":"2018-04-17T07:11:53.000Z","volume":2000,"label":" ","price":2.37},{"type":"A","date":"2018-04-17T07:12:18.000Z","volume":1000,"label":" ","price":2.38},{"type":"A","date":"2018-04-17T07:14:40.000Z","volume":1000,"label":" ","price":2.38},{"type":"A","date":"2018-04-17T07:15:26.000Z","volume":1000,"label":" ","price":2.38},{"type":"B","date":"2018-04-17T07:16:23.000Z","volume":2000,"label":" ","price":2.37},{"type":"B","date":"2018-04-17T07:19:53.000Z","volume":2000,"label":" ","price":2.37},{"type":"B","date":"2018-04-17T07:24:53.000Z","volume":2000,"label":" ","price":2.37},{"type":"A","date":"2018-04-17T07:26:19.000Z","volume":13000,"label":" ","price":2.37},{"type":"A","date":"2018-04-17T07:26:19.000Z","volume":1000,"label":" ","price":2.38},{"type":"A","date":"2018-04-17T07:31:41.000Z","volume":1000,"label":" ","price":2.38},{"type":"B","date":"2018-04-17T07:33:54.000Z","volume":2000,"label":" ","price":2.37},{"type":"B","date":"2018-04-17T07:34:54.000Z","volume":2000,"label":" ","price":2.37},{"type":"B","date":"2018-04-17T07:38:54.000Z","volume":2000,"label":" ","price":2.37},{"type":"A","date":"2018-04-17T07:43:11.000Z","volume":1000,"label":" ","price":2.38},{"type":"B","date":"2018-04-17T07:44:14.000Z","volume":1000,"label":" ","price":2.37},{"type":"B","date":"2018-04-17T07:46:55.000Z","volume":2000,"label":" ","price":2.37},{"type":"A","date":"2018-04-17T07:51:26.000Z","volume":1000,"label":" ","price":2.38},{"type":"B","date":"2018-04-17T07:57:25.000Z","volume":1000,"label":" ","price":2.37},{"type":"A","date":"2018-04-17T07:57:53.000Z","volume":1000,"label":" ","price":2.38},{"type":"B","date":"2018-04-17T07:59:26.000Z","volume":2000,"label":" ","price":2.36},{"type":"A","date":"2018-04-17T07:59:42.000Z","volume":1000,"label":" ","price":2.38},{"type":"A","date":"2018-04-17T07:59:48.000Z","volume":1000,"label":" ","price":2.37},{"type":"B","date":"2018-04-17T07:59:55.000Z","volume":2000,"label":" ","price":2.36},{"type":"B","date":"2018-04-17T07:59:58.000Z","volume":9000,"label":" ","price":2.36},{"type":"U","date":"2018-04-17T08:08:24.000Z","volume":116000,"label":"U","price":2.36}]