[{"type":"A","date":"2018-04-06T01:33:08.000Z","volume":100000,"label":" ","price":0.99},{"type":"A","date":"2018-04-06T01:33:08.000Z","volume":10000,"label":" ","price":0.99},{"type":"B","date":"2018-04-06T01:34:56.000Z","volume":40000,"label":" ","price":0.97},{"type":"B","date":"2018-04-06T01:39:05.000Z","volume":40000,"label":" ","price":0.97},{"type":"B","date":"2018-04-06T01:41:48.000Z","volume":120000,"label":" ","price":0.97},{"type":"A","date":"2018-04-06T01:41:49.000Z","volume":20000,"label":" ","price":0.98},{"type":"B","date":"2018-04-06T01:41:51.000Z","volume":10000,"label":" ","price":0.97},{"type":"B","date":"2018-04-06T01:44:17.000Z","volume":10000,"label":" ","price":0.97},{"type":"B","date":"2018-04-06T01:48:24.000Z","volume":10000,"label":" ","price":0.97},{"type":"A","date":"2018-04-06T01:52:31.000Z","volume":20000,"label":" ","price":0.98},{"type":"B","date":"2018-04-06T02:01:29.000Z","volume":10000,"label":" ","price":0.97},{"type":"A","date":"2018-04-06T02:03:15.000Z","volume":10000,"label":"Y","price":0.98},{"type":"A","date":"2018-04-06T02:03:15.000Z","volume":10000,"label":" ","price":0.98},{"type":"B","date":"2018-04-06T02:04:36.000Z","volume":10000,"label":" ","price":0.97},{"type":"A","date":"2018-04-06T02:04:40.000Z","volume":20000,"label":" ","price":0.98},{"type":"B","date":"2018-04-06T02:04:43.000Z","volume":10000,"label":" ","price":0.97},{"type":"A","date":"2018-04-06T02:05:59.000Z","volume":20000,"label":" ","price":0.98},{"type":"A","date":"2018-04-06T02:07:57.000Z","volume":10000,"label":" ","price":0.98},{"type":"A","date":"2018-04-06T02:10:45.000Z","volume":10000,"label":"Y","price":0.98},{"type":"A","date":"2018-04-06T02:13:30.000Z","volume":10000,"label":"Y","price":0.98},{"type":"A","date":"2018-04-06T02:13:30.000Z","volume":10000,"label":" ","price":0.98},{"type":"B","date":"2018-04-06T02:17:41.000Z","volume":20000,"label":" ","price":0.97},{"type":"A","date":"2018-04-06T02:20:00.000Z","volume":10000,"label":"Y","price":0.98},{"type":"B","date":"2018-04-06T02:25:19.000Z","volume":50000,"label":" ","price":0.97},{"type":"B","date":"2018-04-06T02:27:39.000Z","volume":10000,"label":" ","price":0.97},{"type":"A","date":"2018-04-06T02:27:40.000Z","volume":10000,"label":" ","price":0.98},{"type":"A","date":"2018-04-06T02:29:15.000Z","volume":10000,"label":" ","price":0.98},{"type":"A","date":"2018-04-06T02:29:54.000Z","volume":100000,"label":" ","price":0.98},{"type":"A","date":"2018-04-06T02:29:54.000Z","volume":10000,"label":" ","price":0.98},{"type":"A","date":"2018-04-06T02:31:12.000Z","volume":20000,"label":" ","price":0.98},{"type":"A","date":"2018-04-06T02:31:59.000Z","volume":10000,"label":" ","price":0.98},{"type":"A","date":"2018-04-06T02:33:30.000Z","volume":10000,"label":" ","price":0.98},{"type":"A","date":"2018-04-06T02:39:00.000Z","volume":10000,"label":" ","price":0.98},{"type":"A","date":"2018-04-06T02:42:35.000Z","volume":10000,"label":" ","price":0.98},{"type":"A","date":"2018-04-06T02:43:11.000Z","volume":30000,"label":" ","price":0.98},{"type":"A","date":"2018-04-06T02:43:11.000Z","volume":10000,"label":" ","price":0.98},{"type":"A","date":"2018-04-06T02:48:00.000Z","volume":10000,"label":" ","price":0.98},{"type":"B","date":"2018-04-06T02:51:54.000Z","volume":10000,"label":" ","price":0.97},{"type":"A","date":"2018-04-06T02:52:32.000Z","volume":10000,"label":" ","price":0.98},{"type":"B","date":"2018-04-06T02:52:42.000Z","volume":20000,"label":" ","price":0.97},{"type":"B","date":"2018-04-06T02:54:11.000Z","volume":300000,"label":" ","price":0.97},{"type":"A","date":"2018-04-06T02:55:00.000Z","volume":10000,"label":" ","price":0.98},{"type":"A","date":"2018-04-06T02:55:45.000Z","volume":10000,"label":" ","price":0.98},{"type":"A","date":"2018-04-06T03:03:00.000Z","volume":10000,"label":" ","price":0.98},{"type":"B","date":"2018-04-06T03:06:13.000Z","volume":10000,"label":" ","price":0.97},{"type":"B","date":"2018-04-06T03:10:37.000Z","volume":100000,"label":" ","price":0.97},{"type":"A","date":"2018-04-06T03:11:30.000Z","volume":10000,"label":" ","price":0.98},{"type":"A","date":"2018-04-06T03:16:15.000Z","volume":10000,"label":" ","price":0.98},{"type":"B","date":"2018-04-06T03:16:49.000Z","volume":10000,"label":" ","price":0.97},{"type":"A","date":"2018-04-06T03:19:30.000Z","volume":10000,"label":" ","price":0.98},{"type":"A","date":"2018-04-06T03:28:00.000Z","volume":10000,"label":" ","price":0.98},{"type":"B","date":"2018-04-06T03:30:01.000Z","volume":10000,"label":" ","price":0.97},{"type":"B","date":"2018-04-06T03:33:27.000Z","volume":20000,"label":" ","price":0.97},{"type":"A","date":"2018-04-06T03:40:45.000Z","volume":10000,"label":" ","price":0.98},{"type":"B","date":"2018-04-06T03:43:43.000Z","volume":10000,"label":" ","price":0.97},{"type":"B","date":"2018-04-06T03:46:29.000Z","volume":10000,"label":" ","price":0.97},{"type":"A","date":"2018-04-06T03:58:15.000Z","volume":10000,"label":" ","price":0.98},{"type":"A","date":"2018-04-06T03:59:02.000Z","volume":10000,"label":" ","price":0.98},{"type":"B","date":"2018-04-06T05:00:00.000Z","volume":70000,"label":" ","price":0.97},{"type":"A","date":"2018-04-06T05:00:01.000Z","volume":10000,"label":" ","price":0.98},{"type":"A","date":"2018-04-06T05:00:58.000Z","volume":10000,"label":" ","price":0.98},{"type":"A","date":"2018-04-06T05:04:12.000Z","volume":10000,"label":" ","price":0.98},{"type":"A","date":"2018-04-06T05:08:25.000Z","volume":10000,"label":"Y","price":0.98},{"type":"A","date":"2018-04-06T05:08:25.000Z","volume":70000,"label":" ","price":0.98},{"type":"A","date":"2018-04-06T05:11:47.000Z","volume":10000,"label":" ","price":0.98},{"type":"B","date":"2018-04-06T05:25:45.000Z","volume":10000,"label":" ","price":0.97},{"type":"A","date":"2018-04-06T05:25:50.000Z","volume":50000,"label":" ","price":0.98},{"type":"B","date":"2018-04-06T05:27:51.000Z","volume":10000,"label":" ","price":0.97},{"type":"A","date":"2018-04-06T05:33:02.000Z","volume":10000,"label":" ","price":0.98},{"type":"B","date":"2018-04-06T05:33:18.000Z","volume":200000,"label":" ","price":0.97},{"type":"B","date":"2018-04-06T05:33:18.000Z","volume":10000,"label":" ","price":0.97},{"type":"A","date":"2018-04-06T05:33:18.000Z","volume":10000,"label":" ","price":0.98},{"type":"B","date":"2018-04-06T05:33:19.000Z","volume":200000,"label":" ","price":0.97},{"type":"A","date":"2018-04-06T05:33:19.000Z","volume":20000,"label":" ","price":0.98},{"type":"A","date":"2018-04-06T05:33:32.000Z","volume":10000,"label":" ","price":0.98},{"type":"B","date":"2018-04-06T05:33:41.000Z","volume":10000,"label":" ","price":0.97},{"type":"B","date":"2018-04-06T05:52:01.000Z","volume":20000,"label":" ","price":0.97},{"type":"A","date":"2018-04-06T05:52:02.000Z","volume":10000,"label":" ","price":0.98},{"type":"A","date":"2018-04-06T05:52:08.000Z","volume":10000,"label":" ","price":0.98},{"type":"A","date":"2018-04-06T05:54:02.000Z","volume":20000,"label":" ","price":0.98},{"type":"B","date":"2018-04-06T05:57:09.000Z","volume":10000,"label":" ","price":0.97},{"type":"A","date":"2018-04-06T05:58:36.000Z","volume":10000,"label":" ","price":0.98},{"type":"B","date":"2018-04-06T06:02:52.000Z","volume":10000,"label":" ","price":0.97},{"type":"A","date":"2018-04-06T06:03:51.000Z","volume":10000,"label":" ","price":0.98},{"type":"B","date":"2018-04-06T06:05:24.000Z","volume":10000,"label":" ","price":0.97},{"type":"A","date":"2018-04-06T06:06:26.000Z","volume":10000,"label":" ","price":0.98},{"type":"A","date":"2018-04-06T06:06:26.000Z","volume":10000,"label":" ","price":0.98},{"type":"A","date":"2018-04-06T06:06:56.000Z","volume":10000,"label":" ","price":0.98},{"type":"A","date":"2018-04-06T06:07:35.000Z","volume":10000,"label":" ","price":0.98},{"type":"A","date":"2018-04-06T06:08:34.000Z","volume":10000,"label":" ","price":0.98},{"type":"B","date":"2018-04-06T06:11:35.000Z","volume":500000,"label":" ","price":0.97},{"type":"A","date":"2018-04-06T06:12:34.000Z","volume":90000,"label":" ","price":0.98},{"type":"A","date":"2018-04-06T06:13:47.000Z","volume":80000,"label":" ","price":0.98},{"type":"A","date":"2018-04-06T06:14:00.000Z","volume":90000,"label":" ","price":0.98},{"type":"A","date":"2018-04-06T06:17:40.000Z","volume":10000,"label":" ","price":0.98},{"type":"A","date":"2018-04-06T06:18:42.000Z","volume":10000,"label":" ","price":0.98},{"type":"U","date":"2018-04-06T06:18:51.000Z","volume":3854,"label":"D","price":0.99},{"type":"A","date":"2018-04-06T06:22:33.000Z","volume":10000,"label":" ","price":0.98},{"type":"A","date":"2018-04-06T06:25:53.000Z","volume":60000,"label":" ","price":0.98},{"type":"B","date":"2018-04-06T06:28:40.000Z","volume":20000,"label":" ","price":0.97},{"type":"B","date":"2018-04-06T06:30:03.000Z","volume":10000,"label":" ","price":0.97},{"type":"A","date":"2018-04-06T06:34:56.000Z","volume":10000,"label":" ","price":0.98},{"type":"B","date":"2018-04-06T06:39:50.000Z","volume":40000,"label":" ","price":0.97},{"type":"B","date":"2018-04-06T06:40:12.000Z","volume":10000,"label":" ","price":0.97},{"type":"B","date":"2018-04-06T06:43:16.000Z","volume":10000,"label":" ","price":0.97},{"type":"B","date":"2018-04-06T06:44:37.000Z","volume":520000,"label":" ","price":0.97},{"type":"B","date":"2018-04-06T06:44:37.000Z","volume":10000,"label":" ","price":0.97},{"type":"A","date":"2018-04-06T06:44:37.000Z","volume":10000,"label":" ","price":0.97},{"type":"A","date":"2018-04-06T06:44:37.000Z","volume":10000,"label":" ","price":0.97},{"type":"A","date":"2018-04-06T06:44:37.000Z","volume":10000,"label":" ","price":0.97},{"type":"A","date":"2018-04-06T06:45:08.000Z","volume":100000,"label":" ","price":0.97},{"type":"A","date":"2018-04-06T06:51:48.000Z","volume":680000,"label":" ","price":0.97},{"type":"A","date":"2018-04-06T06:52:44.000Z","volume":20000,"label":" ","price":0.97},{"type":"B","date":"2018-04-06T06:57:08.000Z","volume":10000,"label":" ","price":0.96},{"type":"B","date":"2018-04-06T06:57:43.000Z","volume":20000,"label":"Y","price":0.96},{"type":"B","date":"2018-04-06T06:57:43.000Z","volume":30000,"label":" ","price":0.96},{"type":"A","date":"2018-04-06T07:01:25.000Z","volume":10000,"label":" ","price":0.97},{"type":"B","date":"2018-04-06T07:04:21.000Z","volume":30000,"label":" ","price":0.96},{"type":"A","date":"2018-04-06T07:05:11.000Z","volume":10000,"label":" ","price":0.97},{"type":"A","date":"2018-04-06T07:06:08.000Z","volume":30000,"label":" ","price":0.97},{"type":"A","date":"2018-04-06T07:12:11.000Z","volume":40000,"label":" ","price":0.97},{"type":"A","date":"2018-04-06T07:21:26.000Z","volume":10000,"label":" ","price":0.97},{"type":"B","date":"2018-04-06T07:24:01.000Z","volume":10000,"label":" ","price":0.96},{"type":"B","date":"2018-04-06T07:24:03.000Z","volume":10000,"label":" ","price":0.96},{"type":"B","date":"2018-04-06T07:27:33.000Z","volume":20000,"label":" ","price":0.96},{"type":"B","date":"2018-04-06T07:36:37.000Z","volume":10000,"label":" ","price":0.96},{"type":"B","date":"2018-04-06T07:37:27.000Z","volume":20000,"label":" ","price":0.96},{"type":"A","date":"2018-04-06T07:41:26.000Z","volume":10000,"label":" ","price":0.97},{"type":"A","date":"2018-04-06T07:42:05.000Z","volume":10000,"label":" ","price":0.97},{"type":"B","date":"2018-04-06T07:48:38.000Z","volume":10000,"label":" ","price":0.96},{"type":"B","date":"2018-04-06T07:48:55.000Z","volume":20000,"label":" ","price":0.96},{"type":"B","date":"2018-04-06T07:53:02.000Z","volume":150000,"label":" ","price":0.96},{"type":"A","date":"2018-04-06T07:53:30.000Z","volume":30000,"label":" ","price":0.97},{"type":"A","date":"2018-04-06T07:54:30.000Z","volume":40000,"label":" ","price":0.97},{"type":"A","date":"2018-04-06T07:55:39.000Z","volume":30000,"label":" ","price":0.97},{"type":"A","date":"2018-04-06T07:55:40.000Z","volume":10000,"label":" ","price":0.97},{"type":"A","date":"2018-04-06T07:55:52.000Z","volume":50000,"label":" ","price":0.97},{"type":"A","date":"2018-04-06T07:56:44.000Z","volume":40000,"label":" ","price":0.97},{"type":"B","date":"2018-04-06T07:56:48.000Z","volume":10000,"label":" ","price":0.96},{"type":"B","date":"2018-04-06T07:57:17.000Z","volume":30000,"label":"Y","price":0.96},{"type":"B","date":"2018-04-06T07:57:51.000Z","volume":10000,"label":" ","price":0.96},{"type":"A","date":"2018-04-06T07:57:51.000Z","volume":30000,"label":" ","price":0.97},{"type":"A","date":"2018-04-06T07:58:34.000Z","volume":60000,"label":" ","price":0.97},{"type":"B","date":"2018-04-06T07:59:01.000Z","volume":20000,"label":" ","price":0.96},{"type":"A","date":"2018-04-06T07:59:40.000Z","volume":10000,"label":" ","price":0.97},{"type":"B","date":"2018-04-06T07:59:45.000Z","volume":40000,"label":"Y","price":0.96},{"type":"B","date":"2018-04-06T07:59:50.000Z","volume":10000,"label":" ","price":0.96},{"type":"B","date":"2018-04-06T07:59:50.000Z","volume":10000,"label":" ","price":0.96},{"type":"U","date":"2018-04-06T08:08:20.000Z","volume":2750000,"label":"U","price":0.96}]