[{"type":"A","date":"2018-03-15T07:29:31.000Z","volume":16000,"price":3.63,"category":"ubbull"},{"type":"A","date":"2018-03-15T07:07:15.000Z","volume":14000,"price":3.63,"category":"ubbull"},{"type":"A","date":"2018-03-15T02:58:25.000Z","volume":60000,"price":3.61,"category":"ubbull"},{"type":"A","date":"2018-03-15T02:37:19.000Z","volume":16000,"price":3.6,"category":"ubbull"},{"type":"A","date":"2018-03-15T02:31:28.000Z","volume":36000,"price":3.59,"category":"ubbull"},{"type":"A","date":"2018-03-15T02:09:46.000Z","volume":28000,"price":3.59,"category":"ubbull"},{"type":"A","date":"2018-03-15T06:04:57.000Z","volume":10000,"price":3.61,"category":"bbull"},{"type":"A","date":"2018-03-15T05:00:00.000Z","volume":12000,"price":3.61,"category":"bbull"},{"type":"A","date":"2018-03-15T03:36:28.000Z","volume":8000,"price":3.61,"category":"bbull"},{"type":"A","date":"2018-03-15T03:36:28.000Z","volume":10000,"price":3.6,"category":"bbull"},{"type":"A","date":"2018-03-15T03:31:03.000Z","volume":6000,"price":3.6,"category":"bbull"},{"type":"A","date":"2018-03-15T03:16:03.000Z","volume":12000,"price":3.6,"category":"bbull"},{"type":"A","date":"2018-03-15T03:12:02.000Z","volume":10000,"price":3.6,"category":"bbull"},{"type":"A","date":"2018-03-15T02:58:25.000Z","volume":12000,"price":3.6,"category":"bbull"},{"type":"A","date":"2018-03-15T01:51:39.000Z","volume":10000,"price":3.58,"category":"bbull"},{"type":"A","date":"2018-03-15T07:59:40.000Z","volume":2000,"price":3.65,"category":"rbull"},{"type":"A","date":"2018-03-15T07:59:23.000Z","volume":2000,"price":3.65,"category":"rbull"},{"type":"A","date":"2018-03-15T07:58:56.000Z","volume":2000,"price":3.65,"category":"rbull"},{"type":"A","date":"2018-03-15T07:56:39.000Z","volume":2000,"price":3.65,"category":"rbull"},{"type":"A","date":"2018-03-15T07:48:11.000Z","volume":2000,"price":3.65,"category":"rbull"},{"type":"A","date":"2018-03-15T07:35:30.000Z","volume":2000,"price":3.65,"category":"rbull"},{"type":"A","date":"2018-03-15T07:24:42.000Z","volume":2000,"price":3.63,"category":"rbull"},{"type":"A","date":"2018-03-15T06:26:42.000Z","volume":2000,"price":3.63,"category":"rbull"},{"type":"A","date":"2018-03-15T06:01:55.000Z","volume":2000,"price":3.61,"category":"rbull"},{"type":"A","date":"2018-03-15T05:28:42.000Z","volume":2000,"price":3.62,"category":"rbull"},{"type":"A","date":"2018-03-15T03:35:28.000Z","volume":2000,"price":3.6,"category":"rbull"},{"type":"A","date":"2018-03-15T03:08:32.000Z","volume":2000,"price":3.6,"category":"rbull"},{"type":"A","date":"2018-03-15T02:11:17.000Z","volume":2000,"price":3.59,"category":"rbull"},{"type":"A","date":"2018-03-15T02:09:46.000Z","volume":2000,"price":3.58,"category":"rbull"},{"type":"A","date":"2018-03-15T01:30:07.000Z","volume":2000,"price":3.58,"category":"rbull"},{"type":"B","date":"2018-03-15T07:07:20.000Z","volume":2000,"price":3.63,"category":"rbear"},{"type":"B","date":"2018-03-15T05:47:16.000Z","volume":2000,"price":3.61,"category":"rbear"},{"type":"B","date":"2018-03-15T03:37:48.000Z","volume":2000,"price":3.61,"category":"rbear"},{"type":"B","date":"2018-03-15T02:40:11.000Z","volume":2000,"price":3.6,"category":"rbear"},{"type":"B","date":"2018-03-15T07:29:31.000Z","volume":12000,"price":3.63,"category":"bbear"},{"type":"B","date":"2018-03-15T07:07:30.000Z","volume":6000,"price":3.63,"category":"bbear"},{"type":"B","date":"2018-03-15T07:07:15.000Z","volume":10000,"price":3.63,"category":"bbear"},{"type":"B","date":"2018-03-15T03:37:57.000Z","volume":6000,"price":3.61,"category":"bbear"},{"type":"B","date":"2018-03-15T02:58:25.000Z","volume":6000,"price":3.61,"category":"bbear"},{"type":"B","date":"2018-03-15T02:45:38.000Z","volume":6000,"price":3.59,"category":"bbear"},{"type":"B","date":"2018-03-15T02:37:48.000Z","volume":10000,"price":3.6,"category":"bbear"},{"type":"B","date":"2018-03-15T06:56:33.000Z","volume":28000,"price":3.61,"category":"ubbear"}]