[{"type":"U","date":"2018-04-20T01:20:00.000Z","volume":2000,"label":"U","price":3.75},{"type":"B","date":"2018-04-20T01:30:12.000Z","volume":6000,"label":" ","price":3.75},{"type":"A","date":"2018-04-20T01:31:13.000Z","volume":16000,"label":" ","price":3.75},{"type":"B","date":"2018-04-20T01:32:25.000Z","volume":2000,"label":" ","price":3.76},{"type":"B","date":"2018-04-20T01:32:47.000Z","volume":4000,"label":" ","price":3.78},{"type":"B","date":"2018-04-20T01:32:48.000Z","volume":2000,"label":" ","price":3.76},{"type":"B","date":"2018-04-20T01:33:02.000Z","volume":2000,"label":" ","price":3.76},{"type":"B","date":"2018-04-20T01:33:24.000Z","volume":4000,"label":"Y","price":3.75},{"type":"B","date":"2018-04-20T01:33:37.000Z","volume":4000,"label":" ","price":3.75},{"type":"B","date":"2018-04-20T01:34:02.000Z","volume":4000,"label":" ","price":3.75},{"type":"B","date":"2018-04-20T01:34:15.000Z","volume":2000,"label":" ","price":3.75},{"type":"B","date":"2018-04-20T01:35:06.000Z","volume":2000,"label":" ","price":3.75},{"type":"B","date":"2018-04-20T01:36:49.000Z","volume":2000,"label":" ","price":3.76},{"type":"A","date":"2018-04-20T01:36:50.000Z","volume":2000,"label":" ","price":3.78},{"type":"B","date":"2018-04-20T01:44:04.000Z","volume":2000,"label":" ","price":3.77},{"type":"A","date":"2018-04-20T01:44:27.000Z","volume":10000,"label":" ","price":3.79},{"type":"A","date":"2018-04-20T01:44:28.000Z","volume":2000,"label":" ","price":3.79},{"type":"B","date":"2018-04-20T01:45:34.000Z","volume":2000,"label":" ","price":3.77},{"type":"B","date":"2018-04-20T01:47:34.000Z","volume":2000,"label":" ","price":3.77},{"type":"B","date":"2018-04-20T01:49:34.000Z","volume":2000,"label":" ","price":3.77},{"type":"B","date":"2018-04-20T01:51:34.000Z","volume":2000,"label":" ","price":3.77},{"type":"A","date":"2018-04-20T01:53:57.000Z","volume":18000,"label":" ","price":3.79},{"type":"A","date":"2018-04-20T01:53:57.000Z","volume":4000,"label":" ","price":3.79},{"type":"A","date":"2018-04-20T01:53:57.000Z","volume":4000,"label":" ","price":3.79},{"type":"A","date":"2018-04-20T01:54:05.000Z","volume":20000,"label":" ","price":3.8},{"type":"A","date":"2018-04-20T01:54:06.000Z","volume":4000,"label":" ","price":3.8},{"type":"A","date":"2018-04-20T01:54:07.000Z","volume":10000,"label":" ","price":3.8},{"type":"B","date":"2018-04-20T01:54:07.000Z","volume":6000,"label":" ","price":3.78},{"type":"A","date":"2018-04-20T01:54:07.000Z","volume":2000,"label":" ","price":3.8},{"type":"A","date":"2018-04-20T01:54:09.000Z","volume":10000,"label":" ","price":3.8},{"type":"B","date":"2018-04-20T01:54:09.000Z","volume":2000,"label":" ","price":3.78},{"type":"A","date":"2018-04-20T01:54:10.000Z","volume":4000,"label":" ","price":3.8},{"type":"A","date":"2018-04-20T01:54:10.000Z","volume":2000,"label":" ","price":3.8},{"type":"B","date":"2018-04-20T01:54:11.000Z","volume":2000,"label":" ","price":3.8},{"type":"B","date":"2018-04-20T01:54:13.000Z","volume":4000,"label":" ","price":3.8},{"type":"B","date":"2018-04-20T01:54:15.000Z","volume":2000,"label":" ","price":3.8},{"type":"B","date":"2018-04-20T01:55:43.000Z","volume":10000,"label":" ","price":3.8},{"type":"B","date":"2018-04-20T02:04:48.000Z","volume":50000,"label":" ","price":3.8},{"type":"B","date":"2018-04-20T02:04:48.000Z","volume":34000,"label":" ","price":3.8},{"type":"B","date":"2018-04-20T02:04:48.000Z","volume":26000,"label":" ","price":3.8},{"type":"A","date":"2018-04-20T02:04:48.000Z","volume":4000,"label":" ","price":3.8},{"type":"A","date":"2018-04-20T02:04:48.000Z","volume":4000,"label":" ","price":3.8},{"type":"A","date":"2018-04-20T02:04:48.000Z","volume":2000,"label":" ","price":3.8},{"type":"A","date":"2018-04-20T02:04:48.000Z","volume":4000,"label":" ","price":3.81},{"type":"A","date":"2018-04-20T02:04:48.000Z","volume":8000,"label":" ","price":3.81},{"type":"B","date":"2018-04-20T02:04:50.000Z","volume":12000,"label":" ","price":3.79},{"type":"B","date":"2018-04-20T02:04:54.000Z","volume":8000,"label":" ","price":3.79},{"type":"B","date":"2018-04-20T02:04:54.000Z","volume":4000,"label":" ","price":3.79},{"type":"B","date":"2018-04-20T02:04:54.000Z","volume":2000,"label":" ","price":3.78},{"type":"A","date":"2018-04-20T02:04:57.000Z","volume":2000,"label":" ","price":3.79},{"type":"A","date":"2018-04-20T02:05:07.000Z","volume":2000,"label":" ","price":3.79},{"type":"A","date":"2018-04-20T02:05:13.000Z","volume":4000,"label":" ","price":3.79},{"type":"B","date":"2018-04-20T02:05:15.000Z","volume":2000,"label":" ","price":3.78},{"type":"B","date":"2018-04-20T02:06:40.000Z","volume":38000,"label":" ","price":3.78},{"type":"B","date":"2018-04-20T02:06:40.000Z","volume":6000,"label":" ","price":3.78},{"type":"B","date":"2018-04-20T02:06:40.000Z","volume":10000,"label":" ","price":3.78},{"type":"A","date":"2018-04-20T02:06:40.000Z","volume":4000,"label":" ","price":3.79},{"type":"B","date":"2018-04-20T02:06:41.000Z","volume":4000,"label":" ","price":3.78},{"type":"B","date":"2018-04-20T02:06:42.000Z","volume":2000,"label":" ","price":3.78},{"type":"A","date":"2018-04-20T02:07:28.000Z","volume":4000,"label":" ","price":3.79},{"type":"B","date":"2018-04-20T02:07:28.000Z","volume":2000,"label":" ","price":3.79},{"type":"B","date":"2018-04-20T02:09:55.000Z","volume":14000,"label":" ","price":3.79},{"type":"B","date":"2018-04-20T02:09:55.000Z","volume":2000,"label":" ","price":3.79},{"type":"A","date":"2018-04-20T02:09:56.000Z","volume":2000,"label":" ","price":3.8},{"type":"B","date":"2018-04-20T02:09:59.000Z","volume":10000,"label":" ","price":3.79},{"type":"B","date":"2018-04-20T02:09:59.000Z","volume":2000,"label":" ","price":3.79},{"type":"A","date":"2018-04-20T02:13:35.000Z","volume":78000,"label":" ","price":3.8},{"type":"A","date":"2018-04-20T02:13:35.000Z","volume":16000,"label":" ","price":3.8},{"type":"A","date":"2018-04-20T02:13:36.000Z","volume":18000,"label":" ","price":3.81},{"type":"A","date":"2018-04-20T02:14:00.000Z","volume":26000,"label":" ","price":3.81},{"type":"B","date":"2018-04-20T02:14:24.000Z","volume":4000,"label":" ","price":3.8},{"type":"A","date":"2018-04-20T02:14:29.000Z","volume":20000,"label":" ","price":3.8},{"type":"A","date":"2018-04-20T02:14:29.000Z","volume":26000,"label":" ","price":3.8},{"type":"A","date":"2018-04-20T02:14:47.000Z","volume":2000,"label":" ","price":3.82},{"type":"A","date":"2018-04-20T02:14:47.000Z","volume":2000,"label":" ","price":3.82},{"type":"A","date":"2018-04-20T02:14:47.000Z","volume":2000,"label":" ","price":3.82},{"type":"A","date":"2018-04-20T02:14:47.000Z","volume":2000,"label":" ","price":3.82},{"type":"A","date":"2018-04-20T02:16:55.000Z","volume":78000,"label":" ","price":3.82},{"type":"A","date":"2018-04-20T02:18:47.000Z","volume":8000,"label":" ","price":3.83},{"type":"A","date":"2018-04-20T02:18:56.000Z","volume":242000,"label":" ","price":3.83},{"type":"A","date":"2018-04-20T02:19:14.000Z","volume":50000,"label":" ","price":3.85},{"type":"B","date":"2018-04-20T02:19:23.000Z","volume":18000,"label":" ","price":3.83},{"type":"B","date":"2018-04-20T02:19:23.000Z","volume":4000,"label":" ","price":3.82},{"type":"B","date":"2018-04-20T02:19:30.000Z","volume":2000,"label":" ","price":3.82},{"type":"A","date":"2018-04-20T02:19:32.000Z","volume":2000,"label":" ","price":3.85},{"type":"B","date":"2018-04-20T02:19:32.000Z","volume":2000,"label":" ","price":3.85},{"type":"B","date":"2018-04-20T02:19:32.000Z","volume":22000,"label":" ","price":3.85},{"type":"A","date":"2018-04-20T02:22:01.000Z","volume":12000,"label":" ","price":3.85},{"type":"B","date":"2018-04-20T02:22:07.000Z","volume":2000,"label":" ","price":3.82},{"type":"U","date":"2018-04-20T02:26:20.000Z","volume":2000,"label":"X","price":3.84},{"type":"A","date":"2018-04-20T02:27:50.000Z","volume":30000,"label":" ","price":3.85},{"type":"A","date":"2018-04-20T02:27:50.000Z","volume":46000,"label":" ","price":3.85},{"type":"B","date":"2018-04-20T02:27:56.000Z","volume":30000,"label":" ","price":3.84},{"type":"A","date":"2018-04-20T02:28:25.000Z","volume":98000,"label":" ","price":3.86},{"type":"U","date":"2018-04-20T02:28:25.000Z","volume":2000,"label":"X","price":3.85},{"type":"B","date":"2018-04-20T02:28:30.000Z","volume":4000,"label":" ","price":3.84},{"type":"B","date":"2018-04-20T02:30:16.000Z","volume":100000,"label":" ","price":3.84},{"type":"B","date":"2018-04-20T02:30:21.000Z","volume":14000,"label":" ","price":3.84},{"type":"B","date":"2018-04-20T02:30:21.000Z","volume":2000,"label":" ","price":3.84},{"type":"B","date":"2018-04-20T02:30:21.000Z","volume":2000,"label":" ","price":3.84},{"type":"A","date":"2018-04-20T02:32:01.000Z","volume":2000,"label":" ","price":3.85},{"type":"B","date":"2018-04-20T02:32:02.000Z","volume":8000,"label":" ","price":3.84},{"type":"B","date":"2018-04-20T02:33:28.000Z","volume":2000,"label":" ","price":3.84},{"type":"B","date":"2018-04-20T02:33:29.000Z","volume":16000,"label":" ","price":3.84},{"type":"B","date":"2018-04-20T02:33:29.000Z","volume":2000,"label":" ","price":3.84},{"type":"B","date":"2018-04-20T02:33:29.000Z","volume":2000,"label":" ","price":3.84},{"type":"B","date":"2018-04-20T02:33:33.000Z","volume":2000,"label":" ","price":3.84},{"type":"B","date":"2018-04-20T02:33:44.000Z","volume":2000,"label":" ","price":3.84},{"type":"B","date":"2018-04-20T02:34:30.000Z","volume":50000,"label":" ","price":3.83},{"type":"B","date":"2018-04-20T02:34:30.000Z","volume":8000,"label":" ","price":3.83},{"type":"B","date":"2018-04-20T02:34:32.000Z","volume":2000,"label":" ","price":3.82},{"type":"B","date":"2018-04-20T02:35:13.000Z","volume":2000,"label":" ","price":3.82},{"type":"B","date":"2018-04-20T02:35:55.000Z","volume":2000,"label":" ","price":3.82},{"type":"B","date":"2018-04-20T02:38:24.000Z","volume":14000,"label":" ","price":3.82},{"type":"B","date":"2018-04-20T02:38:28.000Z","volume":2000,"label":" ","price":3.81},{"type":"B","date":"2018-04-20T02:40:15.000Z","volume":8000,"label":" ","price":3.81},{"type":"B","date":"2018-04-20T02:43:45.000Z","volume":32000,"label":" ","price":3.8},{"type":"B","date":"2018-04-20T02:43:50.000Z","volume":2000,"label":" ","price":3.8},{"type":"A","date":"2018-04-20T02:45:11.000Z","volume":50000,"label":" ","price":3.81},{"type":"B","date":"2018-04-20T02:45:18.000Z","volume":2000,"label":" ","price":3.8},{"type":"B","date":"2018-04-20T02:46:19.000Z","volume":2000,"label":" ","price":3.8},{"type":"U","date":"2018-04-20T02:46:40.000Z","volume":2000,"label":"X","price":3.805},{"type":"B","date":"2018-04-20T02:48:05.000Z","volume":72000,"label":" ","price":3.8},{"type":"A","date":"2018-04-20T02:48:05.000Z","volume":6000,"label":" ","price":3.8},{"type":"A","date":"2018-04-20T02:48:05.000Z","volume":2000,"label":" ","price":3.8},{"type":"B","date":"2018-04-20T02:48:05.000Z","volume":4000,"label":" ","price":3.8},{"type":"B","date":"2018-04-20T02:48:05.000Z","volume":2000,"label":" ","price":3.8},{"type":"B","date":"2018-04-20T02:48:17.000Z","volume":28000,"label":" ","price":3.8},{"type":"B","date":"2018-04-20T02:48:17.000Z","volume":40000,"label":" ","price":3.8},{"type":"B","date":"2018-04-20T02:48:48.000Z","volume":2000,"label":" ","price":3.79},{"type":"B","date":"2018-04-20T02:49:54.000Z","volume":8000,"label":" ","price":3.79},{"type":"B","date":"2018-04-20T02:53:28.000Z","volume":50000,"label":" ","price":3.79},{"type":"B","date":"2018-04-20T02:53:28.000Z","volume":8000,"label":" ","price":3.79},{"type":"B","date":"2018-04-20T02:53:30.000Z","volume":4000,"label":" ","price":3.79},{"type":"B","date":"2018-04-20T02:53:30.000Z","volume":46000,"label":" ","price":3.79},{"type":"B","date":"2018-04-20T02:53:30.000Z","volume":14000,"label":" ","price":3.79},{"type":"B","date":"2018-04-20T02:53:36.000Z","volume":2000,"label":" ","price":3.79},{"type":"U","date":"2018-04-20T02:53:40.000Z","volume":2000,"label":"X","price":3.8},{"type":"B","date":"2018-04-20T02:53:42.000Z","volume":50000,"label":" ","price":3.79},{"type":"B","date":"2018-04-20T02:57:04.000Z","volume":20000,"label":" ","price":3.79},{"type":"B","date":"2018-04-20T02:57:09.000Z","volume":2000,"label":" ","price":3.79},{"type":"B","date":"2018-04-20T03:00:26.000Z","volume":28000,"label":" ","price":3.8},{"type":"B","date":"2018-04-20T03:00:28.000Z","volume":2000,"label":" ","price":3.8},{"type":"B","date":"2018-04-20T03:00:35.000Z","volume":6000,"label":" ","price":3.8},{"type":"B","date":"2018-04-20T03:00:45.000Z","volume":10000,"label":" ","price":3.8},{"type":"B","date":"2018-04-20T03:01:22.000Z","volume":4000,"label":" ","price":3.8},{"type":"A","date":"2018-04-20T03:02:50.000Z","volume":30000,"label":" ","price":3.81},{"type":"B","date":"2018-04-20T03:06:06.000Z","volume":50000,"label":" ","price":3.79},{"type":"B","date":"2018-04-20T03:06:11.000Z","volume":2000,"label":" ","price":3.79},{"type":"B","date":"2018-04-20T03:08:48.000Z","volume":50000,"label":" ","price":3.79},{"type":"B","date":"2018-04-20T03:08:51.000Z","volume":4000,"label":" ","price":3.79},{"type":"B","date":"2018-04-20T03:09:19.000Z","volume":2000,"label":" ","price":3.79},{"type":"B","date":"2018-04-20T03:10:11.000Z","volume":2000,"label":" ","price":3.79},{"type":"B","date":"2018-04-20T03:11:36.000Z","volume":2000,"label":" ","price":3.79},{"type":"A","date":"2018-04-20T03:12:17.000Z","volume":6000,"label":" ","price":3.81},{"type":"A","date":"2018-04-20T03:15:02.000Z","volume":4000,"label":" ","price":3.81},{"type":"A","date":"2018-04-20T03:15:50.000Z","volume":32000,"label":" ","price":3.81},{"type":"U","date":"2018-04-20T03:15:50.000Z","volume":2000,"label":"X","price":3.805},{"type":"A","date":"2018-04-20T03:16:02.000Z","volume":6000,"label":" ","price":3.81},{"type":"A","date":"2018-04-20T03:16:02.000Z","volume":6000,"label":" ","price":3.81},{"type":"A","date":"2018-04-20T03:16:02.000Z","volume":6000,"label":" ","price":3.81},{"type":"A","date":"2018-04-20T03:16:02.000Z","volume":6000,"label":" ","price":3.81},{"type":"A","date":"2018-04-20T03:16:04.000Z","volume":2000,"label":"Y","price":3.81},{"type":"B","date":"2018-04-20T03:16:09.000Z","volume":2000,"label":" ","price":3.79},{"type":"A","date":"2018-04-20T03:16:11.000Z","volume":2000,"label":" ","price":3.81},{"type":"A","date":"2018-04-20T03:17:25.000Z","volume":6000,"label":" ","price":3.81},{"type":"A","date":"2018-04-20T03:19:38.000Z","volume":10000,"label":" ","price":3.81},{"type":"A","date":"2018-04-20T03:19:55.000Z","volume":6000,"label":" ","price":3.81},{"type":"B","date":"2018-04-20T03:22:22.000Z","volume":130000,"label":" ","price":3.8},{"type":"A","date":"2018-04-20T03:22:22.000Z","volume":370000,"label":" ","price":3.8},{"type":"A","date":"2018-04-20T03:22:22.000Z","volume":4000,"label":" ","price":3.8},{"type":"B","date":"2018-04-20T03:22:25.000Z","volume":26000,"label":" ","price":3.8},{"type":"U","date":"2018-04-20T03:22:41.000Z","volume":2000,"label":"X","price":3.805},{"type":"B","date":"2018-04-20T03:24:40.000Z","volume":44000,"label":" ","price":3.8},{"type":"B","date":"2018-04-20T03:24:41.000Z","volume":2000,"label":" ","price":3.8},{"type":"U","date":"2018-04-20T03:25:11.000Z","volume":2000,"label":"X","price":3.805},{"type":"A","date":"2018-04-20T03:31:01.000Z","volume":50000,"label":" ","price":3.81},{"type":"A","date":"2018-04-20T03:32:03.000Z","volume":36000,"label":" ","price":3.81},{"type":"A","date":"2018-04-20T03:32:48.000Z","volume":100000,"label":" ","price":3.81},{"type":"A","date":"2018-04-20T03:32:48.000Z","volume":30000,"label":" ","price":3.81},{"type":"U","date":"2018-04-20T03:35:11.000Z","volume":2000,"label":"X","price":3.81},{"type":"B","date":"2018-04-20T03:35:12.000Z","volume":8000,"label":" ","price":3.8},{"type":"U","date":"2018-04-20T03:36:42.000Z","volume":2000,"label":"X","price":3.81},{"type":"A","date":"2018-04-20T03:37:02.000Z","volume":6000,"label":" ","price":3.82},{"type":"A","date":"2018-04-20T03:37:02.000Z","volume":6000,"label":" ","price":3.82},{"type":"A","date":"2018-04-20T03:43:02.000Z","volume":6000,"label":" ","price":3.82},{"type":"A","date":"2018-04-20T03:43:02.000Z","volume":6000,"label":" ","price":3.82},{"type":"A","date":"2018-04-20T03:43:02.000Z","volume":8000,"label":" ","price":3.82},{"type":"A","date":"2018-04-20T03:43:02.000Z","volume":4000,"label":" ","price":3.82},{"type":"A","date":"2018-04-20T03:43:02.000Z","volume":6000,"label":" ","price":3.82},{"type":"A","date":"2018-04-20T03:43:40.000Z","volume":6000,"label":" ","price":3.82},{"type":"A","date":"2018-04-20T03:45:25.000Z","volume":8000,"label":" ","price":3.82},{"type":"A","date":"2018-04-20T03:51:40.000Z","volume":4000,"label":" ","price":3.82},{"type":"B","date":"2018-04-20T03:51:50.000Z","volume":2000,"label":" ","price":3.81},{"type":"B","date":"2018-04-20T03:53:20.000Z","volume":2000,"label":" ","price":3.81},{"type":"A","date":"2018-04-20T03:53:55.000Z","volume":4000,"label":" ","price":3.82},{"type":"B","date":"2018-04-20T03:55:41.000Z","volume":2000,"label":" ","price":3.81},{"type":"A","date":"2018-04-20T03:59:02.000Z","volume":2000,"label":" ","price":3.82},{"type":"A","date":"2018-04-20T03:59:55.000Z","volume":2000,"label":" ","price":3.82},{"type":"A","date":"2018-04-20T05:05:17.000Z","volume":4000,"label":" ","price":3.82},{"type":"A","date":"2018-04-20T05:05:17.000Z","volume":6000,"label":" ","price":3.82},{"type":"A","date":"2018-04-20T05:05:32.000Z","volume":14000,"label":" ","price":3.82},{"type":"A","date":"2018-04-20T05:07:07.000Z","volume":4000,"label":" ","price":3.82},{"type":"A","date":"2018-04-20T05:08:52.000Z","volume":4000,"label":" ","price":3.82},{"type":"A","date":"2018-04-20T05:10:52.000Z","volume":4000,"label":" ","price":3.82},{"type":"U","date":"2018-04-20T05:11:43.000Z","volume":2000,"label":"X","price":3.815},{"type":"A","date":"2018-04-20T05:12:37.000Z","volume":4000,"label":" ","price":3.82},{"type":"A","date":"2018-04-20T05:14:22.000Z","volume":4000,"label":" ","price":3.82},{"type":"A","date":"2018-04-20T05:16:07.000Z","volume":4000,"label":" ","price":3.82},{"type":"A","date":"2018-04-20T05:17:52.000Z","volume":4000,"label":" ","price":3.82},{"type":"A","date":"2018-04-20T05:19:37.000Z","volume":4000,"label":" ","price":3.82},{"type":"A","date":"2018-04-20T05:20:20.000Z","volume":2000,"label":" ","price":3.82},{"type":"A","date":"2018-04-20T05:20:21.000Z","volume":6000,"label":" ","price":3.82},{"type":"A","date":"2018-04-20T05:22:52.000Z","volume":6000,"label":" ","price":3.82},{"type":"A","date":"2018-04-20T05:23:56.000Z","volume":6000,"label":" ","price":3.82},{"type":"U","date":"2018-04-20T05:25:14.000Z","volume":2000,"label":"X","price":3.82},{"type":"A","date":"2018-04-20T05:26:52.000Z","volume":4000,"label":" ","price":3.82},{"type":"A","date":"2018-04-20T05:29:24.000Z","volume":14000,"label":" ","price":3.82},{"type":"A","date":"2018-04-20T05:29:32.000Z","volume":4000,"label":" ","price":3.82},{"type":"A","date":"2018-04-20T05:29:53.000Z","volume":4000,"label":" ","price":3.82},{"type":"A","date":"2018-04-20T05:30:07.000Z","volume":6000,"label":" ","price":3.82},{"type":"A","date":"2018-04-20T05:30:27.000Z","volume":2000,"label":" ","price":3.82},{"type":"A","date":"2018-04-20T05:32:07.000Z","volume":6000,"label":" ","price":3.82},{"type":"U","date":"2018-04-20T05:34:14.000Z","volume":2000,"label":"X","price":3.815},{"type":"A","date":"2018-04-20T05:34:52.000Z","volume":6000,"label":" ","price":3.82},{"type":"A","date":"2018-04-20T05:35:52.000Z","volume":4000,"label":" ","price":3.82},{"type":"B","date":"2018-04-20T05:35:54.000Z","volume":2000,"label":" ","price":3.82},{"type":"B","date":"2018-04-20T05:42:38.000Z","volume":4000,"label":"Y","price":3.82},{"type":"B","date":"2018-04-20T05:42:38.000Z","volume":6000,"label":" ","price":3.82},{"type":"A","date":"2018-04-20T05:46:07.000Z","volume":200000,"label":" ","price":3.83},{"type":"A","date":"2018-04-20T05:46:07.000Z","volume":64000,"label":" ","price":3.83},{"type":"B","date":"2018-04-20T05:46:10.000Z","volume":2000,"label":" ","price":3.82},{"type":"U","date":"2018-04-20T05:50:12.000Z","volume":2000,"label":"X","price":3.83},{"type":"A","date":"2018-04-20T05:51:57.000Z","volume":10000,"label":" ","price":3.84},{"type":"A","date":"2018-04-20T05:51:57.000Z","volume":42000,"label":" ","price":3.84},{"type":"U","date":"2018-04-20T05:51:57.000Z","volume":2000,"label":"X","price":3.835},{"type":"U","date":"2018-04-20T05:51:57.000Z","volume":8000,"label":"X","price":3.84},{"type":"A","date":"2018-04-20T05:52:55.000Z","volume":100000,"label":" ","price":3.85},{"type":"A","date":"2018-04-20T05:52:55.000Z","volume":2000,"label":" ","price":3.85},{"type":"A","date":"2018-04-20T05:53:17.000Z","volume":110000,"label":" ","price":3.86},{"type":"A","date":"2018-04-20T05:53:17.000Z","volume":54000,"label":" ","price":3.86},{"type":"A","date":"2018-04-20T05:53:32.000Z","volume":6000,"label":" ","price":3.87},{"type":"A","date":"2018-04-20T05:54:13.000Z","volume":10000,"label":" ","price":3.87},{"type":"A","date":"2018-04-20T05:55:17.000Z","volume":6000,"label":" ","price":3.87},{"type":"A","date":"2018-04-20T05:57:12.000Z","volume":10000,"label":" ","price":3.86},{"type":"A","date":"2018-04-20T05:57:12.000Z","volume":4000,"label":" ","price":3.86},{"type":"A","date":"2018-04-20T05:57:32.000Z","volume":6000,"label":" ","price":3.87},{"type":"A","date":"2018-04-20T05:57:45.000Z","volume":20000,"label":" ","price":3.87},{"type":"A","date":"2018-04-20T05:58:31.000Z","volume":2000,"label":" ","price":3.87},{"type":"A","date":"2018-04-20T05:58:32.000Z","volume":2000,"label":"Y","price":3.87},{"type":"A","date":"2018-04-20T05:58:32.000Z","volume":2000,"label":" ","price":3.87},{"type":"A","date":"2018-04-20T05:58:32.000Z","volume":26000,"label":" ","price":3.87},{"type":"A","date":"2018-04-20T05:58:46.000Z","volume":20000,"label":" ","price":3.88},{"type":"A","date":"2018-04-20T05:58:46.000Z","volume":194000,"label":" ","price":3.88},{"type":"B","date":"2018-04-20T05:58:46.000Z","volume":2000,"label":" ","price":3.87},{"type":"A","date":"2018-04-20T05:59:32.000Z","volume":74000,"label":" ","price":3.89},{"type":"A","date":"2018-04-20T05:59:32.000Z","volume":120000,"label":" ","price":3.9},{"type":"A","date":"2018-04-20T05:59:32.000Z","volume":200000,"label":" ","price":3.91},{"type":"B","date":"2018-04-20T05:59:34.000Z","volume":8000,"label":" ","price":3.91},{"type":"B","date":"2018-04-20T05:59:39.000Z","volume":10000,"label":" ","price":3.91},{"type":"U","date":"2018-04-20T05:59:44.000Z","volume":2000,"label":"X","price":3.91},{"type":"U","date":"2018-04-20T05:59:47.000Z","volume":2000,"label":"X","price":3.91},{"type":"A","date":"2018-04-20T06:00:02.000Z","volume":10000,"label":" ","price":3.91},{"type":"A","date":"2018-04-20T06:00:15.000Z","volume":18000,"label":" ","price":3.91},{"type":"A","date":"2018-04-20T06:00:15.000Z","volume":2000,"label":" ","price":3.91},{"type":"A","date":"2018-04-20T06:00:21.000Z","volume":2000,"label":" ","price":3.91},{"type":"A","date":"2018-04-20T06:00:44.000Z","volume":2000,"label":" ","price":3.91},{"type":"B","date":"2018-04-20T06:00:48.000Z","volume":20000,"label":" ","price":3.9},{"type":"B","date":"2018-04-20T06:01:49.000Z","volume":10000,"label":" ","price":3.9},{"type":"B","date":"2018-04-20T06:03:02.000Z","volume":8000,"label":" ","price":3.89},{"type":"A","date":"2018-04-20T06:05:36.000Z","volume":40000,"label":" ","price":3.89},{"type":"A","date":"2018-04-20T06:09:17.000Z","volume":4000,"label":" ","price":3.88},{"type":"B","date":"2018-04-20T06:09:24.000Z","volume":6000,"label":" ","price":3.87},{"type":"B","date":"2018-04-20T06:09:24.000Z","volume":8000,"label":" ","price":3.86},{"type":"B","date":"2018-04-20T06:13:36.000Z","volume":10000,"label":" ","price":3.86},{"type":"A","date":"2018-04-20T06:15:47.000Z","volume":8000,"label":" ","price":3.88},{"type":"A","date":"2018-04-20T06:16:46.000Z","volume":198000,"label":" ","price":3.88},{"type":"U","date":"2018-04-20T06:16:46.000Z","volume":2000,"label":"X","price":3.87},{"type":"B","date":"2018-04-20T06:16:53.000Z","volume":4000,"label":" ","price":3.86},{"type":"A","date":"2018-04-20T06:18:40.000Z","volume":20000,"label":" ","price":3.88},{"type":"A","date":"2018-04-20T06:19:47.000Z","volume":6000,"label":" ","price":3.88},{"type":"B","date":"2018-04-20T06:19:52.000Z","volume":2000,"label":" ","price":3.86},{"type":"A","date":"2018-04-20T06:21:32.000Z","volume":6000,"label":" ","price":3.88},{"type":"A","date":"2018-04-20T06:23:55.000Z","volume":10000,"label":" ","price":3.88},{"type":"A","date":"2018-04-20T06:24:02.000Z","volume":6000,"label":" ","price":3.88},{"type":"U","date":"2018-04-20T06:26:38.000Z","volume":2000,"label":"X","price":3.87},{"type":"A","date":"2018-04-20T06:29:02.000Z","volume":8000,"label":" ","price":3.88},{"type":"B","date":"2018-04-20T06:29:57.000Z","volume":2000,"label":" ","price":3.86},{"type":"A","date":"2018-04-20T06:30:17.000Z","volume":8000,"label":" ","price":3.87},{"type":"A","date":"2018-04-20T06:31:01.000Z","volume":26000,"label":" ","price":3.87},{"type":"A","date":"2018-04-20T06:31:48.000Z","volume":18000,"label":" ","price":3.87},{"type":"U","date":"2018-04-20T06:31:48.000Z","volume":2000,"label":"X","price":3.865},{"type":"B","date":"2018-04-20T06:31:49.000Z","volume":8000,"label":" ","price":3.86},{"type":"A","date":"2018-04-20T06:32:32.000Z","volume":12000,"label":" ","price":3.87},{"type":"A","date":"2018-04-20T06:34:10.000Z","volume":6000,"label":" ","price":3.87},{"type":"A","date":"2018-04-20T06:34:28.000Z","volume":4000,"label":" ","price":3.87},{"type":"U","date":"2018-04-20T06:35:43.000Z","volume":2000,"label":"X","price":3.865},{"type":"B","date":"2018-04-20T06:37:39.000Z","volume":10000,"label":"Y","price":3.86},{"type":"B","date":"2018-04-20T06:37:39.000Z","volume":82000,"label":" ","price":3.86},{"type":"B","date":"2018-04-20T06:37:39.000Z","volume":2000,"label":" ","price":3.85},{"type":"B","date":"2018-04-20T06:37:39.000Z","volume":4000,"label":" ","price":3.85},{"type":"B","date":"2018-04-20T06:37:39.000Z","volume":2000,"label":" ","price":3.84},{"type":"B","date":"2018-04-20T06:38:01.000Z","volume":2000,"label":" ","price":3.84},{"type":"B","date":"2018-04-20T06:38:09.000Z","volume":2000,"label":" ","price":3.84},{"type":"B","date":"2018-04-20T06:41:04.000Z","volume":2000,"label":" ","price":3.83},{"type":"B","date":"2018-04-20T06:41:05.000Z","volume":4000,"label":" ","price":3.83},{"type":"B","date":"2018-04-20T06:41:47.000Z","volume":2000,"label":" ","price":3.83},{"type":"A","date":"2018-04-20T06:44:32.000Z","volume":4000,"label":" ","price":3.85},{"type":"A","date":"2018-04-20T06:46:05.000Z","volume":2000,"label":"Y","price":3.85},{"type":"A","date":"2018-04-20T06:46:47.000Z","volume":4000,"label":" ","price":3.85},{"type":"A","date":"2018-04-20T06:48:17.000Z","volume":4000,"label":" ","price":3.85},{"type":"B","date":"2018-04-20T06:48:24.000Z","volume":2000,"label":" ","price":3.83},{"type":"B","date":"2018-04-20T06:49:01.000Z","volume":28000,"label":" ","price":3.83},{"type":"A","date":"2018-04-20T06:50:17.000Z","volume":4000,"label":" ","price":3.85},{"type":"A","date":"2018-04-20T06:51:32.000Z","volume":4000,"label":" ","price":3.85},{"type":"B","date":"2018-04-20T06:51:34.000Z","volume":2000,"label":" ","price":3.83},{"type":"A","date":"2018-04-20T06:53:17.000Z","volume":4000,"label":" ","price":3.85},{"type":"A","date":"2018-04-20T06:54:47.000Z","volume":4000,"label":" ","price":3.85},{"type":"A","date":"2018-04-20T06:57:47.000Z","volume":4000,"label":" ","price":3.85},{"type":"A","date":"2018-04-20T06:58:22.000Z","volume":20000,"label":" ","price":3.85},{"type":"U","date":"2018-04-20T06:58:22.000Z","volume":2000,"label":"X","price":3.84},{"type":"A","date":"2018-04-20T06:59:17.000Z","volume":6000,"label":" ","price":3.85},{"type":"A","date":"2018-04-20T07:00:00.000Z","volume":20000,"label":" ","price":3.85},{"type":"A","date":"2018-04-20T07:02:18.000Z","volume":20000,"label":" ","price":3.85},{"type":"A","date":"2018-04-20T07:02:32.000Z","volume":6000,"label":" ","price":3.85},{"type":"A","date":"2018-04-20T07:02:35.000Z","volume":4000,"label":" ","price":3.85},{"type":"A","date":"2018-04-20T07:05:02.000Z","volume":6000,"label":" ","price":3.86},{"type":"A","date":"2018-04-20T07:06:45.000Z","volume":10000,"label":" ","price":3.86},{"type":"A","date":"2018-04-20T07:07:17.000Z","volume":4000,"label":" ","price":3.86},{"type":"A","date":"2018-04-20T07:09:02.000Z","volume":4000,"label":" ","price":3.86},{"type":"A","date":"2018-04-20T07:09:02.000Z","volume":2000,"label":" ","price":3.86},{"type":"A","date":"2018-04-20T07:10:32.000Z","volume":4000,"label":" ","price":3.86},{"type":"B","date":"2018-04-20T07:10:52.000Z","volume":20000,"label":" ","price":3.85},{"type":"A","date":"2018-04-20T07:10:52.000Z","volume":4000,"label":" ","price":3.85},{"type":"B","date":"2018-04-20T07:12:22.000Z","volume":2000,"label":" ","price":3.85},{"type":"A","date":"2018-04-20T07:12:58.000Z","volume":6000,"label":" ","price":3.86},{"type":"B","date":"2018-04-20T07:13:37.000Z","volume":8000,"label":" ","price":3.85},{"type":"A","date":"2018-04-20T07:15:15.000Z","volume":6000,"label":" ","price":3.85},{"type":"B","date":"2018-04-20T07:16:03.000Z","volume":2000,"label":" ","price":3.84},{"type":"B","date":"2018-04-20T07:18:02.000Z","volume":2000,"label":" ","price":3.84},{"type":"A","date":"2018-04-20T07:18:13.000Z","volume":10000,"label":" ","price":3.85},{"type":"B","date":"2018-04-20T07:18:36.000Z","volume":2000,"label":" ","price":3.84},{"type":"B","date":"2018-04-20T07:19:49.000Z","volume":30000,"label":" ","price":3.84},{"type":"B","date":"2018-04-20T07:19:53.000Z","volume":10000,"label":" ","price":3.84},{"type":"B","date":"2018-04-20T07:20:32.000Z","volume":2000,"label":" ","price":3.84},{"type":"A","date":"2018-04-20T07:24:17.000Z","volume":4000,"label":" ","price":3.85},{"type":"A","date":"2018-04-20T07:24:57.000Z","volume":14000,"label":" ","price":3.85},{"type":"U","date":"2018-04-20T07:24:57.000Z","volume":2000,"label":"X","price":3.845},{"type":"A","date":"2018-04-20T07:25:17.000Z","volume":4000,"label":" ","price":3.85},{"type":"A","date":"2018-04-20T07:26:02.000Z","volume":2000,"label":" ","price":3.85},{"type":"B","date":"2018-04-20T07:26:39.000Z","volume":2000,"label":" ","price":3.84},{"type":"A","date":"2018-04-20T07:27:02.000Z","volume":6000,"label":" ","price":3.85},{"type":"A","date":"2018-04-20T07:30:17.000Z","volume":4000,"label":" ","price":3.85},{"type":"A","date":"2018-04-20T07:31:32.000Z","volume":4000,"label":" ","price":3.85},{"type":"A","date":"2018-04-20T07:31:32.000Z","volume":2000,"label":" ","price":3.85},{"type":"A","date":"2018-04-20T07:31:33.000Z","volume":4000,"label":" ","price":3.85},{"type":"A","date":"2018-04-20T07:34:32.000Z","volume":4000,"label":" ","price":3.86},{"type":"A","date":"2018-04-20T07:36:02.000Z","volume":6000,"label":" ","price":3.86},{"type":"U","date":"2018-04-20T07:37:15.000Z","volume":2000,"label":"X","price":3.85},{"type":"B","date":"2018-04-20T07:39:17.000Z","volume":12000,"label":" ","price":3.84},{"type":"B","date":"2018-04-20T07:39:19.000Z","volume":6000,"label":" ","price":3.84},{"type":"B","date":"2018-04-20T07:39:19.000Z","volume":2000,"label":" ","price":3.84},{"type":"B","date":"2018-04-20T07:39:19.000Z","volume":2000,"label":" ","price":3.84},{"type":"B","date":"2018-04-20T07:39:36.000Z","volume":8000,"label":" ","price":3.84},{"type":"A","date":"2018-04-20T07:39:52.000Z","volume":4000,"label":" ","price":3.84},{"type":"B","date":"2018-04-20T07:41:19.000Z","volume":20000,"label":" ","price":3.83},{"type":"B","date":"2018-04-20T07:42:49.000Z","volume":2000,"label":" ","price":3.83},{"type":"B","date":"2018-04-20T07:43:08.000Z","volume":10000,"label":" ","price":3.82},{"type":"B","date":"2018-04-20T07:43:28.000Z","volume":2000,"label":" ","price":3.82},{"type":"A","date":"2018-04-20T07:45:02.000Z","volume":4000,"label":" ","price":3.83},{"type":"A","date":"2018-04-20T07:45:37.000Z","volume":4000,"label":" ","price":3.83},{"type":"A","date":"2018-04-20T07:48:09.000Z","volume":4000,"label":" ","price":3.84},{"type":"A","date":"2018-04-20T07:50:07.000Z","volume":2000,"label":" ","price":3.84},{"type":"A","date":"2018-04-20T07:50:51.000Z","volume":8000,"label":" ","price":3.84},{"type":"A","date":"2018-04-20T07:50:51.000Z","volume":10000,"label":" ","price":3.85},{"type":"A","date":"2018-04-20T07:53:02.000Z","volume":2000,"label":" ","price":3.85},{"type":"A","date":"2018-04-20T07:53:32.000Z","volume":2000,"label":" ","price":3.85},{"type":"A","date":"2018-04-20T07:54:17.000Z","volume":2000,"label":" ","price":3.84},{"type":"A","date":"2018-04-20T07:55:02.000Z","volume":2000,"label":" ","price":3.84},{"type":"A","date":"2018-04-20T07:55:02.000Z","volume":2000,"label":" ","price":3.84},{"type":"A","date":"2018-04-20T07:55:58.000Z","volume":6000,"label":" ","price":3.84},{"type":"A","date":"2018-04-20T07:56:02.000Z","volume":2000,"label":" ","price":3.85},{"type":"B","date":"2018-04-20T07:56:20.000Z","volume":16000,"label":" ","price":3.83},{"type":"A","date":"2018-04-20T07:56:20.000Z","volume":14000,"label":" ","price":3.83},{"type":"B","date":"2018-04-20T07:56:23.000Z","volume":2000,"label":" ","price":3.82},{"type":"A","date":"2018-04-20T07:57:02.000Z","volume":2000,"label":" ","price":3.85},{"type":"A","date":"2018-04-20T07:58:00.000Z","volume":2000,"label":" ","price":3.85},{"type":"A","date":"2018-04-20T07:58:45.000Z","volume":16000,"label":" ","price":3.85},{"type":"A","date":"2018-04-20T07:58:51.000Z","volume":26000,"label":" ","price":3.85},{"type":"B","date":"2018-04-20T07:58:51.000Z","volume":14000,"label":" ","price":3.85},{"type":"B","date":"2018-04-20T07:58:51.000Z","volume":2000,"label":" ","price":3.85},{"type":"B","date":"2018-04-20T07:58:54.000Z","volume":2000,"label":" ","price":3.85},{"type":"B","date":"2018-04-20T07:58:59.000Z","volume":2000,"label":" ","price":3.83},{"type":"A","date":"2018-04-20T07:58:59.000Z","volume":6000,"label":"Y","price":3.85},{"type":"A","date":"2018-04-20T07:58:59.000Z","volume":2000,"label":" ","price":3.85},{"type":"A","date":"2018-04-20T07:59:00.000Z","volume":2000,"label":" ","price":3.85},{"type":"B","date":"2018-04-20T07:59:00.000Z","volume":2000,"label":" ","price":3.83},{"type":"A","date":"2018-04-20T07:59:01.000Z","volume":2000,"label":" ","price":3.85},{"type":"A","date":"2018-04-20T07:59:01.000Z","volume":22000,"label":" ","price":3.85},{"type":"A","date":"2018-04-20T07:59:01.000Z","volume":24000,"label":" ","price":3.86},{"type":"B","date":"2018-04-20T07:59:04.000Z","volume":2000,"label":" ","price":3.83},{"type":"A","date":"2018-04-20T07:59:08.000Z","volume":2000,"label":" ","price":3.86},{"type":"A","date":"2018-04-20T07:59:10.000Z","volume":2000,"label":"Y","price":3.84},{"type":"A","date":"2018-04-20T07:59:10.000Z","volume":18000,"label":" ","price":3.84},{"type":"B","date":"2018-04-20T07:59:12.000Z","volume":2000,"label":" ","price":3.84},{"type":"A","date":"2018-04-20T07:59:14.000Z","volume":10000,"label":" ","price":3.86},{"type":"A","date":"2018-04-20T07:59:15.000Z","volume":10000,"label":" ","price":3.86},{"type":"A","date":"2018-04-20T07:59:16.000Z","volume":44000,"label":" ","price":3.86},{"type":"A","date":"2018-04-20T07:59:16.000Z","volume":2000,"label":" ","price":3.86},{"type":"A","date":"2018-04-20T07:59:16.000Z","volume":14000,"label":" ","price":3.86},{"type":"B","date":"2018-04-20T07:59:17.000Z","volume":4000,"label":" ","price":3.86},{"type":"A","date":"2018-04-20T07:59:18.000Z","volume":2000,"label":" ","price":3.87},{"type":"A","date":"2018-04-20T07:59:19.000Z","volume":6000,"label":" ","price":3.87},{"type":"A","date":"2018-04-20T07:59:21.000Z","volume":46000,"label":" ","price":3.87},{"type":"B","date":"2018-04-20T07:59:25.000Z","volume":2000,"label":" ","price":3.86},{"type":"B","date":"2018-04-20T07:59:25.000Z","volume":48000,"label":" ","price":3.86},{"type":"B","date":"2018-04-20T07:59:29.000Z","volume":2000,"label":" ","price":3.86},{"type":"B","date":"2018-04-20T07:59:29.000Z","volume":2000,"label":" ","price":3.86},{"type":"A","date":"2018-04-20T07:59:29.000Z","volume":2000,"label":" ","price":3.87},{"type":"A","date":"2018-04-20T07:59:30.000Z","volume":2000,"label":" ","price":3.87},{"type":"B","date":"2018-04-20T07:59:30.000Z","volume":2000,"label":" ","price":3.84},{"type":"A","date":"2018-04-20T07:59:31.000Z","volume":12000,"label":" ","price":3.87},{"type":"B","date":"2018-04-20T07:59:36.000Z","volume":2000,"label":" ","price":3.84},{"type":"A","date":"2018-04-20T07:59:36.000Z","volume":16000,"label":" ","price":3.87},{"type":"B","date":"2018-04-20T07:59:44.000Z","volume":2000,"label":" ","price":3.84},{"type":"B","date":"2018-04-20T07:59:44.000Z","volume":4000,"label":" ","price":3.84},{"type":"A","date":"2018-04-20T07:59:44.000Z","volume":10000,"label":"Y","price":3.87},{"type":"A","date":"2018-04-20T07:59:44.000Z","volume":10000,"label":" ","price":3.87},{"type":"B","date":"2018-04-20T07:59:44.000Z","volume":6000,"label":" ","price":3.84},{"type":"A","date":"2018-04-20T07:59:45.000Z","volume":10000,"label":" ","price":3.86},{"type":"A","date":"2018-04-20T07:59:46.000Z","volume":12000,"label":" ","price":3.86},{"type":"A","date":"2018-04-20T07:59:46.000Z","volume":32000,"label":" ","price":3.87},{"type":"B","date":"2018-04-20T07:59:46.000Z","volume":4000,"label":" ","price":3.84},{"type":"B","date":"2018-04-20T07:59:47.000Z","volume":2000,"label":" ","price":3.83},{"type":"A","date":"2018-04-20T07:59:55.000Z","volume":2000,"label":" ","price":3.87}]