[{"type":"B","date":"2018-04-30T01:38:06.000Z","volume":4000,"label":" ","price":4.85},{"type":"B","date":"2018-04-30T01:46:48.000Z","volume":8000,"label":" ","price":4.85},{"type":"A","date":"2018-04-30T01:46:48.000Z","volume":56000,"label":" ","price":4.85},{"type":"U","date":"2018-04-30T01:46:48.000Z","volume":4000,"label":" ","price":4.84},{"type":"U","date":"2018-04-30T01:46:48.000Z","volume":4000,"label":" ","price":4.84},{"type":"A","date":"2018-04-30T01:46:48.000Z","volume":4000,"label":" ","price":4.86},{"type":"U","date":"2018-04-30T01:46:48.000Z","volume":4000,"label":" ","price":4.84},{"type":"U","date":"2018-04-30T01:46:48.000Z","volume":4000,"label":" ","price":4.85},{"type":"B","date":"2018-04-30T01:46:50.000Z","volume":8000,"label":" ","price":4.86},{"type":"B","date":"2018-04-30T01:46:52.000Z","volume":4000,"label":" ","price":4.85},{"type":"B","date":"2018-04-30T01:47:20.000Z","volume":16000,"label":" ","price":4.83},{"type":"B","date":"2018-04-30T01:47:20.000Z","volume":4000,"label":" ","price":4.83},{"type":"B","date":"2018-04-30T01:47:30.000Z","volume":8000,"label":" ","price":4.82},{"type":"A","date":"2018-04-30T01:47:30.000Z","volume":20000,"label":" ","price":4.82},{"type":"A","date":"2018-04-30T01:47:32.000Z","volume":12000,"label":" ","price":4.83},{"type":"B","date":"2018-04-30T01:49:39.000Z","volume":4000,"label":" ","price":4.82},{"type":"B","date":"2018-04-30T01:49:43.000Z","volume":4000,"label":" ","price":4.82},{"type":"U","date":"2018-04-30T01:50:26.000Z","volume":8000,"label":" ","price":4.82},{"type":"U","date":"2018-04-30T01:50:26.000Z","volume":4000,"label":" ","price":4.82},{"type":"A","date":"2018-04-30T01:50:42.000Z","volume":24000,"label":" ","price":4.83},{"type":"A","date":"2018-04-30T01:51:39.000Z","volume":8000,"label":" ","price":4.85},{"type":"A","date":"2018-04-30T01:51:39.000Z","volume":4000,"label":" ","price":4.85},{"type":"B","date":"2018-04-30T01:59:29.000Z","volume":4000,"label":" ","price":4.87},{"type":"B","date":"2018-04-30T01:59:39.000Z","volume":24000,"label":" ","price":4.87},{"type":"B","date":"2018-04-30T02:00:30.000Z","volume":4000,"label":" ","price":4.84},{"type":"U","date":"2018-04-30T02:00:45.000Z","volume":4000,"label":" ","price":4.84},{"type":"B","date":"2018-04-30T02:00:47.000Z","volume":4000,"label":" ","price":4.84},{"type":"A","date":"2018-04-30T02:00:47.000Z","volume":36000,"label":" ","price":4.85},{"type":"A","date":"2018-04-30T02:01:04.000Z","volume":4000,"label":" ","price":4.85},{"type":"A","date":"2018-04-30T02:01:55.000Z","volume":8000,"label":" ","price":4.86},{"type":"A","date":"2018-04-30T02:04:59.000Z","volume":12000,"label":" ","price":4.87},{"type":"B","date":"2018-04-30T02:07:56.000Z","volume":4000,"label":" ","price":4.86},{"type":"B","date":"2018-04-30T02:14:55.000Z","volume":8000,"label":" ","price":4.87},{"type":"A","date":"2018-04-30T02:15:13.000Z","volume":20000,"label":" ","price":4.88},{"type":"A","date":"2018-04-30T02:15:24.000Z","volume":4000,"label":" ","price":4.88},{"type":"B","date":"2018-04-30T02:18:59.000Z","volume":4000,"label":" ","price":4.87},{"type":"B","date":"2018-04-30T02:24:35.000Z","volume":4000,"label":" ","price":4.88},{"type":"B","date":"2018-04-30T02:24:35.000Z","volume":16000,"label":" ","price":4.88},{"type":"B","date":"2018-04-30T02:24:35.000Z","volume":4000,"label":" ","price":4.88},{"type":"U","date":"2018-04-30T02:24:36.000Z","volume":4000,"label":" ","price":4.88},{"type":"B","date":"2018-04-30T02:27:16.000Z","volume":4000,"label":" ","price":4.87},{"type":"B","date":"2018-04-30T02:31:35.000Z","volume":12000,"label":" ","price":4.88},{"type":"B","date":"2018-04-30T02:31:40.000Z","volume":4000,"label":" ","price":4.88},{"type":"A","date":"2018-04-30T02:45:48.000Z","volume":4000,"label":" ","price":4.89},{"type":"A","date":"2018-04-30T02:45:48.000Z","volume":20000,"label":" ","price":4.89},{"type":"B","date":"2018-04-30T02:45:58.000Z","volume":4000,"label":" ","price":4.9},{"type":"B","date":"2018-04-30T02:46:33.000Z","volume":4000,"label":" ","price":4.9},{"type":"B","date":"2018-04-30T02:48:07.000Z","volume":4000,"label":" ","price":4.9},{"type":"B","date":"2018-04-30T02:48:07.000Z","volume":12000,"label":" ","price":4.9},{"type":"B","date":"2018-04-30T02:49:07.000Z","volume":12000,"label":" ","price":4.89},{"type":"B","date":"2018-04-30T02:49:48.000Z","volume":4000,"label":" ","price":4.87},{"type":"U","date":"2018-04-30T02:51:06.000Z","volume":2900,"label":"D","price":4.84},{"type":"B","date":"2018-04-30T02:53:11.000Z","volume":12000,"label":" ","price":4.87},{"type":"B","date":"2018-04-30T02:57:35.000Z","volume":8000,"label":" ","price":4.86},{"type":"B","date":"2018-04-30T02:57:40.000Z","volume":4000,"label":" ","price":4.86},{"type":"B","date":"2018-04-30T02:58:20.000Z","volume":4000,"label":" ","price":4.86},{"type":"B","date":"2018-04-30T02:58:20.000Z","volume":4000,"label":" ","price":4.86},{"type":"B","date":"2018-04-30T02:58:36.000Z","volume":4000,"label":" ","price":4.85},{"type":"B","date":"2018-04-30T03:02:27.000Z","volume":4000,"label":" ","price":4.85},{"type":"B","date":"2018-04-30T03:07:39.000Z","volume":4000,"label":" ","price":4.84},{"type":"B","date":"2018-04-30T03:08:05.000Z","volume":4000,"label":" ","price":4.84},{"type":"A","date":"2018-04-30T03:08:16.000Z","volume":4000,"label":" ","price":4.85},{"type":"A","date":"2018-04-30T03:08:25.000Z","volume":12000,"label":" ","price":4.85},{"type":"A","date":"2018-04-30T03:08:25.000Z","volume":4000,"label":" ","price":4.85},{"type":"B","date":"2018-04-30T03:09:23.000Z","volume":4000,"label":" ","price":4.85},{"type":"B","date":"2018-04-30T03:09:23.000Z","volume":12000,"label":" ","price":4.85},{"type":"B","date":"2018-04-30T03:09:24.000Z","volume":4000,"label":" ","price":4.84},{"type":"B","date":"2018-04-30T03:18:35.000Z","volume":8000,"label":" ","price":4.84},{"type":"B","date":"2018-04-30T03:19:05.000Z","volume":8000,"label":" ","price":4.84},{"type":"B","date":"2018-04-30T03:19:19.000Z","volume":8000,"label":" ","price":4.84},{"type":"B","date":"2018-04-30T03:28:19.000Z","volume":12000,"label":" ","price":4.84},{"type":"B","date":"2018-04-30T03:28:20.000Z","volume":4000,"label":" ","price":4.84},{"type":"B","date":"2018-04-30T03:29:00.000Z","volume":4000,"label":" ","price":4.83},{"type":"B","date":"2018-04-30T03:35:25.000Z","volume":8000,"label":" ","price":4.83},{"type":"B","date":"2018-04-30T03:35:30.000Z","volume":4000,"label":" ","price":4.83},{"type":"B","date":"2018-04-30T03:35:52.000Z","volume":4000,"label":" ","price":4.83},{"type":"B","date":"2018-04-30T03:37:00.000Z","volume":4000,"label":" ","price":4.83},{"type":"B","date":"2018-04-30T03:37:00.000Z","volume":4000,"label":" ","price":4.83},{"type":"B","date":"2018-04-30T03:42:59.000Z","volume":8000,"label":" ","price":4.83},{"type":"B","date":"2018-04-30T03:43:00.000Z","volume":4000,"label":" ","price":4.82},{"type":"B","date":"2018-04-30T03:43:14.000Z","volume":8000,"label":" ","price":4.82},{"type":"B","date":"2018-04-30T03:45:35.000Z","volume":4000,"label":" ","price":4.82},{"type":"U","date":"2018-04-30T03:47:05.000Z","volume":8000,"label":" ","price":4.82},{"type":"B","date":"2018-04-30T03:47:05.000Z","volume":4000,"label":" ","price":4.82},{"type":"A","date":"2018-04-30T03:48:52.000Z","volume":4000,"label":"Y","price":4.83},{"type":"A","date":"2018-04-30T03:49:56.000Z","volume":16000,"label":"Y","price":4.83},{"type":"A","date":"2018-04-30T03:49:56.000Z","volume":12000,"label":" ","price":4.83},{"type":"B","date":"2018-04-30T03:49:56.000Z","volume":4000,"label":" ","price":4.82},{"type":"B","date":"2018-04-30T03:55:04.000Z","volume":24000,"label":" ","price":4.83},{"type":"B","date":"2018-04-30T03:59:41.000Z","volume":4000,"label":" ","price":4.82},{"type":"U","date":"2018-04-30T05:13:09.000Z","volume":4000,"label":"X","price":4.835},{"type":"B","date":"2018-04-30T05:14:13.000Z","volume":24000,"label":" ","price":4.83},{"type":"B","date":"2018-04-30T05:24:15.000Z","volume":4000,"label":" ","price":4.82},{"type":"B","date":"2018-04-30T05:28:02.000Z","volume":8000,"label":" ","price":4.82},{"type":"A","date":"2018-04-30T05:29:04.000Z","volume":8000,"label":" ","price":4.83},{"type":"B","date":"2018-04-30T05:39:11.000Z","volume":4000,"label":" ","price":4.82},{"type":"B","date":"2018-04-30T05:39:11.000Z","volume":4000,"label":" ","price":4.82},{"type":"B","date":"2018-04-30T05:40:20.000Z","volume":12000,"label":"Y","price":4.82},{"type":"B","date":"2018-04-30T05:40:20.000Z","volume":8000,"label":" ","price":4.82},{"type":"B","date":"2018-04-30T05:40:20.000Z","volume":4000,"label":" ","price":4.82},{"type":"B","date":"2018-04-30T05:43:59.000Z","volume":20000,"label":" ","price":4.82},{"type":"B","date":"2018-04-30T05:48:43.000Z","volume":4000,"label":" ","price":4.82},{"type":"B","date":"2018-04-30T05:48:43.000Z","volume":4000,"label":" ","price":4.82},{"type":"B","date":"2018-04-30T05:56:54.000Z","volume":4000,"label":"Y","price":4.82},{"type":"B","date":"2018-04-30T05:56:54.000Z","volume":4000,"label":" ","price":4.82},{"type":"B","date":"2018-04-30T06:13:28.000Z","volume":8000,"label":"Y","price":4.82},{"type":"B","date":"2018-04-30T06:13:28.000Z","volume":16000,"label":" ","price":4.82},{"type":"B","date":"2018-04-30T06:13:28.000Z","volume":4000,"label":" ","price":4.82},{"type":"B","date":"2018-04-30T06:15:18.000Z","volume":4000,"label":" ","price":4.82},{"type":"A","date":"2018-04-30T06:20:22.000Z","volume":16000,"label":" ","price":4.83},{"type":"B","date":"2018-04-30T06:20:24.000Z","volume":4000,"label":" ","price":4.82},{"type":"A","date":"2018-04-30T06:21:23.000Z","volume":4000,"label":" ","price":4.83},{"type":"A","date":"2018-04-30T06:22:56.000Z","volume":4000,"label":" ","price":4.83},{"type":"A","date":"2018-04-30T06:23:02.000Z","volume":8000,"label":" ","price":4.83},{"type":"A","date":"2018-04-30T06:24:23.000Z","volume":4000,"label":" ","price":4.83},{"type":"A","date":"2018-04-30T06:25:14.000Z","volume":44000,"label":" ","price":4.83},{"type":"A","date":"2018-04-30T06:30:22.000Z","volume":4000,"label":" ","price":4.84},{"type":"B","date":"2018-04-30T06:33:43.000Z","volume":4000,"label":" ","price":4.83},{"type":"A","date":"2018-04-30T06:34:21.000Z","volume":4000,"label":" ","price":4.84},{"type":"A","date":"2018-04-30T06:37:29.000Z","volume":4000,"label":" ","price":4.84},{"type":"B","date":"2018-04-30T06:38:10.000Z","volume":4000,"label":" ","price":4.83},{"type":"A","date":"2018-04-30T06:38:33.000Z","volume":4000,"label":" ","price":4.84},{"type":"A","date":"2018-04-30T06:43:12.000Z","volume":4000,"label":" ","price":4.84},{"type":"A","date":"2018-04-30T06:43:12.000Z","volume":4000,"label":" ","price":4.84},{"type":"A","date":"2018-04-30T06:43:13.000Z","volume":4000,"label":" ","price":4.84},{"type":"A","date":"2018-04-30T06:43:13.000Z","volume":4000,"label":" ","price":4.84},{"type":"A","date":"2018-04-30T06:43:33.000Z","volume":12000,"label":" ","price":4.84},{"type":"A","date":"2018-04-30T06:43:34.000Z","volume":44000,"label":" ","price":4.84},{"type":"A","date":"2018-04-30T06:45:22.000Z","volume":4000,"label":" ","price":4.85},{"type":"A","date":"2018-04-30T06:50:35.000Z","volume":4000,"label":" ","price":4.85},{"type":"A","date":"2018-04-30T06:50:41.000Z","volume":4000,"label":" ","price":4.85},{"type":"A","date":"2018-04-30T06:50:41.000Z","volume":40000,"label":" ","price":4.85},{"type":"A","date":"2018-04-30T06:50:41.000Z","volume":36000,"label":" ","price":4.85},{"type":"U","date":"2018-04-30T06:50:41.000Z","volume":4000,"label":" ","price":4.85},{"type":"A","date":"2018-04-30T06:50:46.000Z","volume":4000,"label":" ","price":4.87},{"type":"B","date":"2018-04-30T06:50:47.000Z","volume":4000,"label":" ","price":4.86},{"type":"B","date":"2018-04-30T06:51:31.000Z","volume":12000,"label":" ","price":4.87},{"type":"B","date":"2018-04-30T06:51:32.000Z","volume":4000,"label":" ","price":4.86},{"type":"B","date":"2018-04-30T06:52:23.000Z","volume":4000,"label":" ","price":4.86},{"type":"B","date":"2018-04-30T06:52:23.000Z","volume":4000,"label":" ","price":4.86},{"type":"A","date":"2018-04-30T06:52:26.000Z","volume":4000,"label":" ","price":4.87},{"type":"B","date":"2018-04-30T06:55:21.000Z","volume":12000,"label":" ","price":4.86},{"type":"U","date":"2018-04-30T07:02:23.000Z","volume":158,"label":"D","price":4.87},{"type":"A","date":"2018-04-30T07:09:39.000Z","volume":4000,"label":" ","price":4.87},{"type":"A","date":"2018-04-30T07:20:55.000Z","volume":20000,"label":" ","price":4.87},{"type":"B","date":"2018-04-30T07:20:57.000Z","volume":4000,"label":" ","price":4.86},{"type":"A","date":"2018-04-30T07:22:09.000Z","volume":12000,"label":" ","price":4.87},{"type":"B","date":"2018-04-30T07:22:09.000Z","volume":4000,"label":" ","price":4.86},{"type":"B","date":"2018-04-30T07:22:15.000Z","volume":16000,"label":" ","price":4.86},{"type":"B","date":"2018-04-30T07:22:15.000Z","volume":8000,"label":" ","price":4.86},{"type":"B","date":"2018-04-30T07:22:15.000Z","volume":4000,"label":" ","price":4.86},{"type":"B","date":"2018-04-30T07:22:17.000Z","volume":4000,"label":" ","price":4.86},{"type":"B","date":"2018-04-30T07:22:19.000Z","volume":48000,"label":" ","price":4.86},{"type":"B","date":"2018-04-30T07:22:19.000Z","volume":4000,"label":" ","price":4.86},{"type":"B","date":"2018-04-30T07:22:19.000Z","volume":4000,"label":" ","price":4.86},{"type":"B","date":"2018-04-30T07:22:19.000Z","volume":4000,"label":" ","price":4.86},{"type":"B","date":"2018-04-30T07:22:19.000Z","volume":16000,"label":" ","price":4.86},{"type":"B","date":"2018-04-30T07:22:19.000Z","volume":4000,"label":" ","price":4.86},{"type":"B","date":"2018-04-30T07:22:23.000Z","volume":16000,"label":" ","price":4.86},{"type":"B","date":"2018-04-30T07:22:23.000Z","volume":4000,"label":" ","price":4.86},{"type":"B","date":"2018-04-30T07:22:41.000Z","volume":24000,"label":" ","price":4.86},{"type":"B","date":"2018-04-30T07:22:41.000Z","volume":8000,"label":" ","price":4.85},{"type":"A","date":"2018-04-30T07:22:41.000Z","volume":52000,"label":" ","price":4.86},{"type":"A","date":"2018-04-30T07:22:45.000Z","volume":4000,"label":"Y","price":4.85},{"type":"A","date":"2018-04-30T07:22:45.000Z","volume":80000,"label":" ","price":4.85},{"type":"B","date":"2018-04-30T07:22:45.000Z","volume":12000,"label":" ","price":4.84},{"type":"B","date":"2018-04-30T07:22:47.000Z","volume":16000,"label":" ","price":4.84},{"type":"A","date":"2018-04-30T07:22:49.000Z","volume":8000,"label":"Y","price":4.85},{"type":"A","date":"2018-04-30T07:22:49.000Z","volume":24000,"label":" ","price":4.85},{"type":"B","date":"2018-04-30T07:22:49.000Z","volume":4000,"label":" ","price":4.84},{"type":"A","date":"2018-04-30T07:23:00.000Z","volume":12000,"label":" ","price":4.85},{"type":"B","date":"2018-04-30T07:23:00.000Z","volume":4000,"label":" ","price":4.85},{"type":"B","date":"2018-04-30T07:23:00.000Z","volume":4000,"label":" ","price":4.85},{"type":"B","date":"2018-04-30T07:23:26.000Z","volume":8000,"label":" ","price":4.85},{"type":"A","date":"2018-04-30T07:23:30.000Z","volume":4000,"label":" ","price":4.86},{"type":"B","date":"2018-04-30T07:23:30.000Z","volume":4000,"label":" ","price":4.85},{"type":"A","date":"2018-04-30T07:24:21.000Z","volume":16000,"label":" ","price":4.86},{"type":"A","date":"2018-04-30T07:25:22.000Z","volume":4000,"label":" ","price":4.86},{"type":"A","date":"2018-04-30T07:25:22.000Z","volume":16000,"label":" ","price":4.86},{"type":"A","date":"2018-04-30T07:25:54.000Z","volume":16000,"label":" ","price":4.86},{"type":"B","date":"2018-04-30T07:25:54.000Z","volume":4000,"label":" ","price":4.86},{"type":"B","date":"2018-04-30T07:25:54.000Z","volume":8000,"label":" ","price":4.86},{"type":"B","date":"2018-04-30T07:26:24.000Z","volume":4000,"label":" ","price":4.85},{"type":"B","date":"2018-04-30T07:29:08.000Z","volume":4000,"label":" ","price":4.86},{"type":"B","date":"2018-04-30T07:30:31.000Z","volume":4000,"label":" ","price":4.86},{"type":"B","date":"2018-04-30T07:30:31.000Z","volume":4000,"label":" ","price":4.86},{"type":"B","date":"2018-04-30T07:34:26.000Z","volume":4000,"label":" ","price":4.86},{"type":"B","date":"2018-04-30T07:36:34.000Z","volume":4000,"label":" ","price":4.86},{"type":"B","date":"2018-04-30T07:36:34.000Z","volume":28000,"label":" ","price":4.86},{"type":"B","date":"2018-04-30T07:39:39.000Z","volume":8000,"label":" ","price":4.85},{"type":"A","date":"2018-04-30T07:39:47.000Z","volume":4000,"label":" ","price":4.86},{"type":"B","date":"2018-04-30T07:39:47.000Z","volume":8000,"label":" ","price":4.85},{"type":"U","date":"2018-04-30T07:39:47.000Z","volume":4000,"label":"X","price":4.86},{"type":"B","date":"2018-04-30T07:40:12.000Z","volume":4000,"label":" ","price":4.85},{"type":"A","date":"2018-04-30T07:42:32.000Z","volume":8000,"label":" ","price":4.86},{"type":"A","date":"2018-04-30T07:43:29.000Z","volume":4000,"label":" ","price":4.86},{"type":"A","date":"2018-04-30T07:43:40.000Z","volume":4000,"label":" ","price":4.86},{"type":"A","date":"2018-04-30T07:44:46.000Z","volume":4000,"label":" ","price":4.86},{"type":"B","date":"2018-04-30T07:45:39.000Z","volume":4000,"label":" ","price":4.85},{"type":"B","date":"2018-04-30T07:45:59.000Z","volume":8000,"label":" ","price":4.85},{"type":"B","date":"2018-04-30T07:50:52.000Z","volume":4000,"label":" ","price":4.85},{"type":"B","date":"2018-04-30T07:51:19.000Z","volume":8000,"label":" ","price":4.85},{"type":"B","date":"2018-04-30T07:51:19.000Z","volume":4000,"label":" ","price":4.85},{"type":"B","date":"2018-04-30T07:53:34.000Z","volume":4000,"label":" ","price":4.85},{"type":"A","date":"2018-04-30T07:53:49.000Z","volume":4000,"label":" ","price":4.86},{"type":"A","date":"2018-04-30T07:54:12.000Z","volume":8000,"label":" ","price":4.86},{"type":"B","date":"2018-04-30T07:54:19.000Z","volume":8000,"label":" ","price":4.85},{"type":"B","date":"2018-04-30T07:54:21.000Z","volume":4000,"label":" ","price":4.85},{"type":"B","date":"2018-04-30T07:54:36.000Z","volume":12000,"label":"Y","price":4.85},{"type":"B","date":"2018-04-30T07:54:36.000Z","volume":68000,"label":" ","price":4.85},{"type":"A","date":"2018-04-30T07:54:59.000Z","volume":8000,"label":"Y","price":4.85},{"type":"A","date":"2018-04-30T07:54:59.000Z","volume":8000,"label":" ","price":4.85},{"type":"A","date":"2018-04-30T07:54:59.000Z","volume":24000,"label":" ","price":4.85},{"type":"U","date":"2018-04-30T07:54:59.000Z","volume":4000,"label":" ","price":4.85},{"type":"B","date":"2018-04-30T07:55:14.000Z","volume":4000,"label":" ","price":4.85},{"type":"B","date":"2018-04-30T07:55:28.000Z","volume":4000,"label":" ","price":4.85},{"type":"B","date":"2018-04-30T07:55:42.000Z","volume":8000,"label":" ","price":4.84},{"type":"A","date":"2018-04-30T07:56:00.000Z","volume":20000,"label":" ","price":4.85},{"type":"U","date":"2018-04-30T07:56:00.000Z","volume":4000,"label":" ","price":4.85},{"type":"A","date":"2018-04-30T07:56:02.000Z","volume":4000,"label":" ","price":4.86},{"type":"A","date":"2018-04-30T07:56:02.000Z","volume":4000,"label":" ","price":4.86},{"type":"B","date":"2018-04-30T07:56:07.000Z","volume":4000,"label":" ","price":4.85},{"type":"B","date":"2018-04-30T07:56:07.000Z","volume":4000,"label":"Y","price":4.85},{"type":"A","date":"2018-04-30T07:56:08.000Z","volume":4000,"label":" ","price":4.86},{"type":"B","date":"2018-04-30T07:57:30.000Z","volume":8000,"label":" ","price":4.84},{"type":"A","date":"2018-04-30T07:57:31.000Z","volume":4000,"label":" ","price":4.85},{"type":"A","date":"2018-04-30T07:57:56.000Z","volume":4000,"label":" ","price":4.85},{"type":"A","date":"2018-04-30T07:57:57.000Z","volume":4000,"label":" ","price":4.85},{"type":"A","date":"2018-04-30T07:59:03.000Z","volume":4000,"label":" ","price":4.85},{"type":"A","date":"2018-04-30T07:59:04.000Z","volume":4000,"label":" ","price":4.85},{"type":"A","date":"2018-04-30T07:59:04.000Z","volume":4000,"label":" ","price":4.85},{"type":"A","date":"2018-04-30T07:59:12.000Z","volume":4000,"label":" ","price":4.85},{"type":"A","date":"2018-04-30T07:59:19.000Z","volume":4000,"label":" ","price":4.85},{"type":"A","date":"2018-04-30T07:59:19.000Z","volume":4000,"label":" ","price":4.85},{"type":"B","date":"2018-04-30T07:59:27.000Z","volume":4000,"label":" ","price":4.84},{"type":"B","date":"2018-04-30T07:59:27.000Z","volume":4000,"label":"Y","price":4.84},{"type":"B","date":"2018-04-30T07:59:27.000Z","volume":8000,"label":" ","price":4.84},{"type":"B","date":"2018-04-30T07:59:27.000Z","volume":4000,"label":" ","price":4.84},{"type":"A","date":"2018-04-30T07:59:27.000Z","volume":4000,"label":" ","price":4.85},{"type":"A","date":"2018-04-30T07:59:27.000Z","volume":4000,"label":" ","price":4.85},{"type":"B","date":"2018-04-30T07:59:37.000Z","volume":4000,"label":" ","price":4.84},{"type":"A","date":"2018-04-30T07:59:38.000Z","volume":4000,"label":" ","price":4.85},{"type":"A","date":"2018-04-30T07:59:40.000Z","volume":4000,"label":" ","price":4.85},{"type":"A","date":"2018-04-30T07:59:55.000Z","volume":8000,"label":" ","price":4.87},{"type":"A","date":"2018-04-30T07:59:55.000Z","volume":4000,"label":" ","price":4.87},{"type":"U","date":"2018-04-30T08:08:06.000Z","volume":616000,"label":"U","price":4.84}]