[{"type":"U","date":"2018-05-02T01:20:00.000Z","volume":54000,"label":"U","price":0.95},{"type":"B","date":"2018-05-02T01:30:00.000Z","volume":70000,"label":" ","price":0.95},{"type":"B","date":"2018-05-02T01:30:32.000Z","volume":50000,"label":" ","price":0.95},{"type":"B","date":"2018-05-02T01:34:48.000Z","volume":22000,"label":" ","price":0.95},{"type":"B","date":"2018-05-02T01:36:16.000Z","volume":6000,"label":" ","price":0.95},{"type":"B","date":"2018-05-02T01:36:41.000Z","volume":50000,"label":" ","price":0.95},{"type":"B","date":"2018-05-02T01:37:18.000Z","volume":6000,"label":" ","price":0.95},{"type":"B","date":"2018-05-02T01:39:22.000Z","volume":30000,"label":" ","price":0.95},{"type":"B","date":"2018-05-02T01:41:11.000Z","volume":50000,"label":" ","price":0.95},{"type":"B","date":"2018-05-02T01:43:55.000Z","volume":48000,"label":" ","price":0.95},{"type":"B","date":"2018-05-02T01:51:52.000Z","volume":50000,"label":" ","price":0.95},{"type":"B","date":"2018-05-02T01:52:58.000Z","volume":4000,"label":" ","price":0.95},{"type":"B","date":"2018-05-02T01:53:29.000Z","volume":50000,"label":" ","price":0.95},{"type":"B","date":"2018-05-02T01:55:43.000Z","volume":24000,"label":" ","price":0.95},{"type":"B","date":"2018-05-02T02:06:11.000Z","volume":10000,"label":" ","price":0.95},{"type":"B","date":"2018-05-02T02:07:09.000Z","volume":54000,"label":" ","price":0.95},{"type":"B","date":"2018-05-02T02:07:31.000Z","volume":50000,"label":" ","price":0.95},{"type":"B","date":"2018-05-02T02:10:48.000Z","volume":150000,"label":" ","price":0.95},{"type":"B","date":"2018-05-02T02:19:32.000Z","volume":10000,"label":" ","price":0.94},{"type":"B","date":"2018-05-02T02:24:02.000Z","volume":72000,"label":" ","price":0.94},{"type":"B","date":"2018-05-02T02:25:17.000Z","volume":6000,"label":" ","price":0.94},{"type":"B","date":"2018-05-02T02:25:32.000Z","volume":50000,"label":" ","price":0.94},{"type":"B","date":"2018-05-02T02:29:54.000Z","volume":6000,"label":" ","price":0.94},{"type":"B","date":"2018-05-02T02:36:42.000Z","volume":50000,"label":" ","price":0.94},{"type":"B","date":"2018-05-02T02:37:37.000Z","volume":16000,"label":" ","price":0.94},{"type":"A","date":"2018-05-02T02:41:32.000Z","volume":20000,"label":" ","price":0.94},{"type":"A","date":"2018-05-02T02:51:36.000Z","volume":64000,"label":" ","price":0.94},{"type":"B","date":"2018-05-02T02:53:13.000Z","volume":2000,"label":" ","price":0.94},{"type":"B","date":"2018-05-02T03:09:29.000Z","volume":50000,"label":" ","price":0.94},{"type":"B","date":"2018-05-02T03:13:03.000Z","volume":50000,"label":" ","price":0.94},{"type":"B","date":"2018-05-02T03:13:50.000Z","volume":54000,"label":" ","price":0.94},{"type":"B","date":"2018-05-02T03:19:18.000Z","volume":2000,"label":" ","price":0.95},{"type":"B","date":"2018-05-02T03:21:49.000Z","volume":28000,"label":" ","price":0.95},{"type":"A","date":"2018-05-02T03:43:58.000Z","volume":18000,"label":" ","price":0.95},{"type":"A","date":"2018-05-02T03:49:22.000Z","volume":10000,"label":" ","price":0.95},{"type":"A","date":"2018-05-02T05:13:45.000Z","volume":6000,"label":" ","price":0.95},{"type":"B","date":"2018-05-02T05:27:10.000Z","volume":68000,"label":" ","price":0.94},{"type":"B","date":"2018-05-02T05:31:49.000Z","volume":6000,"label":" ","price":0.94},{"type":"B","date":"2018-05-02T05:37:53.000Z","volume":6000,"label":" ","price":0.94},{"type":"B","date":"2018-05-02T05:48:38.000Z","volume":68000,"label":" ","price":0.94},{"type":"B","date":"2018-05-02T06:18:36.000Z","volume":48000,"label":" ","price":0.94},{"type":"B","date":"2018-05-02T06:45:01.000Z","volume":58000,"label":" ","price":0.94},{"type":"B","date":"2018-05-02T07:24:04.000Z","volume":6000,"label":" ","price":0.94},{"type":"B","date":"2018-05-02T07:25:19.000Z","volume":4000,"label":" ","price":0.94},{"type":"B","date":"2018-05-02T07:28:24.000Z","volume":62000,"label":" ","price":0.94},{"type":"B","date":"2018-05-02T07:31:28.000Z","volume":50000,"label":" ","price":0.94},{"type":"B","date":"2018-05-02T07:31:34.000Z","volume":8000,"label":" ","price":0.94},{"type":"B","date":"2018-05-02T07:42:31.000Z","volume":56000,"label":" ","price":0.94},{"type":"A","date":"2018-05-02T07:55:13.000Z","volume":2000,"label":" ","price":0.95},{"type":"A","date":"2018-05-02T07:55:43.000Z","volume":2000,"label":" ","price":0.95},{"type":"B","date":"2018-05-02T07:58:38.000Z","volume":30000,"label":" ","price":0.94},{"type":"A","date":"2018-05-02T07:58:57.000Z","volume":148000,"label":" ","price":0.95},{"type":"A","date":"2018-05-02T07:58:57.000Z","volume":262000,"label":" ","price":0.96},{"type":"B","date":"2018-05-02T07:58:58.000Z","volume":140000,"label":" ","price":0.96},{"type":"A","date":"2018-05-02T07:59:00.000Z","volume":2000,"label":" ","price":0.96},{"type":"A","date":"2018-05-02T07:59:05.000Z","volume":2000,"label":" ","price":0.96},{"type":"B","date":"2018-05-02T07:59:08.000Z","volume":2000,"label":" ","price":0.95},{"type":"A","date":"2018-05-02T07:59:10.000Z","volume":478000,"label":" ","price":0.96},{"type":"B","date":"2018-05-02T07:59:11.000Z","volume":22000,"label":" ","price":0.96},{"type":"A","date":"2018-05-02T07:59:13.000Z","volume":2000,"label":" ","price":0.96},{"type":"A","date":"2018-05-02T07:59:21.000Z","volume":38000,"label":" ","price":0.96},{"type":"A","date":"2018-05-02T07:59:23.000Z","volume":2000,"label":" ","price":0.97},{"type":"A","date":"2018-05-02T07:59:28.000Z","volume":2000,"label":" ","price":0.97},{"type":"A","date":"2018-05-02T07:59:29.000Z","volume":2000,"label":" ","price":0.97},{"type":"A","date":"2018-05-02T07:59:43.000Z","volume":2000,"label":" ","price":0.97},{"type":"A","date":"2018-05-02T07:59:44.000Z","volume":2000,"label":" ","price":0.97},{"type":"A","date":"2018-05-02T07:59:58.000Z","volume":2000,"label":" ","price":0.97},{"type":"A","date":"2018-05-02T07:59:59.000Z","volume":2000,"label":" ","price":0.97}]