[{"type":"A","date":"2018-03-15T07:39:56.000Z","volume":200000,"price":0.181,"category":"bbull"},{"type":"A","date":"2018-03-15T07:18:33.000Z","volume":200000,"price":0.181,"category":"bbull"},{"type":"A","date":"2018-03-15T07:15:26.000Z","volume":246000,"price":0.181,"category":"bbull"},{"type":"A","date":"2018-03-15T07:04:49.000Z","volume":176000,"price":0.181,"category":"bbull"},{"type":"A","date":"2018-03-15T02:58:04.000Z","volume":196000,"price":0.181,"category":"bbull"},{"type":"A","date":"2018-03-15T07:58:48.000Z","volume":10000,"price":0.182,"category":"rbull"},{"type":"A","date":"2018-03-15T07:41:35.000Z","volume":10000,"price":0.182,"category":"rbull"},{"type":"A","date":"2018-03-15T06:37:19.000Z","volume":20000,"price":0.18,"category":"rbull"},{"type":"A","date":"2018-03-15T06:24:23.000Z","volume":10000,"price":0.18,"category":"rbull"},{"type":"A","date":"2018-03-15T05:40:06.000Z","volume":8000,"price":0.181,"category":"rbull"},{"type":"A","date":"2018-03-15T03:21:23.000Z","volume":20000,"price":0.18,"category":"rbull"},{"type":"A","date":"2018-03-15T02:57:26.000Z","volume":4000,"price":0.181,"category":"rbull"},{"type":"A","date":"2018-03-15T02:57:26.000Z","volume":6000,"price":0.18,"category":"rbull"},{"type":"A","date":"2018-03-15T02:49:40.000Z","volume":20000,"price":0.18,"category":"rbull"},{"type":"A","date":"2018-03-15T02:19:50.000Z","volume":4000,"price":0.18,"category":"rbull"},{"type":"B","date":"2018-03-15T07:54:00.000Z","volume":14000,"price":0.18,"category":"rbear"},{"type":"B","date":"2018-03-15T07:51:30.000Z","volume":16000,"price":0.18,"category":"rbear"},{"type":"B","date":"2018-03-15T07:04:58.000Z","volume":16000,"price":0.181,"category":"rbear"},{"type":"B","date":"2018-03-15T06:59:57.000Z","volume":12000,"price":0.18,"category":"rbear"},{"type":"B","date":"2018-03-15T06:54:57.000Z","volume":12000,"price":0.18,"category":"rbear"},{"type":"B","date":"2018-03-15T06:47:57.000Z","volume":16000,"price":0.18,"category":"rbear"},{"type":"B","date":"2018-03-15T06:25:56.000Z","volume":12000,"price":0.179,"category":"rbear"},{"type":"B","date":"2018-03-15T06:19:55.000Z","volume":14000,"price":0.179,"category":"rbear"},{"type":"B","date":"2018-03-15T05:52:24.000Z","volume":16000,"price":0.179,"category":"rbear"},{"type":"B","date":"2018-03-15T05:18:53.000Z","volume":16000,"price":0.179,"category":"rbear"},{"type":"B","date":"2018-03-15T05:07:21.000Z","volume":14000,"price":0.18,"category":"rbear"},{"type":"B","date":"2018-03-15T03:52:33.000Z","volume":20000,"price":0.18,"category":"rbear"},{"type":"B","date":"2018-03-15T02:33:51.000Z","volume":10000,"price":0.179,"category":"rbear"},{"type":"B","date":"2018-03-15T02:19:49.000Z","volume":2000,"price":0.18,"category":"rbear"},{"type":"B","date":"2018-03-15T06:54:28.000Z","volume":400000,"price":0.18,"category":"ubbear"},{"type":"B","date":"2018-03-15T06:18:36.000Z","volume":450000,"price":0.18,"category":"ubbear"}]