[{"type":"U","date":"2018-03-26T01:30:07.000Z","volume":2000,"label":" ","price":0.048},{"type":"A","date":"2018-03-26T01:30:08.000Z","volume":2000,"label":" ","price":0.049},{"type":"U","date":"2018-03-26T01:30:10.000Z","volume":300000,"label":" ","price":0.048},{"type":"A","date":"2018-03-26T01:54:00.000Z","volume":428000,"label":" ","price":0.048},{"type":"A","date":"2018-03-26T01:54:00.000Z","volume":72000,"label":" ","price":0.048},{"type":"A","date":"2018-03-26T02:08:47.000Z","volume":100000,"label":" ","price":0.048},{"type":"A","date":"2018-03-26T02:17:14.000Z","volume":2000,"label":" ","price":0.048},{"type":"U","date":"2018-03-26T02:32:52.000Z","volume":2000,"label":" ","price":0.047},{"type":"A","date":"2018-03-26T02:37:28.000Z","volume":2000,"label":"Y","price":0.047},{"type":"B","date":"2018-03-26T02:42:08.000Z","volume":2000,"label":" ","price":0.047},{"type":"A","date":"2018-03-26T03:17:07.000Z","volume":2000,"label":" ","price":0.047},{"type":"A","date":"2018-03-26T03:17:07.000Z","volume":198000,"label":" ","price":0.047},{"type":"B","date":"2018-03-26T03:22:04.000Z","volume":600000,"label":" ","price":0.046},{"type":"B","date":"2018-03-26T03:22:04.000Z","volume":34000,"label":" ","price":0.046},{"type":"B","date":"2018-03-26T03:23:53.000Z","volume":1088000,"label":" ","price":0.045},{"type":"B","date":"2018-03-26T03:30:20.000Z","volume":366000,"label":" ","price":0.045},{"type":"A","date":"2018-03-26T03:32:30.000Z","volume":134000,"label":" ","price":0.045},{"type":"A","date":"2018-03-26T03:34:35.000Z","volume":20000,"label":" ","price":0.046},{"type":"A","date":"2018-03-26T03:35:01.000Z","volume":12000,"label":" ","price":0.046},{"type":"A","date":"2018-03-26T03:35:59.000Z","volume":18000,"label":" ","price":0.046},{"type":"A","date":"2018-03-26T03:36:33.000Z","volume":250000,"label":" ","price":0.046},{"type":"A","date":"2018-03-26T03:56:10.000Z","volume":1872000,"label":" ","price":0.047},{"type":"A","date":"2018-03-26T03:56:31.000Z","volume":726000,"label":" ","price":0.048},{"type":"A","date":"2018-03-26T03:56:47.000Z","volume":500000,"label":" ","price":0.049},{"type":"A","date":"2018-03-26T03:56:57.000Z","volume":220000,"label":" ","price":0.05},{"type":"A","date":"2018-03-26T03:57:14.000Z","volume":134000,"label":" ","price":0.049},{"type":"A","date":"2018-03-26T03:57:26.000Z","volume":1000000,"label":" ","price":0.049},{"type":"A","date":"2018-03-26T03:58:09.000Z","volume":2000,"label":" ","price":0.052},{"type":"A","date":"2018-03-26T05:03:52.000Z","volume":4000,"label":" ","price":0.048},{"type":"A","date":"2018-03-26T05:26:21.000Z","volume":2000,"label":" ","price":0.048},{"type":"A","date":"2018-03-26T05:26:42.000Z","volume":6000,"label":" ","price":0.048},{"type":"B","date":"2018-03-26T05:50:57.000Z","volume":328000,"label":" ","price":0.047},{"type":"B","date":"2018-03-26T05:58:52.000Z","volume":2000,"label":" ","price":0.046},{"type":"A","date":"2018-03-26T06:00:19.000Z","volume":172000,"label":" ","price":0.047},{"type":"A","date":"2018-03-26T06:00:34.000Z","volume":1100000,"label":" ","price":0.048},{"type":"A","date":"2018-03-26T06:00:56.000Z","volume":32000,"label":" ","price":0.048},{"type":"A","date":"2018-03-26T06:01:08.000Z","volume":300000,"label":" ","price":0.049},{"type":"A","date":"2018-03-26T06:04:38.000Z","volume":2000,"label":" ","price":0.05},{"type":"B","date":"2018-03-26T06:08:10.000Z","volume":2000,"label":" ","price":0.049},{"type":"A","date":"2018-03-26T06:26:11.000Z","volume":2000,"label":" ","price":0.05},{"type":"A","date":"2018-03-26T06:27:56.000Z","volume":2000,"label":" ","price":0.05},{"type":"A","date":"2018-03-26T07:31:48.000Z","volume":5000000,"label":" ","price":0.05},{"type":"A","date":"2018-03-26T07:31:53.000Z","volume":5000000,"label":" ","price":0.05},{"type":"A","date":"2018-03-26T07:41:59.000Z","volume":6000000,"label":" ","price":0.05},{"type":"A","date":"2018-03-26T07:49:49.000Z","volume":4688000,"label":" ","price":0.05},{"type":"B","date":"2018-03-26T07:50:37.000Z","volume":312000,"label":" ","price":0.05},{"type":"A","date":"2018-03-26T07:59:36.000Z","volume":88000,"label":" ","price":0.05}]