[{"type":"A","date":"2018-03-19T07:35:18.000Z","volume":86000,"price":2.27,"category":"ubbull"},{"type":"A","date":"2018-03-19T03:39:31.000Z","volume":200000,"price":2.35,"category":"ubbull"},{"type":"A","date":"2018-03-19T03:36:03.000Z","volume":184000,"price":2.35,"category":"ubbull"},{"type":"A","date":"2018-03-19T03:31:51.000Z","volume":100000,"price":2.33,"category":"ubbull"},{"type":"A","date":"2018-03-19T03:31:47.000Z","volume":100000,"price":2.33,"category":"ubbull"},{"type":"A","date":"2018-03-19T03:30:28.000Z","volume":100000,"price":2.31,"category":"ubbull"},{"type":"A","date":"2018-03-19T03:27:33.000Z","volume":146000,"price":2.3,"category":"ubbull"},{"type":"A","date":"2018-03-19T03:27:12.000Z","volume":1660000,"price":2.29,"category":"ubbull"},{"type":"A","date":"2018-03-19T02:50:25.000Z","volume":100000,"price":2.32,"category":"ubbull"},{"type":"A","date":"2018-03-19T02:30:13.000Z","volume":100000,"price":2.3,"category":"ubbull"},{"type":"A","date":"2018-03-19T02:23:18.000Z","volume":90000,"price":2.3,"category":"ubbull"},{"type":"A","date":"2018-03-19T01:49:59.000Z","volume":100000,"price":2.33,"category":"ubbull"},{"type":"A","date":"2018-03-19T01:47:06.000Z","volume":88000,"price":2.31,"category":"ubbull"},{"type":"A","date":"2018-03-19T01:44:03.000Z","volume":90000,"price":2.31,"category":"ubbull"},{"type":"A","date":"2018-03-19T01:37:13.000Z","volume":80000,"price":2.31,"category":"ubbull"},{"type":"A","date":"2018-03-19T01:36:42.000Z","volume":200000,"price":2.3,"category":"ubbull"},{"type":"A","date":"2018-03-19T07:33:57.000Z","volume":20000,"price":2.27,"category":"bbull"},{"type":"A","date":"2018-03-19T07:13:57.000Z","volume":20000,"price":2.26,"category":"bbull"},{"type":"A","date":"2018-03-19T06:05:17.000Z","volume":44000,"price":2.25,"category":"bbull"},{"type":"A","date":"2018-03-19T05:55:46.000Z","volume":24000,"price":2.28,"category":"bbull"},{"type":"A","date":"2018-03-19T05:48:36.000Z","volume":20000,"price":2.3,"category":"bbull"},{"type":"A","date":"2018-03-19T05:32:19.000Z","volume":50000,"price":2.3,"category":"bbull"},{"type":"A","date":"2018-03-19T03:56:23.000Z","volume":30000,"price":2.33,"category":"bbull"},{"type":"A","date":"2018-03-19T03:56:23.000Z","volume":20000,"price":2.33,"category":"bbull"},{"type":"A","date":"2018-03-19T03:55:51.000Z","volume":20000,"price":2.33,"category":"bbull"},{"type":"A","date":"2018-03-19T03:55:51.000Z","volume":30000,"price":2.33,"category":"bbull"},{"type":"A","date":"2018-03-19T03:55:06.000Z","volume":20000,"price":2.33,"category":"bbull"},{"type":"A","date":"2018-03-19T03:55:06.000Z","volume":20000,"price":2.33,"category":"bbull"},{"type":"A","date":"2018-03-19T03:48:22.000Z","volume":40000,"price":2.34,"category":"bbull"},{"type":"A","date":"2018-03-19T03:40:54.000Z","volume":38000,"price":2.35,"category":"bbull"},{"type":"A","date":"2018-03-19T03:39:35.000Z","volume":20000,"price":2.35,"category":"bbull"},{"type":"A","date":"2018-03-19T03:39:23.000Z","volume":20000,"price":2.35,"category":"bbull"},{"type":"A","date":"2018-03-19T03:36:31.000Z","volume":30000,"price":2.35,"category":"bbull"},{"type":"A","date":"2018-03-19T03:36:23.000Z","volume":50000,"price":2.35,"category":"bbull"},{"type":"A","date":"2018-03-19T03:33:42.000Z","volume":30000,"price":2.34,"category":"bbull"},{"type":"A","date":"2018-03-19T03:33:35.000Z","volume":20000,"price":2.34,"category":"bbull"},{"type":"A","date":"2018-03-19T03:32:57.000Z","volume":30000,"price":2.34,"category":"bbull"},{"type":"A","date":"2018-03-19T03:32:52.000Z","volume":20000,"price":2.34,"category":"bbull"},{"type":"A","date":"2018-03-19T03:32:06.000Z","volume":26000,"price":2.34,"category":"bbull"},{"type":"A","date":"2018-03-19T03:31:53.000Z","volume":20000,"price":2.33,"category":"bbull"},{"type":"A","date":"2018-03-19T03:31:51.000Z","volume":20000,"price":2.33,"category":"bbull"},{"type":"A","date":"2018-03-19T03:31:15.000Z","volume":38000,"price":2.32,"category":"bbull"},{"type":"A","date":"2018-03-19T03:30:40.000Z","volume":30000,"price":2.32,"category":"bbull"},{"type":"A","date":"2018-03-19T03:30:30.000Z","volume":20000,"price":2.31,"category":"bbull"},{"type":"A","date":"2018-03-19T03:30:06.000Z","volume":32000,"price":2.3,"category":"bbull"},{"type":"A","date":"2018-03-19T03:29:07.000Z","volume":20000,"price":2.3,"category":"bbull"},{"type":"A","date":"2018-03-19T03:28:55.000Z","volume":50000,"price":2.3,"category":"bbull"},{"type":"A","date":"2018-03-19T03:27:17.000Z","volume":24000,"price":2.29,"category":"bbull"},{"type":"A","date":"2018-03-19T03:27:12.000Z","volume":40000,"price":2.28,"category":"bbull"},{"type":"A","date":"2018-03-19T03:21:56.000Z","volume":20000,"price":2.31,"category":"bbull"},{"type":"A","date":"2018-03-19T03:17:31.000Z","volume":24000,"price":2.31,"category":"bbull"},{"type":"A","date":"2018-03-19T03:17:10.000Z","volume":20000,"price":2.31,"category":"bbull"},{"type":"A","date":"2018-03-19T03:12:53.000Z","volume":20000,"price":2.31,"category":"bbull"},{"type":"A","date":"2018-03-19T03:06:19.000Z","volume":20000,"price":2.31,"category":"bbull"},{"type":"A","date":"2018-03-19T03:00:09.000Z","volume":30000,"price":2.32,"category":"bbull"},{"type":"A","date":"2018-03-19T02:55:43.000Z","volume":50000,"price":2.31,"category":"bbull"},{"type":"A","date":"2018-03-19T02:48:38.000Z","volume":30000,"price":2.31,"category":"bbull"},{"type":"A","date":"2018-03-19T02:46:17.000Z","volume":20000,"price":2.3,"category":"bbull"},{"type":"A","date":"2018-03-19T02:42:59.000Z","volume":20000,"price":2.3,"category":"bbull"},{"type":"A","date":"2018-03-19T02:39:31.000Z","volume":30000,"price":2.3,"category":"bbull"},{"type":"A","date":"2018-03-19T02:35:33.000Z","volume":48000,"price":2.3,"category":"bbull"},{"type":"A","date":"2018-03-19T02:32:36.000Z","volume":20000,"price":2.3,"category":"bbull"},{"type":"A","date":"2018-03-19T02:28:19.000Z","volume":20000,"price":2.29,"category":"bbull"},{"type":"A","date":"2018-03-19T02:26:49.000Z","volume":32000,"price":2.31,"category":"bbull"},{"type":"A","date":"2018-03-19T02:26:34.000Z","volume":50000,"price":2.31,"category":"bbull"},{"type":"A","date":"2018-03-19T02:26:11.000Z","volume":40000,"price":2.31,"category":"bbull"},{"type":"A","date":"2018-03-19T02:25:34.000Z","volume":50000,"price":2.3,"category":"bbull"},{"type":"A","date":"2018-03-19T02:24:19.000Z","volume":38000,"price":2.31,"category":"bbull"},{"type":"A","date":"2018-03-19T02:24:19.000Z","volume":48000,"price":2.31,"category":"bbull"},{"type":"A","date":"2018-03-19T02:24:15.000Z","volume":50000,"price":2.3,"category":"bbull"},{"type":"A","date":"2018-03-19T02:23:54.000Z","volume":30000,"price":2.3,"category":"bbull"},{"type":"A","date":"2018-03-19T02:22:33.000Z","volume":30000,"price":2.29,"category":"bbull"},{"type":"A","date":"2018-03-19T02:21:29.000Z","volume":50000,"price":2.29,"category":"bbull"},{"type":"A","date":"2018-03-19T02:19:16.000Z","volume":20000,"price":2.29,"category":"bbull"},{"type":"A","date":"2018-03-19T02:19:00.000Z","volume":30000,"price":2.29,"category":"bbull"},{"type":"A","date":"2018-03-19T02:18:07.000Z","volume":78000,"price":2.28,"category":"bbull"},{"type":"A","date":"2018-03-19T02:18:07.000Z","volume":22000,"price":2.28,"category":"bbull"},{"type":"A","date":"2018-03-19T02:18:03.000Z","volume":20000,"price":2.28,"category":"bbull"},{"type":"A","date":"2018-03-19T02:17:48.000Z","volume":20000,"price":2.28,"category":"bbull"},{"type":"A","date":"2018-03-19T02:17:35.000Z","volume":30000,"price":2.28,"category":"bbull"},{"type":"A","date":"2018-03-19T02:17:29.000Z","volume":50000,"price":2.27,"category":"bbull"},{"type":"A","date":"2018-03-19T02:17:23.000Z","volume":30000,"price":2.28,"category":"bbull"},{"type":"A","date":"2018-03-19T02:16:42.000Z","volume":60000,"price":2.27,"category":"bbull"},{"type":"A","date":"2018-03-19T02:15:31.000Z","volume":40000,"price":2.27,"category":"bbull"},{"type":"A","date":"2018-03-19T02:15:22.000Z","volume":50000,"price":2.27,"category":"bbull"},{"type":"A","date":"2018-03-19T02:14:25.000Z","volume":20000,"price":2.26,"category":"bbull"},{"type":"A","date":"2018-03-19T02:14:01.000Z","volume":20000,"price":2.26,"category":"bbull"},{"type":"A","date":"2018-03-19T02:14:00.000Z","volume":20000,"price":2.26,"category":"bbull"},{"type":"A","date":"2018-03-19T02:13:52.000Z","volume":24000,"price":2.26,"category":"bbull"},{"type":"A","date":"2018-03-19T02:13:15.000Z","volume":20000,"price":2.26,"category":"bbull"},{"type":"A","date":"2018-03-19T02:11:56.000Z","volume":20000,"price":2.26,"category":"bbull"},{"type":"A","date":"2018-03-19T02:11:23.000Z","volume":30000,"price":2.26,"category":"bbull"},{"type":"A","date":"2018-03-19T02:10:57.000Z","volume":30000,"price":2.26,"category":"bbull"},{"type":"A","date":"2018-03-19T02:10:14.000Z","volume":26000,"price":2.26,"category":"bbull"},{"type":"A","date":"2018-03-19T02:09:53.000Z","volume":20000,"price":2.26,"category":"bbull"},{"type":"A","date":"2018-03-19T02:08:04.000Z","volume":22000,"price":2.29,"category":"bbull"},{"type":"A","date":"2018-03-19T02:07:26.000Z","volume":20000,"price":2.29,"category":"bbull"},{"type":"A","date":"2018-03-19T02:05:34.000Z","volume":20000,"price":2.29,"category":"bbull"},{"type":"A","date":"2018-03-19T01:56:56.000Z","volume":20000,"price":2.33,"category":"bbull"},{"type":"A","date":"2018-03-19T01:54:58.000Z","volume":20000,"price":2.33,"category":"bbull"},{"type":"A","date":"2018-03-19T01:54:15.000Z","volume":26000,"price":2.33,"category":"bbull"},{"type":"A","date":"2018-03-19T01:53:35.000Z","volume":20000,"price":2.33,"category":"bbull"},{"type":"A","date":"2018-03-19T01:52:45.000Z","volume":30000,"price":2.33,"category":"bbull"},{"type":"A","date":"2018-03-19T01:51:46.000Z","volume":50000,"price":2.33,"category":"bbull"},{"type":"A","date":"2018-03-19T01:51:12.000Z","volume":50000,"price":2.33,"category":"bbull"},{"type":"A","date":"2018-03-19T01:50:48.000Z","volume":44000,"price":2.33,"category":"bbull"},{"type":"A","date":"2018-03-19T01:50:29.000Z","volume":40000,"price":2.33,"category":"bbull"},{"type":"A","date":"2018-03-19T01:50:19.000Z","volume":26000,"price":2.33,"category":"bbull"},{"type":"A","date":"2018-03-19T01:49:18.000Z","volume":56000,"price":2.32,"category":"bbull"},{"type":"A","date":"2018-03-19T01:47:31.000Z","volume":20000,"price":2.31,"category":"bbull"},{"type":"A","date":"2018-03-19T01:46:38.000Z","volume":30000,"price":2.32,"category":"bbull"},{"type":"A","date":"2018-03-19T01:45:48.000Z","volume":74000,"price":2.31,"category":"bbull"},{"type":"A","date":"2018-03-19T01:43:24.000Z","volume":74000,"price":2.32,"category":"bbull"},{"type":"A","date":"2018-03-19T01:43:24.000Z","volume":32000,"price":2.31,"category":"bbull"},{"type":"A","date":"2018-03-19T01:42:47.000Z","volume":20000,"price":2.31,"category":"bbull"},{"type":"A","date":"2018-03-19T01:41:45.000Z","volume":20000,"price":2.31,"category":"bbull"},{"type":"A","date":"2018-03-19T01:39:51.000Z","volume":50000,"price":2.31,"category":"bbull"},{"type":"A","date":"2018-03-19T01:39:46.000Z","volume":30000,"price":2.31,"category":"bbull"},{"type":"A","date":"2018-03-19T01:37:52.000Z","volume":30000,"price":2.31,"category":"bbull"},{"type":"A","date":"2018-03-19T01:37:48.000Z","volume":20000,"price":2.31,"category":"bbull"},{"type":"A","date":"2018-03-19T01:37:42.000Z","volume":30000,"price":2.31,"category":"bbull"},{"type":"A","date":"2018-03-19T01:37:13.000Z","volume":80000,"price":2.31,"category":"bbull"},{"type":"A","date":"2018-03-19T01:37:00.000Z","volume":72000,"price":2.3,"category":"bbull"},{"type":"A","date":"2018-03-19T01:36:53.000Z","volume":20000,"price":2.3,"category":"bbull"},{"type":"A","date":"2018-03-19T01:36:47.000Z","volume":42000,"price":2.3,"category":"bbull"},{"type":"A","date":"2018-03-19T01:33:53.000Z","volume":44000,"price":2.29,"category":"bbull"},{"type":"A","date":"2018-03-19T01:33:40.000Z","volume":40000,"price":2.29,"category":"bbull"},{"type":"A","date":"2018-03-19T01:33:10.000Z","volume":20000,"price":2.29,"category":"bbull"},{"type":"A","date":"2018-03-19T01:32:31.000Z","volume":20000,"price":2.28,"category":"bbull"},{"type":"A","date":"2018-03-19T01:31:41.000Z","volume":30000,"price":2.29,"category":"bbull"},{"type":"A","date":"2018-03-19T01:31:22.000Z","volume":30000,"price":2.29,"category":"bbull"},{"type":"A","date":"2018-03-19T01:30:39.000Z","volume":24000,"price":2.3,"category":"bbull"},{"type":"A","date":"2018-03-19T01:30:32.000Z","volume":46000,"price":2.28,"category":"bbull"},{"type":"A","date":"2018-03-19T07:59:14.000Z","volume":2000,"price":2.27,"category":"rbull"},{"type":"A","date":"2018-03-19T07:37:03.000Z","volume":2000,"price":2.27,"category":"rbull"},{"type":"A","date":"2018-03-19T07:33:51.000Z","volume":2000,"price":2.27,"category":"rbull"},{"type":"A","date":"2018-03-19T07:18:07.000Z","volume":2000,"price":2.26,"category":"rbull"},{"type":"A","date":"2018-03-19T07:14:17.000Z","volume":2000,"price":2.26,"category":"rbull"},{"type":"A","date":"2018-03-19T07:09:09.000Z","volume":2000,"price":2.27,"category":"rbull"},{"type":"A","date":"2018-03-19T06:37:49.000Z","volume":2000,"price":2.27,"category":"rbull"},{"type":"A","date":"2018-03-19T06:20:23.000Z","volume":2000,"price":2.28,"category":"rbull"},{"type":"A","date":"2018-03-19T05:43:39.000Z","volume":2000,"price":2.3,"category":"rbull"},{"type":"A","date":"2018-03-19T05:01:54.000Z","volume":2000,"price":2.31,"category":"rbull"},{"type":"A","date":"2018-03-19T05:00:02.000Z","volume":2000,"price":2.31,"category":"rbull"},{"type":"A","date":"2018-03-19T03:58:14.000Z","volume":2000,"price":2.32,"category":"rbull"},{"type":"A","date":"2018-03-19T03:56:38.000Z","volume":2000,"price":2.34,"category":"rbull"},{"type":"A","date":"2018-03-19T03:40:13.000Z","volume":2000,"price":2.34,"category":"rbull"},{"type":"A","date":"2018-03-19T03:39:11.000Z","volume":2000,"price":2.34,"category":"rbull"},{"type":"A","date":"2018-03-19T03:36:02.000Z","volume":2000,"price":2.34,"category":"rbull"},{"type":"A","date":"2018-03-19T03:34:12.000Z","volume":2000,"price":2.35,"category":"rbull"},{"type":"A","date":"2018-03-19T03:33:29.000Z","volume":2000,"price":2.35,"category":"rbull"},{"type":"A","date":"2018-03-19T03:31:13.000Z","volume":2000,"price":2.32,"category":"rbull"},{"type":"A","date":"2018-03-19T03:27:48.000Z","volume":2000,"price":2.31,"category":"rbull"},{"type":"A","date":"2018-03-19T02:41:44.000Z","volume":2000,"price":2.3,"category":"rbull"},{"type":"A","date":"2018-03-19T02:30:00.000Z","volume":2000,"price":2.3,"category":"rbull"},{"type":"A","date":"2018-03-19T01:58:41.000Z","volume":2000,"price":2.33,"category":"rbull"},{"type":"A","date":"2018-03-19T01:55:48.000Z","volume":2000,"price":2.33,"category":"rbull"},{"type":"A","date":"2018-03-19T01:37:45.000Z","volume":2000,"price":2.31,"category":"rbull"},{"type":"A","date":"2018-03-19T01:31:41.000Z","volume":2000,"price":2.28,"category":"rbull"},{"type":"B","date":"2018-03-19T07:59:12.000Z","volume":2000,"price":2.26,"category":"rbear"},{"type":"B","date":"2018-03-19T07:13:09.000Z","volume":2000,"price":2.25,"category":"rbear"},{"type":"B","date":"2018-03-19T07:09:57.000Z","volume":2000,"price":2.27,"category":"rbear"},{"type":"B","date":"2018-03-19T06:56:42.000Z","volume":2000,"price":2.26,"category":"rbear"},{"type":"B","date":"2018-03-19T06:56:40.000Z","volume":2000,"price":2.26,"category":"rbear"},{"type":"B","date":"2018-03-19T06:42:23.000Z","volume":2000,"price":2.26,"category":"rbear"},{"type":"B","date":"2018-03-19T06:31:51.000Z","volume":2000,"price":2.27,"category":"rbear"},{"type":"B","date":"2018-03-19T06:17:44.000Z","volume":2000,"price":2.25,"category":"rbear"},{"type":"B","date":"2018-03-19T06:15:10.000Z","volume":2000,"price":2.25,"category":"rbear"},{"type":"B","date":"2018-03-19T06:04:09.000Z","volume":2000,"price":2.25,"category":"rbear"},{"type":"B","date":"2018-03-19T05:42:20.000Z","volume":2000,"price":2.28,"category":"rbear"},{"type":"B","date":"2018-03-19T05:21:26.000Z","volume":2000,"price":2.29,"category":"rbear"},{"type":"B","date":"2018-03-19T05:00:00.000Z","volume":2000,"price":2.31,"category":"rbear"},{"type":"B","date":"2018-03-19T03:42:39.000Z","volume":2000,"price":2.34,"category":"rbear"},{"type":"B","date":"2018-03-19T03:32:09.000Z","volume":2000,"price":2.33,"category":"rbear"},{"type":"B","date":"2018-03-19T03:27:17.000Z","volume":2000,"price":2.29,"category":"rbear"},{"type":"B","date":"2018-03-19T03:26:38.000Z","volume":2000,"price":2.28,"category":"rbear"},{"type":"B","date":"2018-03-19T02:54:29.000Z","volume":2000,"price":2.31,"category":"rbear"},{"type":"B","date":"2018-03-19T02:39:16.000Z","volume":2000,"price":2.3,"category":"rbear"},{"type":"B","date":"2018-03-19T02:34:42.000Z","volume":2000,"price":2.3,"category":"rbear"},{"type":"B","date":"2018-03-19T02:26:02.000Z","volume":2000,"price":2.3,"category":"rbear"},{"type":"B","date":"2018-03-19T02:12:26.000Z","volume":2000,"price":2.25,"category":"rbear"},{"type":"B","date":"2018-03-19T02:10:49.000Z","volume":2000,"price":2.25,"category":"rbear"},{"type":"B","date":"2018-03-19T02:10:44.000Z","volume":2000,"price":2.25,"category":"rbear"},{"type":"B","date":"2018-03-19T02:02:56.000Z","volume":2000,"price":2.27,"category":"rbear"},{"type":"B","date":"2018-03-19T01:57:08.000Z","volume":2000,"price":2.33,"category":"rbear"},{"type":"B","date":"2018-03-19T01:48:45.000Z","volume":2000,"price":2.31,"category":"rbear"},{"type":"B","date":"2018-03-19T01:38:07.000Z","volume":2000,"price":2.31,"category":"rbear"},{"type":"B","date":"2018-03-19T01:38:03.000Z","volume":2000,"price":2.31,"category":"rbear"},{"type":"B","date":"2018-03-19T01:32:00.000Z","volume":2000,"price":2.28,"category":"rbear"},{"type":"B","date":"2018-03-19T01:31:48.000Z","volume":2000,"price":2.29,"category":"rbear"},{"type":"B","date":"2018-03-19T07:59:21.000Z","volume":20000,"price":2.26,"category":"bbear"},{"type":"B","date":"2018-03-19T07:56:42.000Z","volume":20000,"price":2.26,"category":"bbear"},{"type":"B","date":"2018-03-19T07:53:00.000Z","volume":20000,"price":2.27,"category":"bbear"},{"type":"B","date":"2018-03-19T07:52:24.000Z","volume":30000,"price":2.26,"category":"bbear"},{"type":"B","date":"2018-03-19T07:43:51.000Z","volume":26000,"price":2.27,"category":"bbear"},{"type":"B","date":"2018-03-19T07:25:02.000Z","volume":26000,"price":2.26,"category":"bbear"},{"type":"B","date":"2018-03-19T07:17:39.000Z","volume":34000,"price":2.26,"category":"bbear"},{"type":"B","date":"2018-03-19T07:13:55.000Z","volume":20000,"price":2.26,"category":"bbear"},{"type":"B","date":"2018-03-19T07:13:15.000Z","volume":30000,"price":2.25,"category":"bbear"},{"type":"B","date":"2018-03-19T07:11:02.000Z","volume":50000,"price":2.25,"category":"bbear"},{"type":"B","date":"2018-03-19T06:58:45.000Z","volume":20000,"price":2.26,"category":"bbear"},{"type":"B","date":"2018-03-19T06:58:45.000Z","volume":30000,"price":2.26,"category":"bbear"},{"type":"B","date":"2018-03-19T06:58:44.000Z","volume":44000,"price":2.26,"category":"bbear"},{"type":"B","date":"2018-03-19T06:56:42.000Z","volume":48000,"price":2.26,"category":"bbear"},{"type":"B","date":"2018-03-19T06:56:40.000Z","volume":48000,"price":2.26,"category":"bbear"},{"type":"B","date":"2018-03-19T06:55:52.000Z","volume":20000,"price":2.26,"category":"bbear"},{"type":"B","date":"2018-03-19T06:55:30.000Z","volume":20000,"price":2.26,"category":"bbear"},{"type":"B","date":"2018-03-19T06:35:45.000Z","volume":30000,"price":2.27,"category":"bbear"},{"type":"B","date":"2018-03-19T06:33:45.000Z","volume":32000,"price":2.26,"category":"bbear"},{"type":"B","date":"2018-03-19T06:18:43.000Z","volume":20000,"price":2.26,"category":"bbear"},{"type":"B","date":"2018-03-19T06:16:15.000Z","volume":20000,"price":2.25,"category":"bbear"},{"type":"B","date":"2018-03-19T06:04:08.000Z","volume":38000,"price":2.24,"category":"bbear"},{"type":"B","date":"2018-03-19T06:03:57.000Z","volume":22000,"price":2.25,"category":"bbear"},{"type":"B","date":"2018-03-19T06:03:25.000Z","volume":30000,"price":2.25,"category":"bbear"},{"type":"B","date":"2018-03-19T06:02:26.000Z","volume":52000,"price":2.25,"category":"bbear"},{"type":"B","date":"2018-03-19T06:02:26.000Z","volume":80000,"price":2.26,"category":"bbear"},{"type":"B","date":"2018-03-19T05:56:36.000Z","volume":20000,"price":2.28,"category":"bbear"},{"type":"B","date":"2018-03-19T05:55:20.000Z","volume":20000,"price":2.27,"category":"bbear"},{"type":"B","date":"2018-03-19T05:51:02.000Z","volume":60000,"price":2.29,"category":"bbear"},{"type":"B","date":"2018-03-19T05:40:56.000Z","volume":20000,"price":2.28,"category":"bbear"},{"type":"B","date":"2018-03-19T05:18:09.000Z","volume":26000,"price":2.28,"category":"bbear"},{"type":"B","date":"2018-03-19T05:16:37.000Z","volume":20000,"price":2.3,"category":"bbear"},{"type":"B","date":"2018-03-19T05:08:54.000Z","volume":50000,"price":2.3,"category":"bbear"},{"type":"B","date":"2018-03-19T05:02:16.000Z","volume":20000,"price":2.3,"category":"bbear"},{"type":"B","date":"2018-03-19T05:00:06.000Z","volume":60000,"price":2.3,"category":"bbear"},{"type":"B","date":"2018-03-19T03:59:20.000Z","volume":50000,"price":2.31,"category":"bbear"},{"type":"B","date":"2018-03-19T03:56:58.000Z","volume":20000,"price":2.32,"category":"bbear"},{"type":"B","date":"2018-03-19T03:51:35.000Z","volume":20000,"price":2.32,"category":"bbear"},{"type":"B","date":"2018-03-19T03:48:17.000Z","volume":50000,"price":2.32,"category":"bbear"},{"type":"B","date":"2018-03-19T03:47:46.000Z","volume":30000,"price":2.33,"category":"bbear"},{"type":"B","date":"2018-03-19T03:43:29.000Z","volume":20000,"price":2.33,"category":"bbear"},{"type":"B","date":"2018-03-19T03:39:49.000Z","volume":30000,"price":2.34,"category":"bbear"},{"type":"B","date":"2018-03-19T03:38:22.000Z","volume":40000,"price":2.33,"category":"bbear"},{"type":"B","date":"2018-03-19T03:34:47.000Z","volume":70000,"price":2.34,"category":"bbear"},{"type":"B","date":"2018-03-19T03:34:46.000Z","volume":80000,"price":2.34,"category":"bbear"},{"type":"B","date":"2018-03-19T03:32:09.000Z","volume":50000,"price":2.33,"category":"bbear"},{"type":"B","date":"2018-03-19T03:31:59.000Z","volume":20000,"price":2.33,"category":"bbear"},{"type":"B","date":"2018-03-19T03:31:59.000Z","volume":30000,"price":2.33,"category":"bbear"},{"type":"B","date":"2018-03-19T03:28:40.000Z","volume":50000,"price":2.28,"category":"bbear"},{"type":"B","date":"2018-03-19T03:27:50.000Z","volume":44000,"price":2.27,"category":"bbear"},{"type":"B","date":"2018-03-19T03:27:50.000Z","volume":30000,"price":2.28,"category":"bbear"},{"type":"B","date":"2018-03-19T03:27:50.000Z","volume":20000,"price":2.29,"category":"bbear"},{"type":"B","date":"2018-03-19T03:27:13.000Z","volume":50000,"price":2.27,"category":"bbear"},{"type":"B","date":"2018-03-19T03:26:35.000Z","volume":20000,"price":2.28,"category":"bbear"},{"type":"B","date":"2018-03-19T03:26:35.000Z","volume":20000,"price":2.28,"category":"bbear"},{"type":"B","date":"2018-03-19T03:26:34.000Z","volume":20000,"price":2.28,"category":"bbear"},{"type":"B","date":"2018-03-19T03:26:34.000Z","volume":20000,"price":2.28,"category":"bbear"},{"type":"B","date":"2018-03-19T03:26:34.000Z","volume":20000,"price":2.28,"category":"bbear"},{"type":"B","date":"2018-03-19T03:26:33.000Z","volume":20000,"price":2.28,"category":"bbear"},{"type":"B","date":"2018-03-19T03:24:27.000Z","volume":30000,"price":2.3,"category":"bbear"},{"type":"B","date":"2018-03-19T03:22:31.000Z","volume":70000,"price":2.3,"category":"bbear"},{"type":"B","date":"2018-03-19T03:21:36.000Z","volume":20000,"price":2.3,"category":"bbear"},{"type":"B","date":"2018-03-19T03:16:31.000Z","volume":24000,"price":2.3,"category":"bbear"},{"type":"B","date":"2018-03-19T03:14:33.000Z","volume":60000,"price":2.3,"category":"bbear"},{"type":"B","date":"2018-03-19T03:12:56.000Z","volume":26000,"price":2.3,"category":"bbear"},{"type":"B","date":"2018-03-19T03:12:26.000Z","volume":20000,"price":2.3,"category":"bbear"},{"type":"B","date":"2018-03-19T03:11:55.000Z","volume":50000,"price":2.3,"category":"bbear"},{"type":"B","date":"2018-03-19T03:10:08.000Z","volume":30000,"price":2.3,"category":"bbear"},{"type":"B","date":"2018-03-19T03:06:20.000Z","volume":60000,"price":2.3,"category":"bbear"},{"type":"B","date":"2018-03-19T03:01:16.000Z","volume":30000,"price":2.31,"category":"bbear"},{"type":"B","date":"2018-03-19T03:00:00.000Z","volume":50000,"price":2.31,"category":"bbear"},{"type":"B","date":"2018-03-19T02:56:37.000Z","volume":50000,"price":2.31,"category":"bbear"},{"type":"B","date":"2018-03-19T02:55:32.000Z","volume":20000,"price":2.3,"category":"bbear"},{"type":"B","date":"2018-03-19T02:55:08.000Z","volume":70000,"price":2.3,"category":"bbear"},{"type":"B","date":"2018-03-19T02:45:46.000Z","volume":30000,"price":2.3,"category":"bbear"},{"type":"B","date":"2018-03-19T02:45:38.000Z","volume":20000,"price":2.29,"category":"bbear"},{"type":"B","date":"2018-03-19T02:45:29.000Z","volume":30000,"price":2.3,"category":"bbear"},{"type":"B","date":"2018-03-19T02:44:09.000Z","volume":20000,"price":2.3,"category":"bbear"},{"type":"B","date":"2018-03-19T02:43:55.000Z","volume":40000,"price":2.3,"category":"bbear"},{"type":"B","date":"2018-03-19T02:40:57.000Z","volume":30000,"price":2.29,"category":"bbear"},{"type":"B","date":"2018-03-19T02:40:13.000Z","volume":60000,"price":2.29,"category":"bbear"},{"type":"B","date":"2018-03-19T02:39:48.000Z","volume":20000,"price":2.29,"category":"bbear"},{"type":"B","date":"2018-03-19T02:37:48.000Z","volume":20000,"price":2.3,"category":"bbear"},{"type":"B","date":"2018-03-19T02:36:10.000Z","volume":50000,"price":2.3,"category":"bbear"},{"type":"B","date":"2018-03-19T02:31:39.000Z","volume":40000,"price":2.3,"category":"bbear"},{"type":"B","date":"2018-03-19T02:29:54.000Z","volume":30000,"price":2.29,"category":"bbear"},{"type":"B","date":"2018-03-19T02:29:06.000Z","volume":20000,"price":2.29,"category":"bbear"},{"type":"B","date":"2018-03-19T02:28:10.000Z","volume":20000,"price":2.28,"category":"bbear"},{"type":"B","date":"2018-03-19T02:27:50.000Z","volume":80000,"price":2.29,"category":"bbear"},{"type":"B","date":"2018-03-19T02:27:07.000Z","volume":20000,"price":2.3,"category":"bbear"},{"type":"B","date":"2018-03-19T02:26:53.000Z","volume":28000,"price":2.31,"category":"bbear"},{"type":"B","date":"2018-03-19T02:26:00.000Z","volume":52000,"price":2.3,"category":"bbear"},{"type":"B","date":"2018-03-19T02:25:09.000Z","volume":20000,"price":2.3,"category":"bbear"},{"type":"B","date":"2018-03-19T02:22:12.000Z","volume":20000,"price":2.27,"category":"bbear"},{"type":"B","date":"2018-03-19T02:21:11.000Z","volume":20000,"price":2.28,"category":"bbear"},{"type":"B","date":"2018-03-19T02:18:49.000Z","volume":30000,"price":2.28,"category":"bbear"},{"type":"B","date":"2018-03-19T02:17:44.000Z","volume":20000,"price":2.28,"category":"bbear"},{"type":"B","date":"2018-03-19T02:17:22.000Z","volume":50000,"price":2.27,"category":"bbear"},{"type":"B","date":"2018-03-19T02:11:22.000Z","volume":40000,"price":2.25,"category":"bbear"},{"type":"B","date":"2018-03-19T02:11:05.000Z","volume":30000,"price":2.25,"category":"bbear"},{"type":"B","date":"2018-03-19T02:09:33.000Z","volume":50000,"price":2.22,"category":"bbear"},{"type":"B","date":"2018-03-19T02:09:27.000Z","volume":44000,"price":2.23,"category":"bbear"},{"type":"B","date":"2018-03-19T02:09:27.000Z","volume":50000,"price":2.25,"category":"bbear"},{"type":"B","date":"2018-03-19T02:09:10.000Z","volume":20000,"price":2.27,"category":"bbear"},{"type":"B","date":"2018-03-19T02:08:59.000Z","volume":26000,"price":2.25,"category":"bbear"},{"type":"B","date":"2018-03-19T02:08:59.000Z","volume":82000,"price":2.26,"category":"bbear"},{"type":"B","date":"2018-03-19T02:08:59.000Z","volume":60000,"price":2.27,"category":"bbear"},{"type":"B","date":"2018-03-19T02:05:15.000Z","volume":28000,"price":2.27,"category":"bbear"},{"type":"B","date":"2018-03-19T02:05:15.000Z","volume":38000,"price":2.27,"category":"bbear"},{"type":"B","date":"2018-03-19T02:04:21.000Z","volume":40000,"price":2.28,"category":"bbear"},{"type":"B","date":"2018-03-19T02:02:56.000Z","volume":30000,"price":2.27,"category":"bbear"},{"type":"B","date":"2018-03-19T02:02:46.000Z","volume":80000,"price":2.28,"category":"bbear"},{"type":"B","date":"2018-03-19T02:01:10.000Z","volume":30000,"price":2.29,"category":"bbear"},{"type":"B","date":"2018-03-19T02:00:08.000Z","volume":46000,"price":2.32,"category":"bbear"},{"type":"B","date":"2018-03-19T01:53:20.000Z","volume":50000,"price":2.32,"category":"bbear"},{"type":"B","date":"2018-03-19T01:52:07.000Z","volume":34000,"price":2.33,"category":"bbear"},{"type":"B","date":"2018-03-19T01:48:31.000Z","volume":28000,"price":2.31,"category":"bbear"},{"type":"B","date":"2018-03-19T01:44:10.000Z","volume":30000,"price":2.3,"category":"bbear"},{"type":"B","date":"2018-03-19T01:42:54.000Z","volume":24000,"price":2.3,"category":"bbear"},{"type":"B","date":"2018-03-19T01:40:33.000Z","volume":20000,"price":2.3,"category":"bbear"},{"type":"B","date":"2018-03-19T01:39:47.000Z","volume":50000,"price":2.3,"category":"bbear"},{"type":"B","date":"2018-03-19T01:38:27.000Z","volume":20000,"price":2.31,"category":"bbear"},{"type":"B","date":"2018-03-19T01:37:18.000Z","volume":50000,"price":2.3,"category":"bbear"},{"type":"B","date":"2018-03-19T01:34:49.000Z","volume":30000,"price":2.28,"category":"bbear"},{"type":"B","date":"2018-03-19T01:33:36.000Z","volume":22000,"price":2.28,"category":"bbear"},{"type":"B","date":"2018-03-19T01:33:36.000Z","volume":58000,"price":2.29,"category":"bbear"},{"type":"B","date":"2018-03-19T01:33:32.000Z","volume":50000,"price":2.29,"category":"bbear"},{"type":"B","date":"2018-03-19T07:46:37.000Z","volume":200000,"price":2.26,"category":"ubbear"},{"type":"B","date":"2018-03-19T06:04:08.000Z","volume":136000,"price":2.25,"category":"ubbear"},{"type":"B","date":"2018-03-19T05:52:31.000Z","volume":86000,"price":2.28,"category":"ubbear"},{"type":"B","date":"2018-03-19T05:39:46.000Z","volume":500000,"price":2.29,"category":"ubbear"},{"type":"B","date":"2018-03-19T05:08:50.000Z","volume":90000,"price":2.3,"category":"ubbear"},{"type":"B","date":"2018-03-19T05:03:44.000Z","volume":770000,"price":2.28,"category":"ubbear"},{"type":"B","date":"2018-03-19T05:03:44.000Z","volume":142000,"price":2.29,"category":"ubbear"},{"type":"B","date":"2018-03-19T05:02:59.000Z","volume":150000,"price":2.3,"category":"ubbear"},{"type":"B","date":"2018-03-19T03:37:27.000Z","volume":96000,"price":2.34,"category":"ubbear"},{"type":"B","date":"2018-03-19T03:24:58.000Z","volume":98000,"price":2.29,"category":"ubbear"},{"type":"B","date":"2018-03-19T02:09:27.000Z","volume":172000,"price":2.24,"category":"ubbear"},{"type":"B","date":"2018-03-19T02:02:45.000Z","volume":150000,"price":2.28,"category":"ubbear"},{"type":"B","date":"2018-03-19T02:01:10.000Z","volume":130000,"price":2.3,"category":"ubbear"},{"type":"B","date":"2018-03-19T02:00:31.000Z","volume":100000,"price":2.31,"category":"ubbear"}]