[{"type":"U","date":"2018-04-16T01:31:32.000Z","volume":38000,"label":" ","price":1.16},{"type":"A","date":"2018-04-16T01:31:52.000Z","volume":1000,"label":"Y","price":1.16},{"type":"A","date":"2018-04-16T01:34:52.000Z","volume":1000,"label":"Y","price":1.16},{"type":"A","date":"2018-04-16T01:37:54.000Z","volume":1000,"label":" ","price":1.16},{"type":"A","date":"2018-04-16T01:40:52.000Z","volume":1000,"label":" ","price":1.16},{"type":"A","date":"2018-04-16T01:46:22.000Z","volume":20000,"label":" ","price":1.15},{"type":"B","date":"2018-04-16T01:48:52.000Z","volume":50000,"label":" ","price":1.15},{"type":"B","date":"2018-04-16T01:50:41.000Z","volume":1000,"label":" ","price":1.14},{"type":"A","date":"2018-04-16T01:57:37.000Z","volume":20000,"label":" ","price":1.15},{"type":"A","date":"2018-04-16T02:03:44.000Z","volume":70000,"label":" ","price":1.15},{"type":"A","date":"2018-04-16T02:25:01.000Z","volume":10000,"label":" ","price":1.15},{"type":"B","date":"2018-04-16T02:27:24.000Z","volume":51000,"label":" ","price":1.16},{"type":"B","date":"2018-04-16T02:34:59.000Z","volume":150000,"label":" ","price":1.16},{"type":"B","date":"2018-04-16T02:36:23.000Z","volume":10000,"label":" ","price":1.16},{"type":"B","date":"2018-04-16T02:40:58.000Z","volume":13000,"label":" ","price":1.16},{"type":"B","date":"2018-04-16T02:41:05.000Z","volume":6000,"label":" ","price":1.16},{"type":"A","date":"2018-04-16T03:01:02.000Z","volume":83000,"label":" ","price":1.16},{"type":"B","date":"2018-04-16T03:01:03.000Z","volume":70000,"label":" ","price":1.16},{"type":"B","date":"2018-04-16T03:04:09.000Z","volume":3000,"label":" ","price":1.16},{"type":"B","date":"2018-04-16T03:05:21.000Z","volume":2000,"label":" ","price":1.16},{"type":"B","date":"2018-04-16T03:05:21.000Z","volume":6000,"label":" ","price":1.16},{"type":"B","date":"2018-04-16T03:05:21.000Z","volume":26000,"label":" ","price":1.16},{"type":"B","date":"2018-04-16T03:13:53.000Z","volume":180000,"label":" ","price":1.15},{"type":"B","date":"2018-04-16T03:15:09.000Z","volume":2000,"label":" ","price":1.14},{"type":"B","date":"2018-04-16T03:28:53.000Z","volume":100000,"label":" ","price":1.14},{"type":"B","date":"2018-04-16T03:47:38.000Z","volume":20000,"label":" ","price":1.14},{"type":"B","date":"2018-04-16T03:54:28.000Z","volume":265000,"label":" ","price":1.14},{"type":"B","date":"2018-04-16T05:00:00.000Z","volume":63000,"label":" ","price":1.13},{"type":"A","date":"2018-04-16T05:03:55.000Z","volume":20000,"label":" ","price":1.13},{"type":"A","date":"2018-04-16T05:11:55.000Z","volume":20000,"label":" ","price":1.13},{"type":"A","date":"2018-04-16T05:12:13.000Z","volume":13000,"label":" ","price":1.13},{"type":"A","date":"2018-04-16T05:12:31.000Z","volume":4000,"label":" ","price":1.13},{"type":"A","date":"2018-04-16T05:15:00.000Z","volume":4000,"label":" ","price":1.13},{"type":"B","date":"2018-04-16T05:24:45.000Z","volume":35000,"label":" ","price":1.13},{"type":"A","date":"2018-04-16T05:26:33.000Z","volume":40000,"label":" ","price":1.14},{"type":"B","date":"2018-04-16T05:27:15.000Z","volume":5000,"label":" ","price":1.14},{"type":"B","date":"2018-04-16T05:39:36.000Z","volume":4000,"label":" ","price":1.14},{"type":"B","date":"2018-04-16T05:43:55.000Z","volume":10000,"label":" ","price":1.14},{"type":"B","date":"2018-04-16T05:52:11.000Z","volume":2000,"label":" ","price":1.14},{"type":"B","date":"2018-04-16T05:59:58.000Z","volume":472000,"label":" ","price":1.14},{"type":"A","date":"2018-04-16T06:26:46.000Z","volume":1000,"label":" ","price":1.15},{"type":"B","date":"2018-04-16T06:34:36.000Z","volume":10000,"label":" ","price":1.14},{"type":"A","date":"2018-04-16T06:37:47.000Z","volume":179000,"label":" ","price":1.15},{"type":"B","date":"2018-04-16T06:38:26.000Z","volume":50000,"label":" ","price":1.15},{"type":"B","date":"2018-04-16T06:38:34.000Z","volume":32000,"label":" ","price":1.15},{"type":"B","date":"2018-04-16T06:45:41.000Z","volume":42000,"label":" ","price":1.14},{"type":"B","date":"2018-04-16T07:12:34.000Z","volume":53000,"label":"Y","price":1.14},{"type":"B","date":"2018-04-16T07:12:34.000Z","volume":82000,"label":" ","price":1.14},{"type":"B","date":"2018-04-16T07:37:20.000Z","volume":15000,"label":" ","price":1.13},{"type":"A","date":"2018-04-16T07:48:06.000Z","volume":7000,"label":"Y","price":1.14},{"type":"A","date":"2018-04-16T07:48:06.000Z","volume":37000,"label":" ","price":1.14}]