[{"type":"B","date":"2018-03-27T01:30:45.000Z","volume":44000,"label":" ","price":2.82},{"type":"B","date":"2018-03-27T01:30:45.000Z","volume":2000,"label":" ","price":2.82},{"type":"A","date":"2018-03-27T01:31:01.000Z","volume":18000,"label":" ","price":2.82},{"type":"A","date":"2018-03-27T01:31:02.000Z","volume":2000,"label":" ","price":2.83},{"type":"A","date":"2018-03-27T01:31:59.000Z","volume":46000,"label":" ","price":2.82},{"type":"A","date":"2018-03-27T01:31:59.000Z","volume":40000,"label":" ","price":2.82},{"type":"A","date":"2018-03-27T01:31:59.000Z","volume":2000,"label":" ","price":2.84},{"type":"A","date":"2018-03-27T01:32:32.000Z","volume":10000,"label":" ","price":2.84},{"type":"U","date":"2018-03-27T01:35:02.000Z","volume":4000,"label":"X","price":2.822},{"type":"A","date":"2018-03-27T01:35:14.000Z","volume":100000,"label":" ","price":2.83},{"type":"A","date":"2018-03-27T01:35:14.000Z","volume":20000,"label":" ","price":2.83},{"type":"A","date":"2018-03-27T01:35:14.000Z","volume":4000,"label":" ","price":2.84},{"type":"A","date":"2018-03-27T01:35:15.000Z","volume":2000,"label":" ","price":2.84},{"type":"B","date":"2018-03-27T01:35:46.000Z","volume":26000,"label":" ","price":2.83},{"type":"B","date":"2018-03-27T01:35:46.000Z","volume":2000,"label":" ","price":2.83},{"type":"A","date":"2018-03-27T01:36:11.000Z","volume":10000,"label":" ","price":2.83},{"type":"A","date":"2018-03-27T01:36:54.000Z","volume":6000,"label":" ","price":2.83},{"type":"A","date":"2018-03-27T01:37:34.000Z","volume":10000,"label":" ","price":2.83},{"type":"A","date":"2018-03-27T01:37:54.000Z","volume":10000,"label":" ","price":2.83},{"type":"A","date":"2018-03-27T01:38:14.000Z","volume":4000,"label":" ","price":2.83},{"type":"B","date":"2018-03-27T01:38:20.000Z","volume":2000,"label":" ","price":2.82},{"type":"B","date":"2018-03-27T01:38:22.000Z","volume":10000,"label":" ","price":2.82},{"type":"A","date":"2018-03-27T01:39:24.000Z","volume":2000,"label":" ","price":2.83},{"type":"U","date":"2018-03-27T01:40:02.000Z","volume":2000,"label":"X","price":2.83},{"type":"A","date":"2018-03-27T01:40:04.000Z","volume":10000,"label":" ","price":2.83},{"type":"A","date":"2018-03-27T01:40:04.000Z","volume":2000,"label":" ","price":2.83},{"type":"A","date":"2018-03-27T01:40:42.000Z","volume":92000,"label":" ","price":2.83},{"type":"A","date":"2018-03-27T01:40:42.000Z","volume":48000,"label":" ","price":2.84},{"type":"A","date":"2018-03-27T01:40:43.000Z","volume":12000,"label":" ","price":2.85},{"type":"A","date":"2018-03-27T01:40:52.000Z","volume":2000,"label":" ","price":2.86},{"type":"A","date":"2018-03-27T01:40:59.000Z","volume":52000,"label":" ","price":2.86},{"type":"A","date":"2018-03-27T01:40:59.000Z","volume":14000,"label":" ","price":2.87},{"type":"U","date":"2018-03-27T01:41:01.000Z","volume":38000,"label":" ","price":2.87},{"type":"U","date":"2018-03-27T01:41:02.000Z","volume":2000,"label":" ","price":2.87},{"type":"A","date":"2018-03-27T01:41:26.000Z","volume":16000,"label":"Y","price":2.88},{"type":"A","date":"2018-03-27T01:41:26.000Z","volume":124000,"label":" ","price":2.88},{"type":"A","date":"2018-03-27T01:41:26.000Z","volume":154000,"label":" ","price":2.88},{"type":"A","date":"2018-03-27T01:41:26.000Z","volume":62000,"label":" ","price":2.88},{"type":"A","date":"2018-03-27T01:41:49.000Z","volume":6000,"label":" ","price":2.88},{"type":"B","date":"2018-03-27T01:41:56.000Z","volume":2000,"label":" ","price":2.87},{"type":"A","date":"2018-03-27T01:43:12.000Z","volume":2000,"label":" ","price":2.87},{"type":"B","date":"2018-03-27T01:44:14.000Z","volume":20000,"label":" ","price":2.86},{"type":"B","date":"2018-03-27T01:49:45.000Z","volume":72000,"label":" ","price":2.86},{"type":"B","date":"2018-03-27T01:49:45.000Z","volume":20000,"label":" ","price":2.85},{"type":"B","date":"2018-03-27T01:49:45.000Z","volume":2000,"label":" ","price":2.86},{"type":"U","date":"2018-03-27T01:50:02.000Z","volume":2000,"label":"X","price":2.865},{"type":"A","date":"2018-03-27T01:50:50.000Z","volume":2000,"label":"Y","price":2.86},{"type":"A","date":"2018-03-27T01:50:50.000Z","volume":46000,"label":" ","price":2.86},{"type":"A","date":"2018-03-27T01:50:50.000Z","volume":2000,"label":"Y","price":2.86},{"type":"A","date":"2018-03-27T01:50:50.000Z","volume":10000,"label":" ","price":2.86},{"type":"B","date":"2018-03-27T01:55:06.000Z","volume":8000,"label":" ","price":2.85},{"type":"A","date":"2018-03-27T01:55:24.000Z","volume":6000,"label":" ","price":2.86},{"type":"B","date":"2018-03-27T01:55:56.000Z","volume":4000,"label":" ","price":2.85},{"type":"B","date":"2018-03-27T01:56:59.000Z","volume":2000,"label":" ","price":2.85},{"type":"B","date":"2018-03-27T01:57:26.000Z","volume":4000,"label":" ","price":2.85},{"type":"A","date":"2018-03-27T01:59:09.000Z","volume":6000,"label":" ","price":2.86},{"type":"A","date":"2018-03-27T02:01:11.000Z","volume":56000,"label":" ","price":2.86},{"type":"A","date":"2018-03-27T02:01:11.000Z","volume":6000,"label":" ","price":2.86},{"type":"A","date":"2018-03-27T02:01:11.000Z","volume":4000,"label":" ","price":2.86},{"type":"A","date":"2018-03-27T02:01:12.000Z","volume":78000,"label":" ","price":2.86},{"type":"A","date":"2018-03-27T02:01:12.000Z","volume":82000,"label":" ","price":2.86},{"type":"U","date":"2018-03-27T02:01:12.000Z","volume":4000,"label":"X","price":2.855},{"type":"A","date":"2018-03-27T02:01:25.000Z","volume":4000,"label":" ","price":2.87},{"type":"A","date":"2018-03-27T02:01:25.000Z","volume":8000,"label":" ","price":2.87},{"type":"A","date":"2018-03-27T02:01:39.000Z","volume":14000,"label":" ","price":2.87},{"type":"A","date":"2018-03-27T02:01:56.000Z","volume":4000,"label":" ","price":2.87},{"type":"A","date":"2018-03-27T02:01:56.000Z","volume":4000,"label":"Y","price":2.88},{"type":"A","date":"2018-03-27T02:01:56.000Z","volume":12000,"label":" ","price":2.88},{"type":"B","date":"2018-03-27T02:02:50.000Z","volume":14000,"label":" ","price":2.87},{"type":"B","date":"2018-03-27T02:02:50.000Z","volume":16000,"label":" ","price":2.87},{"type":"B","date":"2018-03-27T02:04:20.000Z","volume":6000,"label":" ","price":2.87},{"type":"B","date":"2018-03-27T02:04:48.000Z","volume":20000,"label":" ","price":2.87},{"type":"B","date":"2018-03-27T02:05:01.000Z","volume":12000,"label":" ","price":2.87},{"type":"B","date":"2018-03-27T02:05:09.000Z","volume":44000,"label":" ","price":2.87},{"type":"B","date":"2018-03-27T02:05:09.000Z","volume":2000,"label":" ","price":2.87},{"type":"A","date":"2018-03-27T02:05:38.000Z","volume":8000,"label":" ","price":2.87},{"type":"A","date":"2018-03-27T02:07:02.000Z","volume":34000,"label":" ","price":2.87},{"type":"B","date":"2018-03-27T02:07:07.000Z","volume":50000,"label":" ","price":2.87},{"type":"B","date":"2018-03-27T02:07:07.000Z","volume":50000,"label":" ","price":2.87},{"type":"A","date":"2018-03-27T02:08:24.000Z","volume":10000,"label":" ","price":2.88},{"type":"B","date":"2018-03-27T02:08:24.000Z","volume":20000,"label":" ","price":2.87},{"type":"B","date":"2018-03-27T02:09:57.000Z","volume":20000,"label":" ","price":2.87},{"type":"A","date":"2018-03-27T02:10:24.000Z","volume":4000,"label":" ","price":2.88},{"type":"B","date":"2018-03-27T02:10:29.000Z","volume":62000,"label":" ","price":2.87},{"type":"A","date":"2018-03-27T02:10:42.000Z","volume":10000,"label":"Y","price":2.88},{"type":"A","date":"2018-03-27T02:10:42.000Z","volume":8000,"label":" ","price":2.88},{"type":"A","date":"2018-03-27T02:11:24.000Z","volume":4000,"label":" ","price":2.88},{"type":"A","date":"2018-03-27T02:15:14.000Z","volume":2000,"label":" ","price":2.88},{"type":"A","date":"2018-03-27T02:15:14.000Z","volume":2000,"label":" ","price":2.88},{"type":"B","date":"2018-03-27T02:16:31.000Z","volume":20000,"label":" ","price":2.87},{"type":"A","date":"2018-03-27T02:16:54.000Z","volume":2000,"label":" ","price":2.88},{"type":"B","date":"2018-03-27T02:17:27.000Z","volume":10000,"label":" ","price":2.87},{"type":"B","date":"2018-03-27T02:17:34.000Z","volume":12000,"label":" ","price":2.87},{"type":"A","date":"2018-03-27T02:17:34.000Z","volume":2000,"label":" ","price":2.88},{"type":"A","date":"2018-03-27T02:17:34.000Z","volume":2000,"label":" ","price":2.88},{"type":"B","date":"2018-03-27T02:18:22.000Z","volume":26000,"label":" ","price":2.87},{"type":"B","date":"2018-03-27T02:18:22.000Z","volume":18000,"label":" ","price":2.87},{"type":"A","date":"2018-03-27T02:18:23.000Z","volume":4000,"label":"Y","price":2.87},{"type":"A","date":"2018-03-27T02:18:23.000Z","volume":4000,"label":" ","price":2.87},{"type":"A","date":"2018-03-27T02:18:23.000Z","volume":2000,"label":" ","price":2.88},{"type":"A","date":"2018-03-27T02:22:46.000Z","volume":4000,"label":"Y","price":2.88},{"type":"B","date":"2018-03-27T02:22:58.000Z","volume":14000,"label":" ","price":2.87},{"type":"A","date":"2018-03-27T02:23:09.000Z","volume":22000,"label":" ","price":2.87},{"type":"A","date":"2018-03-27T02:23:10.000Z","volume":4000,"label":" ","price":2.87},{"type":"B","date":"2018-03-27T02:23:34.000Z","volume":2000,"label":" ","price":2.87},{"type":"B","date":"2018-03-27T02:24:30.000Z","volume":10000,"label":" ","price":2.87},{"type":"B","date":"2018-03-27T02:24:47.000Z","volume":2000,"label":" ","price":2.87},{"type":"A","date":"2018-03-27T02:25:20.000Z","volume":16000,"label":" ","price":2.87},{"type":"A","date":"2018-03-27T02:25:54.000Z","volume":2000,"label":" ","price":2.88},{"type":"B","date":"2018-03-27T02:26:20.000Z","volume":4000,"label":" ","price":2.87},{"type":"A","date":"2018-03-27T02:27:19.000Z","volume":36000,"label":" ","price":2.87},{"type":"A","date":"2018-03-27T02:27:54.000Z","volume":6000,"label":" ","price":2.87},{"type":"A","date":"2018-03-27T02:27:54.000Z","volume":20000,"label":" ","price":2.87},{"type":"A","date":"2018-03-27T02:28:24.000Z","volume":4000,"label":" ","price":2.88},{"type":"B","date":"2018-03-27T02:31:06.000Z","volume":10000,"label":" ","price":2.87},{"type":"B","date":"2018-03-27T02:31:06.000Z","volume":2000,"label":" ","price":2.87},{"type":"A","date":"2018-03-27T02:40:18.000Z","volume":8000,"label":"Y","price":2.87},{"type":"A","date":"2018-03-27T02:40:18.000Z","volume":192000,"label":" ","price":2.87},{"type":"A","date":"2018-03-27T02:40:18.000Z","volume":22000,"label":" ","price":2.87},{"type":"A","date":"2018-03-27T02:40:18.000Z","volume":10000,"label":" ","price":2.87},{"type":"A","date":"2018-03-27T02:40:18.000Z","volume":2000,"label":" ","price":2.87},{"type":"A","date":"2018-03-27T02:40:18.000Z","volume":4000,"label":" ","price":2.87},{"type":"A","date":"2018-03-27T02:40:40.000Z","volume":10000,"label":" ","price":2.87},{"type":"A","date":"2018-03-27T02:41:16.000Z","volume":66000,"label":" ","price":2.88},{"type":"B","date":"2018-03-27T02:41:36.000Z","volume":20000,"label":" ","price":2.87},{"type":"A","date":"2018-03-27T02:41:44.000Z","volume":4000,"label":" ","price":2.88},{"type":"A","date":"2018-03-27T02:42:09.000Z","volume":66000,"label":" ","price":2.88},{"type":"A","date":"2018-03-27T02:42:11.000Z","volume":98000,"label":" ","price":2.88},{"type":"A","date":"2018-03-27T02:42:11.000Z","volume":16000,"label":" ","price":2.88},{"type":"A","date":"2018-03-27T02:42:36.000Z","volume":66000,"label":" ","price":2.88},{"type":"A","date":"2018-03-27T02:42:37.000Z","volume":6000,"label":" ","price":2.88},{"type":"A","date":"2018-03-27T02:42:37.000Z","volume":148000,"label":" ","price":2.88},{"type":"A","date":"2018-03-27T02:42:37.000Z","volume":96000,"label":" ","price":2.88},{"type":"A","date":"2018-03-27T02:42:45.000Z","volume":10000,"label":" ","price":2.89},{"type":"A","date":"2018-03-27T02:42:45.000Z","volume":10000,"label":" ","price":2.89},{"type":"A","date":"2018-03-27T02:42:57.000Z","volume":10000,"label":" ","price":2.89},{"type":"A","date":"2018-03-27T02:43:54.000Z","volume":2000,"label":" ","price":2.89},{"type":"A","date":"2018-03-27T02:44:37.000Z","volume":2000,"label":" ","price":2.89},{"type":"A","date":"2018-03-27T02:44:54.000Z","volume":4000,"label":" ","price":2.89},{"type":"A","date":"2018-03-27T02:45:01.000Z","volume":2000,"label":" ","price":2.89},{"type":"A","date":"2018-03-27T02:45:01.000Z","volume":2000,"label":" ","price":2.89},{"type":"A","date":"2018-03-27T02:45:07.000Z","volume":8000,"label":"Y","price":2.89},{"type":"A","date":"2018-03-27T02:45:47.000Z","volume":10000,"label":" ","price":2.89},{"type":"A","date":"2018-03-27T02:45:47.000Z","volume":10000,"label":" ","price":2.89},{"type":"A","date":"2018-03-27T02:46:02.000Z","volume":2000,"label":" ","price":2.89},{"type":"A","date":"2018-03-27T02:46:24.000Z","volume":4000,"label":" ","price":2.89},{"type":"A","date":"2018-03-27T02:46:47.000Z","volume":4000,"label":" ","price":2.89},{"type":"A","date":"2018-03-27T02:46:56.000Z","volume":2000,"label":" ","price":2.89},{"type":"A","date":"2018-03-27T02:47:30.000Z","volume":6000,"label":" ","price":2.89},{"type":"A","date":"2018-03-27T02:47:30.000Z","volume":8000,"label":" ","price":2.89},{"type":"A","date":"2018-03-27T02:47:39.000Z","volume":40000,"label":" ","price":2.89},{"type":"A","date":"2018-03-27T02:48:18.000Z","volume":100000,"label":" ","price":2.89},{"type":"A","date":"2018-03-27T02:48:18.000Z","volume":6000,"label":" ","price":2.89},{"type":"A","date":"2018-03-27T02:48:28.000Z","volume":10000,"label":"Y","price":2.89},{"type":"A","date":"2018-03-27T02:48:28.000Z","volume":78000,"label":" ","price":2.89},{"type":"A","date":"2018-03-27T02:48:35.000Z","volume":8000,"label":" ","price":2.9},{"type":"A","date":"2018-03-27T02:48:35.000Z","volume":4000,"label":" ","price":2.9},{"type":"A","date":"2018-03-27T02:48:35.000Z","volume":4000,"label":" ","price":2.9},{"type":"A","date":"2018-03-27T02:48:35.000Z","volume":2000,"label":" ","price":2.9},{"type":"A","date":"2018-03-27T02:48:51.000Z","volume":4000,"label":" ","price":2.9},{"type":"A","date":"2018-03-27T02:49:04.000Z","volume":10000,"label":" ","price":2.9},{"type":"A","date":"2018-03-27T02:49:04.000Z","volume":2000,"label":" ","price":2.9},{"type":"A","date":"2018-03-27T02:49:54.000Z","volume":4000,"label":" ","price":2.9},{"type":"A","date":"2018-03-27T02:49:55.000Z","volume":2000,"label":" ","price":2.9},{"type":"A","date":"2018-03-27T02:50:54.000Z","volume":6000,"label":" ","price":2.9},{"type":"A","date":"2018-03-27T02:51:00.000Z","volume":2000,"label":" ","price":2.9},{"type":"A","date":"2018-03-27T02:51:10.000Z","volume":2000,"label":" ","price":2.9},{"type":"A","date":"2018-03-27T02:51:10.000Z","volume":2000,"label":" ","price":2.9},{"type":"A","date":"2018-03-27T02:51:54.000Z","volume":6000,"label":" ","price":2.9},{"type":"A","date":"2018-03-27T02:52:18.000Z","volume":10000,"label":" ","price":2.9},{"type":"A","date":"2018-03-27T02:52:18.000Z","volume":4000,"label":" ","price":2.9},{"type":"A","date":"2018-03-27T02:52:27.000Z","volume":2000,"label":" ","price":2.9},{"type":"A","date":"2018-03-27T02:52:27.000Z","volume":2000,"label":" ","price":2.9},{"type":"A","date":"2018-03-27T02:53:13.000Z","volume":2000,"label":" ","price":2.9},{"type":"A","date":"2018-03-27T02:53:13.000Z","volume":8000,"label":" ","price":2.9},{"type":"A","date":"2018-03-27T02:53:54.000Z","volume":6000,"label":" ","price":2.9},{"type":"B","date":"2018-03-27T02:56:14.000Z","volume":30000,"label":" ","price":2.89},{"type":"A","date":"2018-03-27T02:59:15.000Z","volume":40000,"label":" ","price":2.9},{"type":"A","date":"2018-03-27T02:59:33.000Z","volume":2000,"label":" ","price":2.9},{"type":"A","date":"2018-03-27T03:00:31.000Z","volume":2000,"label":" ","price":2.9},{"type":"A","date":"2018-03-27T03:02:56.000Z","volume":146000,"label":"Y","price":2.9},{"type":"A","date":"2018-03-27T03:02:56.000Z","volume":94000,"label":" ","price":2.9},{"type":"A","date":"2018-03-27T03:03:02.000Z","volume":8000,"label":" ","price":2.91},{"type":"A","date":"2018-03-27T03:03:02.000Z","volume":42000,"label":" ","price":2.91},{"type":"A","date":"2018-03-27T03:03:02.000Z","volume":34000,"label":" ","price":2.91},{"type":"B","date":"2018-03-27T03:03:57.000Z","volume":50000,"label":" ","price":2.9},{"type":"A","date":"2018-03-27T03:04:02.000Z","volume":194000,"label":" ","price":2.91},{"type":"B","date":"2018-03-27T03:04:11.000Z","volume":40000,"label":" ","price":2.91},{"type":"B","date":"2018-03-27T03:04:11.000Z","volume":48000,"label":" ","price":2.91},{"type":"B","date":"2018-03-27T03:05:07.000Z","volume":20000,"label":" ","price":2.9},{"type":"B","date":"2018-03-27T03:08:29.000Z","volume":10000,"label":" ","price":2.9},{"type":"B","date":"2018-03-27T03:08:50.000Z","volume":100000,"label":" ","price":2.9},{"type":"B","date":"2018-03-27T03:10:46.000Z","volume":10000,"label":" ","price":2.9},{"type":"B","date":"2018-03-27T03:12:02.000Z","volume":10000,"label":"Y","price":2.9},{"type":"B","date":"2018-03-27T03:12:02.000Z","volume":154000,"label":" ","price":2.9},{"type":"A","date":"2018-03-27T03:12:14.000Z","volume":78000,"label":" ","price":2.9},{"type":"A","date":"2018-03-27T03:13:14.000Z","volume":52000,"label":" ","price":2.9},{"type":"B","date":"2018-03-27T03:16:19.000Z","volume":18000,"label":" ","price":2.9},{"type":"A","date":"2018-03-27T03:16:41.000Z","volume":30000,"label":"Y","price":2.91},{"type":"A","date":"2018-03-27T03:16:41.000Z","volume":10000,"label":" ","price":2.91},{"type":"A","date":"2018-03-27T03:17:10.000Z","volume":34000,"label":"Y","price":2.91},{"type":"A","date":"2018-03-27T03:17:10.000Z","volume":160000,"label":" ","price":2.91},{"type":"B","date":"2018-03-27T03:17:26.000Z","volume":4000,"label":" ","price":2.91},{"type":"A","date":"2018-03-27T03:24:00.000Z","volume":2000,"label":" ","price":2.92},{"type":"A","date":"2018-03-27T03:24:00.000Z","volume":36000,"label":" ","price":2.92},{"type":"B","date":"2018-03-27T03:24:28.000Z","volume":2000,"label":" ","price":2.91},{"type":"B","date":"2018-03-27T03:25:47.000Z","volume":10000,"label":"Y","price":2.91},{"type":"B","date":"2018-03-27T03:26:14.000Z","volume":10000,"label":" ","price":2.91},{"type":"B","date":"2018-03-27T03:27:42.000Z","volume":16000,"label":"Y","price":2.91},{"type":"A","date":"2018-03-27T03:29:54.000Z","volume":36000,"label":" ","price":2.92},{"type":"A","date":"2018-03-27T03:29:54.000Z","volume":8000,"label":" ","price":2.92},{"type":"B","date":"2018-03-27T03:30:40.000Z","volume":40000,"label":" ","price":2.91},{"type":"B","date":"2018-03-27T03:32:16.000Z","volume":10000,"label":" ","price":2.91},{"type":"B","date":"2018-03-27T03:32:50.000Z","volume":62000,"label":" ","price":2.91},{"type":"B","date":"2018-03-27T03:35:48.000Z","volume":10000,"label":" ","price":2.91},{"type":"A","date":"2018-03-27T03:35:54.000Z","volume":30000,"label":" ","price":2.92},{"type":"A","date":"2018-03-27T03:36:34.000Z","volume":66000,"label":" ","price":2.92},{"type":"A","date":"2018-03-27T03:37:36.000Z","volume":76000,"label":" ","price":2.92},{"type":"A","date":"2018-03-27T03:37:38.000Z","volume":2000,"label":" ","price":2.92},{"type":"A","date":"2018-03-27T03:38:34.000Z","volume":10000,"label":" ","price":2.92},{"type":"A","date":"2018-03-27T03:39:35.000Z","volume":6000,"label":" ","price":2.92},{"type":"B","date":"2018-03-27T03:40:50.000Z","volume":10000,"label":" ","price":2.91},{"type":"A","date":"2018-03-27T03:40:50.000Z","volume":30000,"label":" ","price":2.92},{"type":"B","date":"2018-03-27T03:42:46.000Z","volume":10000,"label":"Y","price":2.91},{"type":"B","date":"2018-03-27T03:43:28.000Z","volume":120000,"label":" ","price":2.91},{"type":"A","date":"2018-03-27T03:45:54.000Z","volume":26000,"label":" ","price":2.92},{"type":"A","date":"2018-03-27T03:46:46.000Z","volume":2000,"label":" ","price":2.92},{"type":"B","date":"2018-03-27T03:47:08.000Z","volume":20000,"label":" ","price":2.91},{"type":"A","date":"2018-03-27T03:48:46.000Z","volume":2000,"label":" ","price":2.92},{"type":"B","date":"2018-03-27T03:48:58.000Z","volume":10000,"label":" ","price":2.91},{"type":"B","date":"2018-03-27T03:49:21.000Z","volume":22000,"label":"Y","price":2.91},{"type":"B","date":"2018-03-27T03:49:21.000Z","volume":78000,"label":" ","price":2.91},{"type":"B","date":"2018-03-27T03:49:21.000Z","volume":4000,"label":" ","price":2.91},{"type":"B","date":"2018-03-27T03:49:57.000Z","volume":6000,"label":" ","price":2.91},{"type":"B","date":"2018-03-27T03:52:16.000Z","volume":10000,"label":" ","price":2.91},{"type":"B","date":"2018-03-27T03:53:29.000Z","volume":6000,"label":" ","price":2.91},{"type":"B","date":"2018-03-27T03:53:52.000Z","volume":24000,"label":" ","price":2.91},{"type":"A","date":"2018-03-27T03:54:29.000Z","volume":2000,"label":" ","price":2.91},{"type":"A","date":"2018-03-27T03:56:54.000Z","volume":4000,"label":" ","price":2.91},{"type":"B","date":"2018-03-27T05:00:03.000Z","volume":56000,"label":" ","price":2.9},{"type":"A","date":"2018-03-27T05:00:03.000Z","volume":10000,"label":" ","price":2.91},{"type":"A","date":"2018-03-27T05:00:49.000Z","volume":64000,"label":"Y","price":2.91},{"type":"A","date":"2018-03-27T05:00:49.000Z","volume":222000,"label":" ","price":2.91},{"type":"B","date":"2018-03-27T05:01:41.000Z","volume":40000,"label":" ","price":2.91},{"type":"A","date":"2018-03-27T05:01:52.000Z","volume":20000,"label":" ","price":2.92},{"type":"B","date":"2018-03-27T05:02:00.000Z","volume":2000,"label":" ","price":2.91},{"type":"A","date":"2018-03-27T05:02:54.000Z","volume":8000,"label":" ","price":2.92},{"type":"A","date":"2018-03-27T05:03:24.000Z","volume":8000,"label":" ","price":2.92},{"type":"A","date":"2018-03-27T05:03:24.000Z","volume":74000,"label":" ","price":2.92},{"type":"A","date":"2018-03-27T05:03:51.000Z","volume":8000,"label":" ","price":2.92},{"type":"A","date":"2018-03-27T05:04:24.000Z","volume":8000,"label":" ","price":2.92},{"type":"A","date":"2018-03-27T05:04:54.000Z","volume":6000,"label":" ","price":2.92},{"type":"A","date":"2018-03-27T05:04:54.000Z","volume":36000,"label":" ","price":2.92},{"type":"B","date":"2018-03-27T05:06:00.000Z","volume":4000,"label":"Y","price":2.91},{"type":"B","date":"2018-03-27T05:07:13.000Z","volume":60000,"label":"Y","price":2.91},{"type":"B","date":"2018-03-27T05:07:23.000Z","volume":100000,"label":" ","price":2.91},{"type":"B","date":"2018-03-27T05:08:08.000Z","volume":8000,"label":"Y","price":2.91},{"type":"B","date":"2018-03-27T05:08:08.000Z","volume":92000,"label":" ","price":2.91},{"type":"B","date":"2018-03-27T05:08:08.000Z","volume":56000,"label":" ","price":2.91},{"type":"B","date":"2018-03-27T05:12:01.000Z","volume":10000,"label":" ","price":2.91},{"type":"B","date":"2018-03-27T05:13:55.000Z","volume":26000,"label":" ","price":2.91},{"type":"A","date":"2018-03-27T05:13:57.000Z","volume":28000,"label":" ","price":2.91},{"type":"A","date":"2018-03-27T05:14:08.000Z","volume":2000,"label":" ","price":2.91},{"type":"A","date":"2018-03-27T05:14:58.000Z","volume":30000,"label":" ","price":2.91},{"type":"A","date":"2018-03-27T05:15:20.000Z","volume":10000,"label":" ","price":2.91},{"type":"A","date":"2018-03-27T05:15:40.000Z","volume":68000,"label":" ","price":2.91},{"type":"A","date":"2018-03-27T05:15:40.000Z","volume":8000,"label":" ","price":2.92},{"type":"A","date":"2018-03-27T05:15:40.000Z","volume":10000,"label":" ","price":2.92},{"type":"A","date":"2018-03-27T05:18:06.000Z","volume":6000,"label":"Y","price":2.92},{"type":"A","date":"2018-03-27T05:18:06.000Z","volume":200000,"label":" ","price":2.92},{"type":"B","date":"2018-03-27T05:22:45.000Z","volume":30000,"label":" ","price":2.92},{"type":"A","date":"2018-03-27T05:23:19.000Z","volume":12000,"label":" ","price":2.93},{"type":"B","date":"2018-03-27T05:23:42.000Z","volume":30000,"label":" ","price":2.92},{"type":"A","date":"2018-03-27T05:26:48.000Z","volume":12000,"label":" ","price":2.93},{"type":"A","date":"2018-03-27T05:27:59.000Z","volume":128000,"label":"Y","price":2.93},{"type":"A","date":"2018-03-27T05:27:59.000Z","volume":172000,"label":" ","price":2.93},{"type":"A","date":"2018-03-27T05:27:59.000Z","volume":66000,"label":" ","price":2.93},{"type":"A","date":"2018-03-27T05:27:59.000Z","volume":10000,"label":" ","price":2.93},{"type":"A","date":"2018-03-27T05:28:17.000Z","volume":2000,"label":"Y","price":2.93},{"type":"U","date":"2018-03-27T05:28:24.000Z","volume":2000,"label":" ","price":2.93},{"type":"U","date":"2018-03-27T05:28:24.000Z","volume":2000,"label":" ","price":2.93},{"type":"B","date":"2018-03-27T05:28:50.000Z","volume":14000,"label":" ","price":2.93},{"type":"A","date":"2018-03-27T05:29:08.000Z","volume":2000,"label":" ","price":2.94},{"type":"B","date":"2018-03-27T05:30:31.000Z","volume":50000,"label":" ","price":2.93},{"type":"B","date":"2018-03-27T05:33:00.000Z","volume":10000,"label":" ","price":2.93},{"type":"A","date":"2018-03-27T05:33:05.000Z","volume":10000,"label":" ","price":2.94},{"type":"B","date":"2018-03-27T05:33:12.000Z","volume":10000,"label":" ","price":2.93},{"type":"B","date":"2018-03-27T05:33:55.000Z","volume":4000,"label":"Y","price":2.93},{"type":"B","date":"2018-03-27T05:36:41.000Z","volume":20000,"label":" ","price":2.93},{"type":"B","date":"2018-03-27T05:37:41.000Z","volume":38000,"label":" ","price":2.93},{"type":"A","date":"2018-03-27T05:38:41.000Z","volume":4000,"label":"Y","price":2.94},{"type":"A","date":"2018-03-27T05:38:41.000Z","volume":96000,"label":" ","price":2.94},{"type":"A","date":"2018-03-27T05:39:19.000Z","volume":152000,"label":"Y","price":2.94},{"type":"A","date":"2018-03-27T05:39:19.000Z","volume":48000,"label":" ","price":2.94},{"type":"B","date":"2018-03-27T05:42:41.000Z","volume":600000,"label":" ","price":2.93},{"type":"B","date":"2018-03-27T05:42:41.000Z","volume":10000,"label":"Y","price":2.92},{"type":"B","date":"2018-03-27T05:42:41.000Z","volume":304000,"label":" ","price":2.92},{"type":"B","date":"2018-03-27T05:42:41.000Z","volume":474000,"label":" ","price":2.91},{"type":"B","date":"2018-03-27T05:42:41.000Z","volume":12000,"label":" ","price":2.9},{"type":"A","date":"2018-03-27T05:42:41.000Z","volume":10000,"label":" ","price":2.94},{"type":"B","date":"2018-03-27T05:42:52.000Z","volume":20000,"label":" ","price":2.92},{"type":"B","date":"2018-03-27T05:42:52.000Z","volume":52000,"label":"Y","price":2.92},{"type":"B","date":"2018-03-27T05:43:31.000Z","volume":20000,"label":" ","price":2.92},{"type":"A","date":"2018-03-27T05:43:41.000Z","volume":64000,"label":" ","price":2.93},{"type":"B","date":"2018-03-27T05:43:41.000Z","volume":2000,"label":"Y","price":2.93},{"type":"A","date":"2018-03-27T05:44:01.000Z","volume":20000,"label":" ","price":2.94},{"type":"B","date":"2018-03-27T05:44:10.000Z","volume":10000,"label":" ","price":2.93},{"type":"B","date":"2018-03-27T05:46:16.000Z","volume":20000,"label":"Y","price":2.93},{"type":"B","date":"2018-03-27T05:46:59.000Z","volume":18000,"label":"Y","price":2.93},{"type":"B","date":"2018-03-27T05:47:20.000Z","volume":100000,"label":" ","price":2.93},{"type":"B","date":"2018-03-27T05:47:20.000Z","volume":108000,"label":" ","price":2.93},{"type":"B","date":"2018-03-27T05:47:22.000Z","volume":46000,"label":" ","price":2.93},{"type":"B","date":"2018-03-27T05:48:08.000Z","volume":12000,"label":" ","price":2.93},{"type":"B","date":"2018-03-27T05:49:14.000Z","volume":30000,"label":" ","price":2.93},{"type":"B","date":"2018-03-27T05:49:40.000Z","volume":4000,"label":" ","price":2.93},{"type":"B","date":"2018-03-27T05:50:34.000Z","volume":50000,"label":" ","price":2.93},{"type":"B","date":"2018-03-27T05:51:16.000Z","volume":244000,"label":"Y","price":2.93},{"type":"B","date":"2018-03-27T05:51:21.000Z","volume":20000,"label":"Y","price":2.93},{"type":"B","date":"2018-03-27T05:56:11.000Z","volume":2000,"label":" ","price":2.93},{"type":"A","date":"2018-03-27T05:56:16.000Z","volume":6000,"label":" ","price":2.94},{"type":"A","date":"2018-03-27T05:56:35.000Z","volume":102000,"label":"Y","price":2.94},{"type":"A","date":"2018-03-27T05:56:35.000Z","volume":20000,"label":" ","price":2.94},{"type":"B","date":"2018-03-27T05:57:57.000Z","volume":10000,"label":"Y","price":2.93},{"type":"B","date":"2018-03-27T05:59:41.000Z","volume":4000,"label":"Y","price":2.93},{"type":"B","date":"2018-03-27T05:59:49.000Z","volume":50000,"label":" ","price":2.93},{"type":"A","date":"2018-03-27T06:00:35.000Z","volume":20000,"label":" ","price":2.94},{"type":"A","date":"2018-03-27T06:00:53.000Z","volume":2000,"label":" ","price":2.94},{"type":"A","date":"2018-03-27T06:03:29.000Z","volume":2000,"label":" ","price":2.94},{"type":"B","date":"2018-03-27T06:04:55.000Z","volume":90000,"label":" ","price":2.93},{"type":"A","date":"2018-03-27T06:04:55.000Z","volume":10000,"label":" ","price":2.94},{"type":"A","date":"2018-03-27T06:06:09.000Z","volume":2000,"label":" ","price":2.94},{"type":"A","date":"2018-03-27T06:06:34.000Z","volume":44000,"label":" ","price":2.94},{"type":"B","date":"2018-03-27T06:08:44.000Z","volume":4000,"label":"Y","price":2.93},{"type":"B","date":"2018-03-27T06:08:44.000Z","volume":6000,"label":" ","price":2.93},{"type":"B","date":"2018-03-27T06:09:59.000Z","volume":2000,"label":"Y","price":2.93},{"type":"B","date":"2018-03-27T06:11:41.000Z","volume":10000,"label":"Y","price":2.93},{"type":"A","date":"2018-03-27T06:11:41.000Z","volume":4000,"label":" ","price":2.94},{"type":"B","date":"2018-03-27T06:12:46.000Z","volume":2000,"label":"Y","price":2.93},{"type":"A","date":"2018-03-27T06:13:25.000Z","volume":2000,"label":" ","price":2.94},{"type":"B","date":"2018-03-27T06:14:44.000Z","volume":36000,"label":" ","price":2.93},{"type":"A","date":"2018-03-27T06:14:49.000Z","volume":2000,"label":" ","price":2.94},{"type":"B","date":"2018-03-27T06:16:30.000Z","volume":10000,"label":" ","price":2.93},{"type":"B","date":"2018-03-27T06:18:03.000Z","volume":2000,"label":"Y","price":2.93},{"type":"A","date":"2018-03-27T06:18:37.000Z","volume":64000,"label":" ","price":2.94},{"type":"B","date":"2018-03-27T06:18:46.000Z","volume":8000,"label":" ","price":2.93},{"type":"B","date":"2018-03-27T06:18:53.000Z","volume":30000,"label":"Y","price":2.93},{"type":"B","date":"2018-03-27T06:19:16.000Z","volume":10000,"label":" ","price":2.93},{"type":"B","date":"2018-03-27T06:20:07.000Z","volume":164000,"label":"Y","price":2.93},{"type":"B","date":"2018-03-27T06:20:07.000Z","volume":2000,"label":" ","price":2.93},{"type":"B","date":"2018-03-27T06:20:17.000Z","volume":256000,"label":"Y","price":2.93},{"type":"B","date":"2018-03-27T06:20:17.000Z","volume":4000,"label":" ","price":2.93},{"type":"B","date":"2018-03-27T06:20:17.000Z","volume":16000,"label":" ","price":2.93},{"type":"B","date":"2018-03-27T06:20:18.000Z","volume":44000,"label":" ","price":2.93},{"type":"B","date":"2018-03-27T06:20:18.000Z","volume":26000,"label":" ","price":2.93},{"type":"B","date":"2018-03-27T06:20:22.000Z","volume":26000,"label":" ","price":2.93},{"type":"A","date":"2018-03-27T06:20:22.000Z","volume":12000,"label":" ","price":2.93},{"type":"A","date":"2018-03-27T06:20:22.000Z","volume":6000,"label":" ","price":2.93},{"type":"B","date":"2018-03-27T06:21:09.000Z","volume":2000,"label":" ","price":2.92},{"type":"B","date":"2018-03-27T06:22:51.000Z","volume":20000,"label":" ","price":2.92},{"type":"B","date":"2018-03-27T06:24:22.000Z","volume":178000,"label":" ","price":2.92},{"type":"B","date":"2018-03-27T06:26:28.000Z","volume":132000,"label":" ","price":2.91},{"type":"A","date":"2018-03-27T06:26:50.000Z","volume":56000,"label":" ","price":2.91},{"type":"U","date":"2018-03-27T06:27:20.000Z","volume":30000,"label":" ","price":2.91},{"type":"B","date":"2018-03-27T06:29:45.000Z","volume":30000,"label":" ","price":2.91},{"type":"B","date":"2018-03-27T06:29:55.000Z","volume":22000,"label":" ","price":2.91},{"type":"A","date":"2018-03-27T06:31:06.000Z","volume":34000,"label":" ","price":2.91},{"type":"A","date":"2018-03-27T06:31:24.000Z","volume":150000,"label":" ","price":2.92},{"type":"B","date":"2018-03-27T06:32:57.000Z","volume":20000,"label":" ","price":2.91},{"type":"A","date":"2018-03-27T06:34:46.000Z","volume":38000,"label":"Y","price":2.92},{"type":"A","date":"2018-03-27T06:34:46.000Z","volume":108000,"label":" ","price":2.92},{"type":"B","date":"2018-03-27T06:36:07.000Z","volume":4000,"label":"Y","price":2.92},{"type":"B","date":"2018-03-27T06:36:07.000Z","volume":6000,"label":" ","price":2.92},{"type":"B","date":"2018-03-27T06:37:56.000Z","volume":8000,"label":" ","price":2.92},{"type":"B","date":"2018-03-27T06:39:13.000Z","volume":8000,"label":" ","price":2.92},{"type":"A","date":"2018-03-27T06:39:13.000Z","volume":2000,"label":" ","price":2.92},{"type":"A","date":"2018-03-27T06:39:13.000Z","volume":4000,"label":" ","price":2.92},{"type":"A","date":"2018-03-27T06:39:15.000Z","volume":2000,"label":" ","price":2.92},{"type":"A","date":"2018-03-27T06:39:15.000Z","volume":2000,"label":" ","price":2.93},{"type":"A","date":"2018-03-27T06:39:18.000Z","volume":110000,"label":"Y","price":2.93},{"type":"A","date":"2018-03-27T06:39:18.000Z","volume":136000,"label":" ","price":2.93},{"type":"A","date":"2018-03-27T06:39:20.000Z","volume":12000,"label":" ","price":2.93},{"type":"A","date":"2018-03-27T06:39:21.000Z","volume":14000,"label":" ","price":2.93},{"type":"A","date":"2018-03-27T06:39:21.000Z","volume":4000,"label":"Y","price":2.93},{"type":"A","date":"2018-03-27T06:39:21.000Z","volume":12000,"label":" ","price":2.93},{"type":"A","date":"2018-03-27T06:39:21.000Z","volume":6000,"label":" ","price":2.93},{"type":"A","date":"2018-03-27T06:39:21.000Z","volume":2000,"label":" ","price":2.93},{"type":"A","date":"2018-03-27T06:39:21.000Z","volume":2000,"label":" ","price":2.93},{"type":"A","date":"2018-03-27T06:39:21.000Z","volume":26000,"label":" ","price":2.93},{"type":"A","date":"2018-03-27T06:39:22.000Z","volume":6000,"label":" ","price":2.93},{"type":"A","date":"2018-03-27T06:39:40.000Z","volume":2000,"label":" ","price":2.93},{"type":"B","date":"2018-03-27T06:40:23.000Z","volume":2000,"label":" ","price":2.92},{"type":"B","date":"2018-03-27T06:41:52.000Z","volume":30000,"label":" ","price":2.91},{"type":"B","date":"2018-03-27T06:46:03.000Z","volume":24000,"label":" ","price":2.91},{"type":"B","date":"2018-03-27T06:48:23.000Z","volume":12000,"label":" ","price":2.91},{"type":"B","date":"2018-03-27T06:48:23.000Z","volume":80000,"label":" ","price":2.9},{"type":"B","date":"2018-03-27T06:48:23.000Z","volume":8000,"label":" ","price":2.9},{"type":"B","date":"2018-03-27T06:59:03.000Z","volume":24000,"label":" ","price":2.91},{"type":"B","date":"2018-03-27T07:00:07.000Z","volume":20000,"label":" ","price":2.91},{"type":"B","date":"2018-03-27T07:00:14.000Z","volume":50000,"label":" ","price":2.91},{"type":"B","date":"2018-03-27T07:00:51.000Z","volume":2000,"label":" ","price":2.91},{"type":"B","date":"2018-03-27T07:05:09.000Z","volume":12000,"label":" ","price":2.9},{"type":"A","date":"2018-03-27T07:05:09.000Z","volume":2000,"label":" ","price":2.9},{"type":"A","date":"2018-03-27T07:05:16.000Z","volume":2000,"label":"Y","price":2.9},{"type":"A","date":"2018-03-27T07:05:16.000Z","volume":24000,"label":" ","price":2.9},{"type":"A","date":"2018-03-27T07:05:16.000Z","volume":14000,"label":" ","price":2.9},{"type":"A","date":"2018-03-27T07:05:18.000Z","volume":2000,"label":" ","price":2.91},{"type":"A","date":"2018-03-27T07:05:48.000Z","volume":2000,"label":" ","price":2.91},{"type":"A","date":"2018-03-27T07:06:19.000Z","volume":10000,"label":" ","price":2.91},{"type":"B","date":"2018-03-27T07:08:40.000Z","volume":10000,"label":" ","price":2.91},{"type":"B","date":"2018-03-27T07:12:00.000Z","volume":8000,"label":" ","price":2.91},{"type":"B","date":"2018-03-27T07:12:30.000Z","volume":10000,"label":" ","price":2.91},{"type":"B","date":"2018-03-27T07:12:56.000Z","volume":8000,"label":" ","price":2.9},{"type":"B","date":"2018-03-27T07:13:30.000Z","volume":10000,"label":" ","price":2.9},{"type":"B","date":"2018-03-27T07:14:00.000Z","volume":8000,"label":" ","price":2.9},{"type":"B","date":"2018-03-27T07:14:27.000Z","volume":8000,"label":" ","price":2.9},{"type":"B","date":"2018-03-27T07:14:53.000Z","volume":8000,"label":" ","price":2.9},{"type":"B","date":"2018-03-27T07:15:19.000Z","volume":8000,"label":" ","price":2.9},{"type":"B","date":"2018-03-27T07:15:45.000Z","volume":8000,"label":" ","price":2.9},{"type":"B","date":"2018-03-27T07:16:24.000Z","volume":10000,"label":" ","price":2.9},{"type":"A","date":"2018-03-27T07:16:28.000Z","volume":54000,"label":" ","price":2.91},{"type":"A","date":"2018-03-27T07:17:30.000Z","volume":46000,"label":" ","price":2.91},{"type":"U","date":"2018-03-27T07:18:21.000Z","volume":8000,"label":" ","price":2.91},{"type":"B","date":"2018-03-27T07:19:39.000Z","volume":10000,"label":" ","price":2.91},{"type":"B","date":"2018-03-27T07:19:45.000Z","volume":6000,"label":" ","price":2.91},{"type":"B","date":"2018-03-27T07:20:05.000Z","volume":8000,"label":" ","price":2.91},{"type":"B","date":"2018-03-27T07:20:44.000Z","volume":10000,"label":" ","price":2.91},{"type":"B","date":"2018-03-27T07:21:08.000Z","volume":2000,"label":" ","price":2.91},{"type":"B","date":"2018-03-27T07:21:10.000Z","volume":8000,"label":" ","price":2.91},{"type":"B","date":"2018-03-27T07:21:36.000Z","volume":8000,"label":" ","price":2.91},{"type":"B","date":"2018-03-27T07:22:02.000Z","volume":8000,"label":" ","price":2.91},{"type":"B","date":"2018-03-27T07:22:19.000Z","volume":2000,"label":" ","price":2.91},{"type":"B","date":"2018-03-27T07:22:28.000Z","volume":4000,"label":" ","price":2.9},{"type":"B","date":"2018-03-27T07:22:30.000Z","volume":4000,"label":" ","price":2.89},{"type":"A","date":"2018-03-27T07:22:34.000Z","volume":6000,"label":" ","price":2.9},{"type":"A","date":"2018-03-27T07:22:34.000Z","volume":16000,"label":" ","price":2.9},{"type":"B","date":"2018-03-27T07:23:59.000Z","volume":10000,"label":" ","price":2.9},{"type":"B","date":"2018-03-27T07:24:25.000Z","volume":8000,"label":" ","price":2.9},{"type":"B","date":"2018-03-27T07:24:51.000Z","volume":8000,"label":" ","price":2.9},{"type":"B","date":"2018-03-27T07:25:43.000Z","volume":8000,"label":" ","price":2.9},{"type":"B","date":"2018-03-27T07:26:22.000Z","volume":10000,"label":" ","price":2.9},{"type":"B","date":"2018-03-27T07:26:48.000Z","volume":8000,"label":" ","price":2.9},{"type":"B","date":"2018-03-27T07:27:27.000Z","volume":10000,"label":" ","price":2.9},{"type":"B","date":"2018-03-27T07:27:53.000Z","volume":8000,"label":" ","price":2.9},{"type":"B","date":"2018-03-27T07:28:19.000Z","volume":8000,"label":" ","price":2.9},{"type":"B","date":"2018-03-27T07:28:45.000Z","volume":8000,"label":" ","price":2.9},{"type":"B","date":"2018-03-27T07:29:11.000Z","volume":8000,"label":" ","price":2.9},{"type":"B","date":"2018-03-27T07:29:50.000Z","volume":10000,"label":" ","price":2.9},{"type":"B","date":"2018-03-27T07:30:16.000Z","volume":8000,"label":" ","price":2.9},{"type":"B","date":"2018-03-27T07:30:42.000Z","volume":6000,"label":" ","price":2.9},{"type":"B","date":"2018-03-27T07:30:44.000Z","volume":2000,"label":" ","price":2.89},{"type":"B","date":"2018-03-27T07:31:08.000Z","volume":8000,"label":" ","price":2.89},{"type":"B","date":"2018-03-27T07:31:34.000Z","volume":8000,"label":" ","price":2.89},{"type":"B","date":"2018-03-27T07:31:48.000Z","volume":2000,"label":" ","price":2.89},{"type":"A","date":"2018-03-27T07:31:55.000Z","volume":34000,"label":" ","price":2.89},{"type":"U","date":"2018-03-27T07:32:00.000Z","volume":8000,"label":" ","price":2.89},{"type":"B","date":"2018-03-27T07:32:03.000Z","volume":2000,"label":"Y","price":2.88},{"type":"B","date":"2018-03-27T07:32:03.000Z","volume":18000,"label":" ","price":2.88},{"type":"U","date":"2018-03-27T07:33:00.000Z","volume":8000,"label":" ","price":2.89},{"type":"B","date":"2018-03-27T07:33:18.000Z","volume":8000,"label":" ","price":2.89},{"type":"B","date":"2018-03-27T07:33:57.000Z","volume":8000,"label":" ","price":2.89},{"type":"B","date":"2018-03-27T07:34:03.000Z","volume":8000,"label":" ","price":2.89},{"type":"B","date":"2018-03-27T07:34:23.000Z","volume":8000,"label":" ","price":2.89},{"type":"B","date":"2018-03-27T07:34:48.000Z","volume":8000,"label":" ","price":2.89},{"type":"B","date":"2018-03-27T07:34:49.000Z","volume":8000,"label":" ","price":2.89},{"type":"B","date":"2018-03-27T07:35:03.000Z","volume":8000,"label":" ","price":2.89},{"type":"B","date":"2018-03-27T07:35:15.000Z","volume":8000,"label":" ","price":2.89},{"type":"B","date":"2018-03-27T07:35:18.000Z","volume":8000,"label":" ","price":2.89},{"type":"A","date":"2018-03-27T07:35:18.000Z","volume":60000,"label":" ","price":2.9},{"type":"A","date":"2018-03-27T07:35:18.000Z","volume":40000,"label":" ","price":2.9},{"type":"B","date":"2018-03-27T07:36:46.000Z","volume":10000,"label":" ","price":2.9},{"type":"B","date":"2018-03-27T07:36:48.000Z","volume":10000,"label":" ","price":2.9},{"type":"B","date":"2018-03-27T07:37:12.000Z","volume":8000,"label":" ","price":2.9},{"type":"B","date":"2018-03-27T07:37:18.000Z","volume":8000,"label":" ","price":2.9},{"type":"B","date":"2018-03-27T07:37:38.000Z","volume":8000,"label":" ","price":2.9},{"type":"B","date":"2018-03-27T07:37:42.000Z","volume":20000,"label":" ","price":2.9},{"type":"B","date":"2018-03-27T07:37:48.000Z","volume":8000,"label":" ","price":2.9},{"type":"B","date":"2018-03-27T07:38:03.000Z","volume":20000,"label":" ","price":2.89},{"type":"B","date":"2018-03-27T07:38:04.000Z","volume":8000,"label":" ","price":2.89},{"type":"B","date":"2018-03-27T07:38:30.000Z","volume":8000,"label":" ","price":2.89},{"type":"B","date":"2018-03-27T07:38:48.000Z","volume":16000,"label":" ","price":2.89},{"type":"A","date":"2018-03-27T07:38:53.000Z","volume":14000,"label":" ","price":2.9},{"type":"B","date":"2018-03-27T07:38:56.000Z","volume":8000,"label":" ","price":2.89},{"type":"B","date":"2018-03-27T07:39:31.000Z","volume":18000,"label":" ","price":2.89},{"type":"B","date":"2018-03-27T07:39:33.000Z","volume":12000,"label":" ","price":2.89},{"type":"A","date":"2018-03-27T07:40:11.000Z","volume":12000,"label":" ","price":2.9},{"type":"B","date":"2018-03-27T07:46:34.000Z","volume":4000,"label":" ","price":2.9},{"type":"B","date":"2018-03-27T07:46:48.000Z","volume":4000,"label":" ","price":2.9},{"type":"B","date":"2018-03-27T07:47:05.000Z","volume":10000,"label":" ","price":2.9},{"type":"B","date":"2018-03-27T07:47:18.000Z","volume":10000,"label":" ","price":2.9},{"type":"B","date":"2018-03-27T07:47:43.000Z","volume":62000,"label":" ","price":2.9},{"type":"B","date":"2018-03-27T07:47:43.000Z","volume":38000,"label":" ","price":2.89},{"type":"B","date":"2018-03-27T07:47:48.000Z","volume":52000,"label":" ","price":2.89},{"type":"B","date":"2018-03-27T07:47:48.000Z","volume":48000,"label":" ","price":2.89},{"type":"A","date":"2018-03-27T07:52:48.000Z","volume":4000,"label":" ","price":2.91},{"type":"B","date":"2018-03-27T07:53:38.000Z","volume":10000,"label":" ","price":2.9},{"type":"B","date":"2018-03-27T07:55:37.000Z","volume":10000,"label":" ","price":2.9},{"type":"A","date":"2018-03-27T07:55:40.000Z","volume":2000,"label":" ","price":2.91},{"type":"A","date":"2018-03-27T07:55:51.000Z","volume":12000,"label":" ","price":2.91},{"type":"B","date":"2018-03-27T07:56:54.000Z","volume":42000,"label":" ","price":2.9},{"type":"A","date":"2018-03-27T07:56:54.000Z","volume":10000,"label":" ","price":2.9},{"type":"A","date":"2018-03-27T07:56:54.000Z","volume":8000,"label":" ","price":2.9},{"type":"A","date":"2018-03-27T07:56:54.000Z","volume":4000,"label":" ","price":2.9},{"type":"A","date":"2018-03-27T07:57:23.000Z","volume":6000,"label":" ","price":2.9},{"type":"A","date":"2018-03-27T07:57:23.000Z","volume":4000,"label":" ","price":2.9},{"type":"A","date":"2018-03-27T07:59:00.000Z","volume":10000,"label":" ","price":2.9},{"type":"A","date":"2018-03-27T07:59:00.000Z","volume":8000,"label":" ","price":2.9},{"type":"A","date":"2018-03-27T07:59:00.000Z","volume":4000,"label":" ","price":2.9},{"type":"B","date":"2018-03-27T07:59:01.000Z","volume":2000,"label":" ","price":2.89},{"type":"A","date":"2018-03-27T07:59:02.000Z","volume":4000,"label":" ","price":2.9},{"type":"A","date":"2018-03-27T07:59:03.000Z","volume":2000,"label":" ","price":2.9},{"type":"A","date":"2018-03-27T07:59:20.000Z","volume":8000,"label":" ","price":2.9},{"type":"A","date":"2018-03-27T07:59:26.000Z","volume":14000,"label":" ","price":2.9},{"type":"A","date":"2018-03-27T07:59:26.000Z","volume":8000,"label":" ","price":2.9},{"type":"A","date":"2018-03-27T07:59:31.000Z","volume":4000,"label":" ","price":2.9},{"type":"A","date":"2018-03-27T07:59:48.000Z","volume":12000,"label":" ","price":2.9},{"type":"A","date":"2018-03-27T07:59:50.000Z","volume":2000,"label":" ","price":2.9},{"type":"A","date":"2018-03-27T07:59:50.000Z","volume":12000,"label":" ","price":2.9},{"type":"A","date":"2018-03-27T07:59:50.000Z","volume":4000,"label":" ","price":2.9},{"type":"A","date":"2018-03-27T07:59:55.000Z","volume":28000,"label":" ","price":2.9},{"type":"A","date":"2018-03-27T07:59:55.000Z","volume":2000,"label":" ","price":2.9},{"type":"U","date":"2018-03-27T08:08:29.000Z","volume":86000,"label":"U","price":2.89}]