[{"type":"B","date":"2018-04-10T01:30:33.000Z","volume":2000,"label":" ","price":2.09},{"type":"B","date":"2018-04-10T01:33:19.000Z","volume":2000,"label":" ","price":2.02},{"type":"B","date":"2018-04-10T01:33:19.000Z","volume":24000,"label":" ","price":2.02},{"type":"A","date":"2018-04-10T01:35:06.000Z","volume":310000,"label":" ","price":2.06},{"type":"U","date":"2018-04-10T01:36:44.000Z","volume":6000,"label":" ","price":2.06},{"type":"B","date":"2018-04-10T01:39:55.000Z","volume":2000,"label":" ","price":2.06},{"type":"A","date":"2018-04-10T01:40:07.000Z","volume":8000,"label":" ","price":2.06},{"type":"B","date":"2018-04-10T01:40:42.000Z","volume":2000,"label":"Y","price":2.05},{"type":"B","date":"2018-04-10T01:47:07.000Z","volume":4000,"label":" ","price":2.06},{"type":"B","date":"2018-04-10T01:48:32.000Z","volume":6000,"label":" ","price":2.06},{"type":"B","date":"2018-04-10T01:53:14.000Z","volume":26000,"label":" ","price":2.06},{"type":"B","date":"2018-04-10T01:57:33.000Z","volume":12000,"label":" ","price":2.06},{"type":"B","date":"2018-04-10T02:09:26.000Z","volume":20000,"label":" ","price":2.07},{"type":"A","date":"2018-04-10T02:18:43.000Z","volume":6000,"label":" ","price":2.09},{"type":"B","date":"2018-04-10T02:19:45.000Z","volume":24000,"label":" ","price":2.09},{"type":"A","date":"2018-04-10T02:24:16.000Z","volume":4000,"label":" ","price":2.09},{"type":"A","date":"2018-04-10T02:25:04.000Z","volume":10000,"label":" ","price":2.09},{"type":"A","date":"2018-04-10T02:25:04.000Z","volume":6000,"label":" ","price":2.09},{"type":"A","date":"2018-04-10T02:25:46.000Z","volume":110000,"label":" ","price":2.1},{"type":"A","date":"2018-04-10T02:25:46.000Z","volume":90000,"label":" ","price":2.11},{"type":"A","date":"2018-04-10T02:25:49.000Z","volume":10000,"label":" ","price":2.11},{"type":"B","date":"2018-04-10T02:25:49.000Z","volume":10000,"label":" ","price":2.11},{"type":"A","date":"2018-04-10T02:27:44.000Z","volume":20000,"label":" ","price":2.12},{"type":"A","date":"2018-04-10T02:27:44.000Z","volume":20000,"label":" ","price":2.12},{"type":"A","date":"2018-04-10T02:27:57.000Z","volume":10000,"label":" ","price":2.12},{"type":"A","date":"2018-04-10T02:28:11.000Z","volume":4000,"label":" ","price":2.13},{"type":"A","date":"2018-04-10T02:28:24.000Z","volume":6000,"label":" ","price":2.13},{"type":"A","date":"2018-04-10T02:28:24.000Z","volume":24000,"label":" ","price":2.14},{"type":"A","date":"2018-04-10T02:28:41.000Z","volume":60000,"label":" ","price":2.15},{"type":"A","date":"2018-04-10T02:28:52.000Z","volume":4000,"label":" ","price":2.15},{"type":"A","date":"2018-04-10T02:31:07.000Z","volume":16000,"label":" ","price":2.15},{"type":"A","date":"2018-04-10T02:32:44.000Z","volume":20000,"label":" ","price":2.15},{"type":"A","date":"2018-04-10T02:32:51.000Z","volume":36000,"label":" ","price":2.15},{"type":"A","date":"2018-04-10T02:32:51.000Z","volume":4000,"label":" ","price":2.16},{"type":"A","date":"2018-04-10T02:32:51.000Z","volume":2000,"label":" ","price":2.17},{"type":"A","date":"2018-04-10T02:34:15.000Z","volume":40000,"label":" ","price":2.17},{"type":"A","date":"2018-04-10T02:34:30.000Z","volume":6000,"label":" ","price":2.17},{"type":"A","date":"2018-04-10T02:35:00.000Z","volume":24000,"label":" ","price":2.17},{"type":"A","date":"2018-04-10T02:37:02.000Z","volume":10000,"label":" ","price":2.17},{"type":"B","date":"2018-04-10T02:37:28.000Z","volume":12000,"label":" ","price":2.15},{"type":"A","date":"2018-04-10T02:41:21.000Z","volume":2000,"label":" ","price":2.14},{"type":"A","date":"2018-04-10T02:42:50.000Z","volume":4000,"label":" ","price":2.14},{"type":"A","date":"2018-04-10T02:43:51.000Z","volume":20000,"label":" ","price":2.14},{"type":"A","date":"2018-04-10T02:43:59.000Z","volume":20000,"label":" ","price":2.14},{"type":"A","date":"2018-04-10T02:44:04.000Z","volume":20000,"label":" ","price":2.14},{"type":"A","date":"2018-04-10T02:44:08.000Z","volume":20000,"label":" ","price":2.14},{"type":"A","date":"2018-04-10T02:46:50.000Z","volume":16000,"label":" ","price":2.14},{"type":"A","date":"2018-04-10T02:49:54.000Z","volume":8000,"label":" ","price":2.14},{"type":"A","date":"2018-04-10T02:49:54.000Z","volume":2000,"label":" ","price":2.15},{"type":"B","date":"2018-04-10T02:56:21.000Z","volume":20000,"label":" ","price":2.13},{"type":"B","date":"2018-04-10T02:56:23.000Z","volume":2000,"label":" ","price":2.13},{"type":"B","date":"2018-04-10T02:56:37.000Z","volume":50000,"label":" ","price":2.12},{"type":"A","date":"2018-04-10T03:01:01.000Z","volume":4000,"label":" ","price":2.13},{"type":"A","date":"2018-04-10T03:25:55.000Z","volume":10000,"label":" ","price":2.13},{"type":"A","date":"2018-04-10T05:18:12.000Z","volume":4000,"label":" ","price":2.12},{"type":"B","date":"2018-04-10T05:19:33.000Z","volume":2000,"label":" ","price":2.11},{"type":"B","date":"2018-04-10T05:19:33.000Z","volume":2000,"label":" ","price":2.1},{"type":"B","date":"2018-04-10T05:23:15.000Z","volume":20000,"label":" ","price":2.09},{"type":"B","date":"2018-04-10T05:23:33.000Z","volume":2000,"label":" ","price":2.09},{"type":"B","date":"2018-04-10T05:23:45.000Z","volume":10000,"label":" ","price":2.08},{"type":"U","date":"2018-04-10T05:23:49.000Z","volume":2000,"label":" ","price":2.08},{"type":"B","date":"2018-04-10T05:24:13.000Z","volume":50000,"label":" ","price":2.07},{"type":"B","date":"2018-04-10T05:27:05.000Z","volume":50000,"label":" ","price":2.07},{"type":"B","date":"2018-04-10T05:59:45.000Z","volume":10000,"label":" ","price":2.09},{"type":"B","date":"2018-04-10T06:03:25.000Z","volume":30000,"label":" ","price":2.09},{"type":"B","date":"2018-04-10T06:06:22.000Z","volume":60000,"label":"Y","price":2.09},{"type":"A","date":"2018-04-10T06:07:07.000Z","volume":40000,"label":" ","price":2.09},{"type":"B","date":"2018-04-10T06:12:15.000Z","volume":50000,"label":"Y","price":2.09},{"type":"A","date":"2018-04-10T06:12:49.000Z","volume":50000,"label":" ","price":2.09},{"type":"A","date":"2018-04-10T06:16:53.000Z","volume":60000,"label":" ","price":2.09},{"type":"A","date":"2018-04-10T06:23:44.000Z","volume":40000,"label":" ","price":2.09},{"type":"B","date":"2018-04-10T06:31:59.000Z","volume":2000,"label":" ","price":2.09},{"type":"B","date":"2018-04-10T06:35:36.000Z","volume":18000,"label":" ","price":2.09},{"type":"B","date":"2018-04-10T06:53:40.000Z","volume":20000,"label":" ","price":2.09},{"type":"B","date":"2018-04-10T06:56:58.000Z","volume":4000,"label":"Y","price":2.09},{"type":"B","date":"2018-04-10T06:59:37.000Z","volume":6000,"label":"Y","price":2.09},{"type":"B","date":"2018-04-10T06:59:37.000Z","volume":8000,"label":" ","price":2.09},{"type":"A","date":"2018-04-10T07:03:19.000Z","volume":10000,"label":" ","price":2.09},{"type":"A","date":"2018-04-10T07:04:16.000Z","volume":10000,"label":" ","price":2.1},{"type":"B","date":"2018-04-10T07:07:08.000Z","volume":18000,"label":" ","price":2.1},{"type":"B","date":"2018-04-10T07:09:56.000Z","volume":20000,"label":" ","price":2.1},{"type":"B","date":"2018-04-10T07:11:25.000Z","volume":4000,"label":" ","price":2.1},{"type":"B","date":"2018-04-10T07:17:23.000Z","volume":26000,"label":" ","price":2.1},{"type":"B","date":"2018-04-10T07:17:33.000Z","volume":26000,"label":" ","price":2.09},{"type":"B","date":"2018-04-10T07:18:48.000Z","volume":14000,"label":"Y","price":2.09},{"type":"A","date":"2018-04-10T07:19:19.000Z","volume":8000,"label":" ","price":2.09},{"type":"B","date":"2018-04-10T07:33:12.000Z","volume":26000,"label":" ","price":2.08},{"type":"B","date":"2018-04-10T07:33:56.000Z","volume":12000,"label":" ","price":2.07},{"type":"B","date":"2018-04-10T07:34:04.000Z","volume":2000,"label":" ","price":2.07},{"type":"B","date":"2018-04-10T07:35:01.000Z","volume":6000,"label":" ","price":2.07},{"type":"B","date":"2018-04-10T07:39:22.000Z","volume":10000,"label":" ","price":2.06},{"type":"B","date":"2018-04-10T07:39:36.000Z","volume":106000,"label":" ","price":2.06},{"type":"B","date":"2018-04-10T07:39:40.000Z","volume":80000,"label":" ","price":2.05},{"type":"A","date":"2018-04-10T07:39:49.000Z","volume":4000,"label":" ","price":2.06},{"type":"B","date":"2018-04-10T07:40:42.000Z","volume":28000,"label":" ","price":2.04},{"type":"A","date":"2018-04-10T07:40:45.000Z","volume":12000,"label":" ","price":2.04},{"type":"A","date":"2018-04-10T07:40:45.000Z","volume":24000,"label":" ","price":2.04},{"type":"A","date":"2018-04-10T07:40:45.000Z","volume":38000,"label":" ","price":2.04},{"type":"A","date":"2018-04-10T07:40:48.000Z","volume":20000,"label":" ","price":2.04},{"type":"A","date":"2018-04-10T07:40:48.000Z","volume":38000,"label":" ","price":2.04},{"type":"A","date":"2018-04-10T07:40:48.000Z","volume":4000,"label":" ","price":2.04},{"type":"B","date":"2018-04-10T07:41:41.000Z","volume":8000,"label":" ","price":2.04},{"type":"B","date":"2018-04-10T07:45:08.000Z","volume":20000,"label":" ","price":2.04},{"type":"B","date":"2018-04-10T07:45:46.000Z","volume":34000,"label":" ","price":2.05},{"type":"B","date":"2018-04-10T07:45:46.000Z","volume":24000,"label":"Y","price":2.04},{"type":"B","date":"2018-04-10T07:45:46.000Z","volume":6000,"label":" ","price":2.04},{"type":"B","date":"2018-04-10T07:45:46.000Z","volume":26000,"label":" ","price":2.03},{"type":"A","date":"2018-04-10T07:45:46.000Z","volume":10000,"label":" ","price":2.03},{"type":"A","date":"2018-04-10T07:45:46.000Z","volume":34000,"label":" ","price":2.03},{"type":"A","date":"2018-04-10T07:46:23.000Z","volume":26000,"label":" ","price":2.06},{"type":"B","date":"2018-04-10T07:46:23.000Z","volume":12000,"label":" ","price":2.06},{"type":"A","date":"2018-04-10T07:58:02.000Z","volume":2000,"label":" ","price":2.07},{"type":"A","date":"2018-04-10T07:58:10.000Z","volume":22000,"label":" ","price":2.07},{"type":"A","date":"2018-04-10T07:58:12.000Z","volume":2000,"label":" ","price":2.08},{"type":"A","date":"2018-04-10T07:58:24.000Z","volume":2000,"label":" ","price":2.08},{"type":"A","date":"2018-04-10T07:59:20.000Z","volume":2000,"label":" ","price":2.08}]