[{"type":"B","date":"2018-03-23T01:30:00.000Z","volume":8000,"label":" ","price":0.212},{"type":"B","date":"2018-03-23T01:30:00.000Z","volume":48000,"label":" ","price":0.21},{"type":"B","date":"2018-03-23T01:30:00.000Z","volume":48000,"label":" ","price":0.208},{"type":"B","date":"2018-03-23T01:30:00.000Z","volume":8000,"label":" ","price":0.206},{"type":"A","date":"2018-03-23T01:30:08.000Z","volume":32000,"label":" ","price":0.209},{"type":"A","date":"2018-03-23T01:30:09.000Z","volume":8000,"label":" ","price":0.209},{"type":"A","date":"2018-03-23T01:30:22.000Z","volume":104000,"label":" ","price":0.21},{"type":"A","date":"2018-03-23T01:30:25.000Z","volume":16000,"label":" ","price":0.21},{"type":"A","date":"2018-03-23T01:30:25.000Z","volume":16000,"label":" ","price":0.21},{"type":"A","date":"2018-03-23T01:30:25.000Z","volume":160000,"label":" ","price":0.215},{"type":"B","date":"2018-03-23T01:30:41.000Z","volume":48000,"label":" ","price":0.212},{"type":"B","date":"2018-03-23T01:30:45.000Z","volume":32000,"label":" ","price":0.21},{"type":"A","date":"2018-03-23T01:30:56.000Z","volume":88000,"label":" ","price":0.21},{"type":"A","date":"2018-03-23T01:30:56.000Z","volume":200000,"label":"Y","price":0.211},{"type":"B","date":"2018-03-23T01:30:56.000Z","volume":16000,"label":" ","price":0.207},{"type":"B","date":"2018-03-23T01:30:56.000Z","volume":8000,"label":" ","price":0.202},{"type":"B","date":"2018-03-23T01:30:56.000Z","volume":56000,"label":" ","price":0.201},{"type":"A","date":"2018-03-23T01:31:05.000Z","volume":32000,"label":" ","price":0.209},{"type":"A","date":"2018-03-23T01:31:20.000Z","volume":56000,"label":" ","price":0.21},{"type":"B","date":"2018-03-23T01:31:21.000Z","volume":40000,"label":" ","price":0.209},{"type":"B","date":"2018-03-23T01:31:34.000Z","volume":16000,"label":" ","price":0.209},{"type":"B","date":"2018-03-23T01:31:43.000Z","volume":200000,"label":" ","price":0.209},{"type":"B","date":"2018-03-23T01:31:46.000Z","volume":224000,"label":" ","price":0.209},{"type":"B","date":"2018-03-23T01:31:46.000Z","volume":8000,"label":" ","price":0.209},{"type":"A","date":"2018-03-23T01:32:05.000Z","volume":40000,"label":" ","price":0.209},{"type":"A","date":"2018-03-23T01:32:09.000Z","volume":8000,"label":" ","price":0.209},{"type":"A","date":"2018-03-23T01:32:41.000Z","volume":8000,"label":" ","price":0.209},{"type":"B","date":"2018-03-23T01:33:19.000Z","volume":8000,"label":" ","price":0.208},{"type":"B","date":"2018-03-23T01:33:19.000Z","volume":56000,"label":" ","price":0.206},{"type":"B","date":"2018-03-23T01:33:19.000Z","volume":96000,"label":" ","price":0.205},{"type":"A","date":"2018-03-23T01:33:54.000Z","volume":8000,"label":" ","price":0.209},{"type":"B","date":"2018-03-23T01:33:57.000Z","volume":8000,"label":" ","price":0.205},{"type":"B","date":"2018-03-23T01:33:57.000Z","volume":8000,"label":" ","price":0.204},{"type":"B","date":"2018-03-23T01:33:57.000Z","volume":32000,"label":" ","price":0.201},{"type":"A","date":"2018-03-23T01:34:18.000Z","volume":48000,"label":" ","price":0.207},{"type":"U","date":"2018-03-23T01:34:31.000Z","volume":24000,"label":" ","price":0.206},{"type":"A","date":"2018-03-23T01:34:41.000Z","volume":32000,"label":" ","price":0.207},{"type":"A","date":"2018-03-23T01:34:43.000Z","volume":24000,"label":" ","price":0.208},{"type":"B","date":"2018-03-23T01:35:24.000Z","volume":16000,"label":" ","price":0.207},{"type":"A","date":"2018-03-23T01:36:22.000Z","volume":8000,"label":" ","price":0.207},{"type":"A","date":"2018-03-23T01:36:35.000Z","volume":8000,"label":" ","price":0.207},{"type":"A","date":"2018-03-23T01:36:44.000Z","volume":8000,"label":"Y","price":0.207},{"type":"A","date":"2018-03-23T01:36:44.000Z","volume":8000,"label":"Y","price":0.209},{"type":"A","date":"2018-03-23T01:36:44.000Z","volume":880000,"label":" ","price":0.209},{"type":"B","date":"2018-03-23T01:37:14.000Z","volume":16000,"label":" ","price":0.209},{"type":"A","date":"2018-03-23T01:37:18.000Z","volume":8000,"label":" ","price":0.21},{"type":"A","date":"2018-03-23T01:37:19.000Z","volume":608000,"label":" ","price":0.21},{"type":"B","date":"2018-03-23T01:37:21.000Z","volume":16000,"label":" ","price":0.209},{"type":"A","date":"2018-03-23T01:37:31.000Z","volume":1352000,"label":" ","price":0.211},{"type":"U","date":"2018-03-23T01:37:47.000Z","volume":72000,"label":" ","price":0.214},{"type":"A","date":"2018-03-23T01:37:52.000Z","volume":8000,"label":" ","price":0.215},{"type":"A","date":"2018-03-23T01:38:20.000Z","volume":24000,"label":" ","price":0.214},{"type":"A","date":"2018-03-23T01:38:29.000Z","volume":48000,"label":" ","price":0.215},{"type":"A","date":"2018-03-23T01:38:29.000Z","volume":176000,"label":" ","price":0.215},{"type":"B","date":"2018-03-23T01:38:30.000Z","volume":176000,"label":" ","price":0.214},{"type":"B","date":"2018-03-23T01:38:30.000Z","volume":120000,"label":" ","price":0.213},{"type":"B","date":"2018-03-23T01:38:30.000Z","volume":16000,"label":" ","price":0.212},{"type":"B","date":"2018-03-23T01:38:30.000Z","volume":16000,"label":" ","price":0.211},{"type":"B","date":"2018-03-23T01:38:30.000Z","volume":72000,"label":" ","price":0.21},{"type":"A","date":"2018-03-23T01:38:50.000Z","volume":24000,"label":" ","price":0.213},{"type":"B","date":"2018-03-23T01:39:01.000Z","volume":16000,"label":" ","price":0.213},{"type":"U","date":"2018-03-23T01:39:16.000Z","volume":24000,"label":" ","price":0.212},{"type":"U","date":"2018-03-23T01:39:32.000Z","volume":32000,"label":" ","price":0.212},{"type":"B","date":"2018-03-23T01:39:41.000Z","volume":32000,"label":" ","price":0.212},{"type":"B","date":"2018-03-23T01:39:41.000Z","volume":40000,"label":" ","price":0.212},{"type":"U","date":"2018-03-23T01:39:48.000Z","volume":8000,"label":" ","price":0.212},{"type":"B","date":"2018-03-23T01:39:48.000Z","volume":16000,"label":" ","price":0.211},{"type":"U","date":"2018-03-23T01:40:36.000Z","volume":24000,"label":" ","price":0.212},{"type":"B","date":"2018-03-23T01:40:39.000Z","volume":16000,"label":" ","price":0.211},{"type":"B","date":"2018-03-23T01:40:39.000Z","volume":296000,"label":" ","price":0.21},{"type":"B","date":"2018-03-23T01:40:39.000Z","volume":128000,"label":" ","price":0.209},{"type":"A","date":"2018-03-23T01:40:58.000Z","volume":40000,"label":" ","price":0.212},{"type":"B","date":"2018-03-23T01:41:41.000Z","volume":88000,"label":" ","price":0.212},{"type":"B","date":"2018-03-23T01:42:01.000Z","volume":8000,"label":"Y","price":0.211},{"type":"B","date":"2018-03-23T01:42:01.000Z","volume":8000,"label":" ","price":0.211},{"type":"A","date":"2018-03-23T01:43:09.000Z","volume":8000,"label":" ","price":0.212},{"type":"B","date":"2018-03-23T01:43:20.000Z","volume":16000,"label":" ","price":0.21},{"type":"B","date":"2018-03-23T01:43:20.000Z","volume":32000,"label":" ","price":0.21},{"type":"B","date":"2018-03-23T01:45:21.000Z","volume":160000,"label":" ","price":0.209},{"type":"B","date":"2018-03-23T01:45:21.000Z","volume":88000,"label":" ","price":0.209},{"type":"B","date":"2018-03-23T01:48:44.000Z","volume":16000,"label":" ","price":0.21},{"type":"A","date":"2018-03-23T01:48:45.000Z","volume":16000,"label":" ","price":0.21},{"type":"A","date":"2018-03-23T01:48:55.000Z","volume":16000,"label":" ","price":0.21},{"type":"B","date":"2018-03-23T01:49:00.000Z","volume":8000,"label":" ","price":0.21},{"type":"A","date":"2018-03-23T01:51:16.000Z","volume":16000,"label":" ","price":0.211},{"type":"A","date":"2018-03-23T01:53:27.000Z","volume":8000,"label":" ","price":0.211},{"type":"B","date":"2018-03-23T01:53:28.000Z","volume":8000,"label":" ","price":0.21},{"type":"B","date":"2018-03-23T01:53:55.000Z","volume":56000,"label":" ","price":0.21},{"type":"A","date":"2018-03-23T01:54:28.000Z","volume":64000,"label":" ","price":0.212},{"type":"B","date":"2018-03-23T01:55:35.000Z","volume":24000,"label":"Y","price":0.21},{"type":"B","date":"2018-03-23T01:55:35.000Z","volume":24000,"label":" ","price":0.21},{"type":"B","date":"2018-03-23T01:56:15.000Z","volume":8000,"label":"Y","price":0.21},{"type":"B","date":"2018-03-23T01:56:15.000Z","volume":32000,"label":" ","price":0.21},{"type":"B","date":"2018-03-23T01:58:24.000Z","volume":8000,"label":"Y","price":0.21},{"type":"B","date":"2018-03-23T01:58:24.000Z","volume":160000,"label":" ","price":0.21},{"type":"U","date":"2018-03-23T01:58:24.000Z","volume":88000,"label":" ","price":0.211},{"type":"B","date":"2018-03-23T01:58:24.000Z","volume":8000,"label":" ","price":0.209},{"type":"B","date":"2018-03-23T01:58:24.000Z","volume":8000,"label":" ","price":0.208},{"type":"B","date":"2018-03-23T01:58:24.000Z","volume":24000,"label":" ","price":0.207},{"type":"B","date":"2018-03-23T01:58:24.000Z","volume":48000,"label":" ","price":0.206},{"type":"A","date":"2018-03-23T01:58:42.000Z","volume":8000,"label":" ","price":0.21},{"type":"B","date":"2018-03-23T01:58:47.000Z","volume":16000,"label":" ","price":0.209},{"type":"B","date":"2018-03-23T01:58:47.000Z","volume":16000,"label":" ","price":0.208},{"type":"B","date":"2018-03-23T01:58:47.000Z","volume":8000,"label":" ","price":0.207},{"type":"B","date":"2018-03-23T01:59:24.000Z","volume":16000,"label":" ","price":0.209},{"type":"A","date":"2018-03-23T02:01:25.000Z","volume":104000,"label":" ","price":0.21},{"type":"A","date":"2018-03-23T02:01:32.000Z","volume":40000,"label":" ","price":0.21},{"type":"A","date":"2018-03-23T02:01:41.000Z","volume":16000,"label":" ","price":0.21},{"type":"B","date":"2018-03-23T02:02:22.000Z","volume":112000,"label":" ","price":0.21},{"type":"B","date":"2018-03-23T02:02:25.000Z","volume":16000,"label":" ","price":0.21},{"type":"A","date":"2018-03-23T02:03:21.000Z","volume":32000,"label":" ","price":0.211},{"type":"A","date":"2018-03-23T02:04:00.000Z","volume":488000,"label":" ","price":0.212},{"type":"B","date":"2018-03-23T02:04:27.000Z","volume":88000,"label":" ","price":0.212},{"type":"A","date":"2018-03-23T02:06:08.000Z","volume":200000,"label":" ","price":0.213},{"type":"A","date":"2018-03-23T02:06:08.000Z","volume":152000,"label":" ","price":0.213},{"type":"B","date":"2018-03-23T02:08:36.000Z","volume":16000,"label":" ","price":0.214},{"type":"B","date":"2018-03-23T02:08:36.000Z","volume":8000,"label":" ","price":0.214},{"type":"B","date":"2018-03-23T02:09:14.000Z","volume":24000,"label":" ","price":0.213},{"type":"A","date":"2018-03-23T02:09:14.000Z","volume":8000,"label":" ","price":0.213},{"type":"A","date":"2018-03-23T02:09:18.000Z","volume":8000,"label":" ","price":0.213},{"type":"B","date":"2018-03-23T02:13:54.000Z","volume":40000,"label":" ","price":0.213},{"type":"A","date":"2018-03-23T02:13:57.000Z","volume":8000,"label":" ","price":0.213},{"type":"B","date":"2018-03-23T02:15:03.000Z","volume":32000,"label":" ","price":0.213},{"type":"B","date":"2018-03-23T02:15:03.000Z","volume":240000,"label":" ","price":0.212},{"type":"B","date":"2018-03-23T02:15:03.000Z","volume":80000,"label":" ","price":0.212},{"type":"A","date":"2018-03-23T02:15:05.000Z","volume":8000,"label":" ","price":0.212},{"type":"B","date":"2018-03-23T02:15:19.000Z","volume":8000,"label":" ","price":0.213},{"type":"B","date":"2018-03-23T02:15:44.000Z","volume":56000,"label":" ","price":0.212},{"type":"A","date":"2018-03-23T02:15:45.000Z","volume":8000,"label":" ","price":0.212},{"type":"A","date":"2018-03-23T02:15:54.000Z","volume":96000,"label":" ","price":0.212},{"type":"B","date":"2018-03-23T02:16:07.000Z","volume":48000,"label":" ","price":0.212},{"type":"A","date":"2018-03-23T02:18:21.000Z","volume":40000,"label":" ","price":0.213},{"type":"B","date":"2018-03-23T02:18:56.000Z","volume":72000,"label":" ","price":0.212},{"type":"B","date":"2018-03-23T02:18:56.000Z","volume":96000,"label":" ","price":0.211},{"type":"B","date":"2018-03-23T02:18:56.000Z","volume":152000,"label":" ","price":0.21},{"type":"B","date":"2018-03-23T02:22:53.000Z","volume":88000,"label":" ","price":0.212},{"type":"A","date":"2018-03-23T02:22:53.000Z","volume":8000,"label":" ","price":0.212},{"type":"A","date":"2018-03-23T02:22:53.000Z","volume":40000,"label":" ","price":0.212},{"type":"A","date":"2018-03-23T02:23:00.000Z","volume":40000,"label":" ","price":0.212},{"type":"B","date":"2018-03-23T02:27:44.000Z","volume":48000,"label":" ","price":0.212},{"type":"B","date":"2018-03-23T02:27:44.000Z","volume":48000,"label":" ","price":0.211},{"type":"B","date":"2018-03-23T02:27:44.000Z","volume":8000,"label":" ","price":0.21},{"type":"B","date":"2018-03-23T02:27:50.000Z","volume":104000,"label":" ","price":0.211},{"type":"B","date":"2018-03-23T02:27:50.000Z","volume":1304000,"label":" ","price":0.21},{"type":"A","date":"2018-03-23T02:27:52.000Z","volume":192000,"label":" ","price":0.21},{"type":"A","date":"2018-03-23T02:27:52.000Z","volume":160000,"label":" ","price":0.21},{"type":"A","date":"2018-03-23T02:27:53.000Z","volume":240000,"label":" ","price":0.21},{"type":"B","date":"2018-03-23T02:27:56.000Z","volume":16000,"label":" ","price":0.21},{"type":"B","date":"2018-03-23T02:27:56.000Z","volume":16000,"label":" ","price":0.21},{"type":"A","date":"2018-03-23T02:27:58.000Z","volume":144000,"label":" ","price":0.21},{"type":"A","date":"2018-03-23T02:27:58.000Z","volume":24000,"label":" ","price":0.21},{"type":"A","date":"2018-03-23T02:28:41.000Z","volume":96000,"label":" ","price":0.212},{"type":"B","date":"2018-03-23T02:28:41.000Z","volume":24000,"label":" ","price":0.212},{"type":"A","date":"2018-03-23T02:32:55.000Z","volume":24000,"label":" ","price":0.211},{"type":"A","date":"2018-03-23T02:33:05.000Z","volume":8000,"label":" ","price":0.212},{"type":"B","date":"2018-03-23T02:33:26.000Z","volume":16000,"label":" ","price":0.211},{"type":"A","date":"2018-03-23T02:39:07.000Z","volume":32000,"label":" ","price":0.212},{"type":"B","date":"2018-03-23T02:39:17.000Z","volume":32000,"label":" ","price":0.21},{"type":"B","date":"2018-03-23T02:42:33.000Z","volume":16000,"label":" ","price":0.21},{"type":"B","date":"2018-03-23T02:43:14.000Z","volume":24000,"label":" ","price":0.21},{"type":"A","date":"2018-03-23T02:43:18.000Z","volume":8000,"label":" ","price":0.21},{"type":"B","date":"2018-03-23T02:43:33.000Z","volume":24000,"label":" ","price":0.21},{"type":"U","date":"2018-03-23T02:45:53.000Z","volume":500,"label":"D","price":0.202},{"type":"B","date":"2018-03-23T02:47:08.000Z","volume":184000,"label":" ","price":0.21},{"type":"B","date":"2018-03-23T02:47:08.000Z","volume":248000,"label":" ","price":0.209},{"type":"B","date":"2018-03-23T02:47:08.000Z","volume":8000,"label":" ","price":0.208},{"type":"B","date":"2018-03-23T02:47:08.000Z","volume":8000,"label":" ","price":0.207},{"type":"B","date":"2018-03-23T02:47:08.000Z","volume":88000,"label":" ","price":0.206},{"type":"B","date":"2018-03-23T02:47:08.000Z","volume":408000,"label":" ","price":0.205},{"type":"B","date":"2018-03-23T02:47:08.000Z","volume":64000,"label":" ","price":0.204},{"type":"B","date":"2018-03-23T02:47:08.000Z","volume":40000,"label":" ","price":0.203},{"type":"B","date":"2018-03-23T02:47:08.000Z","volume":800000,"label":" ","price":0.202},{"type":"B","date":"2018-03-23T02:47:08.000Z","volume":656000,"label":" ","price":0.201},{"type":"U","date":"2018-03-23T02:47:08.000Z","volume":40000,"label":" ","price":0.211},{"type":"B","date":"2018-03-23T02:47:39.000Z","volume":48000,"label":" ","price":0.208},{"type":"B","date":"2018-03-23T02:47:39.000Z","volume":16000,"label":" ","price":0.207},{"type":"U","date":"2018-03-23T02:49:50.000Z","volume":8000,"label":" ","price":0.208},{"type":"B","date":"2018-03-23T02:52:38.000Z","volume":144000,"label":" ","price":0.207},{"type":"B","date":"2018-03-23T02:53:13.000Z","volume":24000,"label":" ","price":0.208},{"type":"B","date":"2018-03-23T02:53:44.000Z","volume":8000,"label":" ","price":0.207},{"type":"B","date":"2018-03-23T02:54:14.000Z","volume":88000,"label":" ","price":0.205},{"type":"A","date":"2018-03-23T02:55:59.000Z","volume":32000,"label":" ","price":0.209},{"type":"A","date":"2018-03-23T02:55:59.000Z","volume":48000,"label":" ","price":0.21},{"type":"A","date":"2018-03-23T02:56:13.000Z","volume":64000,"label":" ","price":0.21},{"type":"B","date":"2018-03-23T02:56:15.000Z","volume":16000,"label":" ","price":0.21},{"type":"B","date":"2018-03-23T02:56:48.000Z","volume":80000,"label":" ","price":0.21},{"type":"B","date":"2018-03-23T02:57:04.000Z","volume":8000,"label":"Y","price":0.21},{"type":"B","date":"2018-03-23T02:57:04.000Z","volume":16000,"label":" ","price":0.21},{"type":"A","date":"2018-03-23T02:57:47.000Z","volume":96000,"label":" ","price":0.21},{"type":"B","date":"2018-03-23T03:00:27.000Z","volume":280000,"label":" ","price":0.21},{"type":"B","date":"2018-03-23T03:00:35.000Z","volume":104000,"label":" ","price":0.21},{"type":"A","date":"2018-03-23T03:00:35.000Z","volume":8000,"label":" ","price":0.21},{"type":"B","date":"2018-03-23T03:03:26.000Z","volume":40000,"label":" ","price":0.209},{"type":"B","date":"2018-03-23T03:03:26.000Z","volume":32000,"label":" ","price":0.209},{"type":"A","date":"2018-03-23T03:03:27.000Z","volume":40000,"label":" ","price":0.209},{"type":"A","date":"2018-03-23T03:03:27.000Z","volume":16000,"label":" ","price":0.209},{"type":"A","date":"2018-03-23T03:10:58.000Z","volume":56000,"label":" ","price":0.21},{"type":"U","date":"2018-03-23T03:12:24.000Z","volume":80000,"label":" ","price":0.21},{"type":"A","date":"2018-03-23T03:19:00.000Z","volume":40000,"label":" ","price":0.212},{"type":"A","date":"2018-03-23T03:19:02.000Z","volume":8000,"label":" ","price":0.213},{"type":"B","date":"2018-03-23T03:19:19.000Z","volume":8000,"label":" ","price":0.212},{"type":"A","date":"2018-03-23T03:21:05.000Z","volume":8000,"label":" ","price":0.213},{"type":"A","date":"2018-03-23T03:29:20.000Z","volume":40000,"label":" ","price":0.212},{"type":"B","date":"2018-03-23T03:35:09.000Z","volume":16000,"label":" ","price":0.211},{"type":"A","date":"2018-03-23T03:40:55.000Z","volume":32000,"label":" ","price":0.211},{"type":"A","date":"2018-03-23T03:42:10.000Z","volume":40000,"label":" ","price":0.212},{"type":"A","date":"2018-03-23T03:44:45.000Z","volume":200000,"label":" ","price":0.213},{"type":"A","date":"2018-03-23T03:44:45.000Z","volume":8000,"label":" ","price":0.213},{"type":"A","date":"2018-03-23T03:44:46.000Z","volume":48000,"label":" ","price":0.213},{"type":"A","date":"2018-03-23T03:44:46.000Z","volume":88000,"label":" ","price":0.214},{"type":"A","date":"2018-03-23T03:45:02.000Z","volume":48000,"label":" ","price":0.214},{"type":"A","date":"2018-03-23T03:45:05.000Z","volume":8000,"label":" ","price":0.215},{"type":"A","date":"2018-03-23T03:47:30.000Z","volume":8000,"label":" ","price":0.215},{"type":"A","date":"2018-03-23T03:52:54.000Z","volume":104000,"label":" ","price":0.213},{"type":"B","date":"2018-03-23T03:55:11.000Z","volume":72000,"label":" ","price":0.212},{"type":"B","date":"2018-03-23T03:57:08.000Z","volume":40000,"label":" ","price":0.211},{"type":"A","date":"2018-03-23T03:57:08.000Z","volume":32000,"label":" ","price":0.211},{"type":"A","date":"2018-03-23T03:57:08.000Z","volume":48000,"label":" ","price":0.211},{"type":"A","date":"2018-03-23T03:57:10.000Z","volume":8000,"label":" ","price":0.213},{"type":"A","date":"2018-03-23T05:00:03.000Z","volume":32000,"label":" ","price":0.213},{"type":"B","date":"2018-03-23T05:01:03.000Z","volume":80000,"label":" ","price":0.212},{"type":"B","date":"2018-03-23T05:05:45.000Z","volume":24000,"label":" ","price":0.212},{"type":"U","date":"2018-03-23T05:06:35.000Z","volume":3000,"label":"D","price":0.208},{"type":"B","date":"2018-03-23T05:12:55.000Z","volume":16000,"label":"Y","price":0.212},{"type":"B","date":"2018-03-23T05:12:55.000Z","volume":48000,"label":" ","price":0.212},{"type":"A","date":"2018-03-23T05:12:57.000Z","volume":8000,"label":" ","price":0.212},{"type":"A","date":"2018-03-23T05:15:56.000Z","volume":200000,"label":" ","price":0.212},{"type":"B","date":"2018-03-23T05:17:06.000Z","volume":56000,"label":"Y","price":0.212},{"type":"B","date":"2018-03-23T05:17:06.000Z","volume":24000,"label":" ","price":0.212},{"type":"A","date":"2018-03-23T05:17:07.000Z","volume":8000,"label":" ","price":0.213},{"type":"B","date":"2018-03-23T05:18:03.000Z","volume":8000,"label":" ","price":0.212},{"type":"B","date":"2018-03-23T05:18:43.000Z","volume":8000,"label":" ","price":0.211},{"type":"B","date":"2018-03-23T05:24:48.000Z","volume":48000,"label":" ","price":0.211},{"type":"A","date":"2018-03-23T05:27:06.000Z","volume":280000,"label":" ","price":0.211},{"type":"A","date":"2018-03-23T05:27:06.000Z","volume":328000,"label":" ","price":0.212},{"type":"A","date":"2018-03-23T05:27:06.000Z","volume":504000,"label":"Y","price":0.213},{"type":"A","date":"2018-03-23T05:27:06.000Z","volume":80000,"label":" ","price":0.213},{"type":"A","date":"2018-03-23T05:27:06.000Z","volume":416000,"label":" ","price":0.214},{"type":"A","date":"2018-03-23T05:27:06.000Z","volume":224000,"label":" ","price":0.215},{"type":"A","date":"2018-03-23T05:27:26.000Z","volume":40000,"label":" ","price":0.215},{"type":"A","date":"2018-03-23T05:27:47.000Z","volume":8000,"label":" ","price":0.217},{"type":"A","date":"2018-03-23T05:30:12.000Z","volume":16000,"label":" ","price":0.216},{"type":"A","date":"2018-03-23T05:30:12.000Z","volume":40000,"label":" ","price":0.215},{"type":"B","date":"2018-03-23T05:30:44.000Z","volume":24000,"label":" ","price":0.214},{"type":"A","date":"2018-03-23T05:31:14.000Z","volume":72000,"label":" ","price":0.214},{"type":"B","date":"2018-03-23T05:41:25.000Z","volume":136000,"label":" ","price":0.213},{"type":"A","date":"2018-03-23T05:41:25.000Z","volume":8000,"label":" ","price":0.214},{"type":"B","date":"2018-03-23T05:43:55.000Z","volume":40000,"label":" ","price":0.213},{"type":"A","date":"2018-03-23T05:48:01.000Z","volume":8000,"label":" ","price":0.213},{"type":"A","date":"2018-03-23T05:48:03.000Z","volume":24000,"label":" ","price":0.214},{"type":"A","date":"2018-03-23T05:48:10.000Z","volume":16000,"label":" ","price":0.214},{"type":"A","date":"2018-03-23T05:48:13.000Z","volume":8000,"label":" ","price":0.214},{"type":"B","date":"2018-03-23T05:59:22.000Z","volume":8000,"label":" ","price":0.213},{"type":"B","date":"2018-03-23T05:59:22.000Z","volume":24000,"label":" ","price":0.211},{"type":"B","date":"2018-03-23T06:03:51.000Z","volume":16000,"label":" ","price":0.211},{"type":"A","date":"2018-03-23T06:04:30.000Z","volume":16000,"label":" ","price":0.212},{"type":"B","date":"2018-03-23T06:11:09.000Z","volume":8000,"label":" ","price":0.212},{"type":"B","date":"2018-03-23T06:13:19.000Z","volume":32000,"label":" ","price":0.211},{"type":"B","date":"2018-03-23T06:18:43.000Z","volume":8000,"label":" ","price":0.212},{"type":"B","date":"2018-03-23T06:19:41.000Z","volume":80000,"label":" ","price":0.211},{"type":"B","date":"2018-03-23T06:20:54.000Z","volume":24000,"label":" ","price":0.211},{"type":"B","date":"2018-03-23T06:22:24.000Z","volume":80000,"label":" ","price":0.211},{"type":"A","date":"2018-03-23T06:49:01.000Z","volume":136000,"label":" ","price":0.211},{"type":"B","date":"2018-03-23T06:50:24.000Z","volume":104000,"label":" ","price":0.211},{"type":"B","date":"2018-03-23T06:50:24.000Z","volume":296000,"label":" ","price":0.21},{"type":"A","date":"2018-03-23T06:50:24.000Z","volume":24000,"label":" ","price":0.212},{"type":"A","date":"2018-03-23T06:54:20.000Z","volume":136000,"label":" ","price":0.212},{"type":"A","date":"2018-03-23T06:54:20.000Z","volume":32000,"label":" ","price":0.212},{"type":"B","date":"2018-03-23T06:57:43.000Z","volume":40000,"label":" ","price":0.212},{"type":"B","date":"2018-03-23T06:59:37.000Z","volume":8000,"label":" ","price":0.212},{"type":"A","date":"2018-03-23T06:59:44.000Z","volume":8000,"label":" ","price":0.212},{"type":"B","date":"2018-03-23T07:00:07.000Z","volume":8000,"label":" ","price":0.212},{"type":"B","date":"2018-03-23T07:01:12.000Z","volume":352000,"label":" ","price":0.211},{"type":"B","date":"2018-03-23T07:01:12.000Z","volume":16000,"label":" ","price":0.211},{"type":"B","date":"2018-03-23T07:01:12.000Z","volume":112000,"label":" ","price":0.211},{"type":"A","date":"2018-03-23T07:01:17.000Z","volume":80000,"label":" ","price":0.211},{"type":"B","date":"2018-03-23T07:01:36.000Z","volume":8000,"label":" ","price":0.211},{"type":"B","date":"2018-03-23T07:01:53.000Z","volume":8000,"label":" ","price":0.211},{"type":"B","date":"2018-03-23T07:09:49.000Z","volume":8000,"label":" ","price":0.212},{"type":"A","date":"2018-03-23T07:09:49.000Z","volume":8000,"label":" ","price":0.213},{"type":"A","date":"2018-03-23T07:21:14.000Z","volume":8000,"label":" ","price":0.213},{"type":"B","date":"2018-03-23T07:24:13.000Z","volume":72000,"label":" ","price":0.212},{"type":"B","date":"2018-03-23T07:26:51.000Z","volume":104000,"label":" ","price":0.211},{"type":"A","date":"2018-03-23T07:26:51.000Z","volume":8000,"label":" ","price":0.211},{"type":"A","date":"2018-03-23T07:26:55.000Z","volume":8000,"label":" ","price":0.211},{"type":"A","date":"2018-03-23T07:31:52.000Z","volume":232000,"label":" ","price":0.212},{"type":"A","date":"2018-03-23T07:31:52.000Z","volume":320000,"label":" ","price":0.213},{"type":"A","date":"2018-03-23T07:31:52.000Z","volume":120000,"label":"Y","price":0.214},{"type":"A","date":"2018-03-23T07:31:52.000Z","volume":120000,"label":" ","price":0.215},{"type":"B","date":"2018-03-23T07:31:52.000Z","volume":16000,"label":"Y","price":0.215},{"type":"B","date":"2018-03-23T07:31:52.000Z","volume":8000,"label":" ","price":0.215},{"type":"A","date":"2018-03-23T07:36:46.000Z","volume":208000,"label":" ","price":0.214},{"type":"B","date":"2018-03-23T07:36:46.000Z","volume":80000,"label":" ","price":0.214},{"type":"A","date":"2018-03-23T07:36:48.000Z","volume":16000,"label":" ","price":0.215},{"type":"B","date":"2018-03-23T07:39:26.000Z","volume":24000,"label":" ","price":0.213},{"type":"B","date":"2018-03-23T07:39:59.000Z","volume":16000,"label":" ","price":0.213},{"type":"B","date":"2018-03-23T07:49:29.000Z","volume":8000,"label":" ","price":0.211},{"type":"B","date":"2018-03-23T07:50:01.000Z","volume":152000,"label":" ","price":0.211},{"type":"A","date":"2018-03-23T07:50:01.000Z","volume":24000,"label":" ","price":0.211},{"type":"A","date":"2018-03-23T07:50:01.000Z","volume":8000,"label":" ","price":0.211},{"type":"A","date":"2018-03-23T07:50:01.000Z","volume":80000,"label":" ","price":0.211},{"type":"A","date":"2018-03-23T07:50:15.000Z","volume":136000,"label":" ","price":0.211},{"type":"A","date":"2018-03-23T07:51:59.000Z","volume":200000,"label":" ","price":0.213},{"type":"A","date":"2018-03-23T07:51:59.000Z","volume":8000,"label":" ","price":0.213},{"type":"B","date":"2018-03-23T07:53:55.000Z","volume":48000,"label":" ","price":0.212},{"type":"A","date":"2018-03-23T07:57:16.000Z","volume":320000,"label":" ","price":0.212},{"type":"A","date":"2018-03-23T07:57:16.000Z","volume":368000,"label":" ","price":0.213},{"type":"A","date":"2018-03-23T07:57:16.000Z","volume":400000,"label":" ","price":0.214},{"type":"A","date":"2018-03-23T07:57:16.000Z","volume":352000,"label":" ","price":0.215},{"type":"A","date":"2018-03-23T07:57:17.000Z","volume":8000,"label":" ","price":0.215},{"type":"A","date":"2018-03-23T07:57:18.000Z","volume":8000,"label":"Y","price":0.215},{"type":"A","date":"2018-03-23T07:57:20.000Z","volume":32000,"label":"Y","price":0.215},{"type":"A","date":"2018-03-23T07:58:24.000Z","volume":16000,"label":" ","price":0.215},{"type":"B","date":"2018-03-23T07:58:24.000Z","volume":24000,"label":" ","price":0.215},{"type":"A","date":"2018-03-23T07:59:41.000Z","volume":48000,"label":" ","price":0.213},{"type":"A","date":"2018-03-23T07:59:41.000Z","volume":8000,"label":" ","price":0.213}]