[{"type":"A","date":"2018-03-29T01:36:12.000Z","volume":200000,"label":" ","price":0.99},{"type":"A","date":"2018-03-29T01:36:59.000Z","volume":300000,"label":" ","price":0.99},{"type":"B","date":"2018-03-29T01:39:04.000Z","volume":280000,"label":" ","price":0.98},{"type":"B","date":"2018-03-29T01:42:47.000Z","volume":20000,"label":" ","price":0.97},{"type":"B","date":"2018-03-29T01:44:08.000Z","volume":20000,"label":" ","price":0.96},{"type":"B","date":"2018-03-29T01:45:35.000Z","volume":100000,"label":" ","price":0.95},{"type":"A","date":"2018-03-29T01:45:40.000Z","volume":240000,"label":" ","price":0.96},{"type":"A","date":"2018-03-29T01:46:57.000Z","volume":280000,"label":" ","price":0.96},{"type":"A","date":"2018-03-29T01:47:45.000Z","volume":20000,"label":" ","price":0.95},{"type":"B","date":"2018-03-29T01:47:48.000Z","volume":80000,"label":" ","price":0.95},{"type":"A","date":"2018-03-29T01:49:40.000Z","volume":360000,"label":" ","price":0.96},{"type":"A","date":"2018-03-29T01:57:51.000Z","volume":40000,"label":" ","price":0.96},{"type":"B","date":"2018-03-29T02:01:18.000Z","volume":80000,"label":" ","price":0.95},{"type":"B","date":"2018-03-29T02:02:53.000Z","volume":20000,"label":" ","price":0.94},{"type":"A","date":"2018-03-29T02:04:46.000Z","volume":200000,"label":" ","price":0.94},{"type":"A","date":"2018-03-29T02:05:00.000Z","volume":220000,"label":" ","price":0.94},{"type":"A","date":"2018-03-29T02:05:17.000Z","volume":20000,"label":" ","price":0.94},{"type":"A","date":"2018-03-29T02:05:18.000Z","volume":260000,"label":" ","price":0.94},{"type":"B","date":"2018-03-29T02:05:24.000Z","volume":20000,"label":" ","price":0.94},{"type":"U","date":"2018-03-29T02:05:53.000Z","volume":130,"label":"D","price":0.879},{"type":"A","date":"2018-03-29T02:06:34.000Z","volume":140000,"label":" ","price":0.95},{"type":"A","date":"2018-03-29T02:07:55.000Z","volume":200000,"label":" ","price":0.94},{"type":"B","date":"2018-03-29T02:08:28.000Z","volume":80000,"label":" ","price":0.93},{"type":"A","date":"2018-03-29T02:08:32.000Z","volume":320000,"label":" ","price":0.94},{"type":"A","date":"2018-03-29T02:09:15.000Z","volume":100000,"label":" ","price":0.94},{"type":"U","date":"2018-03-29T02:09:27.000Z","volume":20000,"label":" ","price":0.94},{"type":"B","date":"2018-03-29T02:10:33.000Z","volume":20000,"label":" ","price":0.93},{"type":"B","date":"2018-03-29T02:12:05.000Z","volume":20000,"label":" ","price":0.92},{"type":"B","date":"2018-03-29T02:12:58.000Z","volume":40000,"label":" ","price":0.92},{"type":"A","date":"2018-03-29T02:13:54.000Z","volume":200000,"label":" ","price":0.93},{"type":"A","date":"2018-03-29T02:17:06.000Z","volume":340000,"label":" ","price":0.93},{"type":"A","date":"2018-03-29T02:18:12.000Z","volume":200000,"label":" ","price":0.93},{"type":"U","date":"2018-03-29T02:19:06.000Z","volume":20000,"label":" ","price":0.92},{"type":"B","date":"2018-03-29T02:19:59.000Z","volume":20000,"label":" ","price":0.91},{"type":"B","date":"2018-03-29T02:22:49.000Z","volume":60000,"label":" ","price":0.91},{"type":"B","date":"2018-03-29T02:23:19.000Z","volume":100000,"label":" ","price":0.91},{"type":"U","date":"2018-03-29T02:24:34.000Z","volume":100000,"label":" ","price":0.92},{"type":"B","date":"2018-03-29T02:26:15.000Z","volume":60000,"label":" ","price":0.91},{"type":"B","date":"2018-03-29T02:27:26.000Z","volume":40000,"label":" ","price":0.9},{"type":"B","date":"2018-03-29T02:27:36.000Z","volume":40000,"label":" ","price":0.89},{"type":"B","date":"2018-03-29T02:27:56.000Z","volume":60000,"label":" ","price":0.88},{"type":"A","date":"2018-03-29T02:27:59.000Z","volume":40000,"label":" ","price":0.88},{"type":"A","date":"2018-03-29T02:28:31.000Z","volume":20000,"label":" ","price":0.9},{"type":"A","date":"2018-03-29T02:28:31.000Z","volume":120000,"label":" ","price":0.91},{"type":"B","date":"2018-03-29T02:28:37.000Z","volume":20000,"label":" ","price":0.91},{"type":"B","date":"2018-03-29T02:28:37.000Z","volume":40000,"label":" ","price":0.91},{"type":"A","date":"2018-03-29T02:29:00.000Z","volume":20000,"label":" ","price":0.91},{"type":"A","date":"2018-03-29T02:29:30.000Z","volume":20000,"label":" ","price":0.91},{"type":"B","date":"2018-03-29T02:30:04.000Z","volume":80000,"label":" ","price":0.91},{"type":"A","date":"2018-03-29T02:30:58.000Z","volume":300000,"label":" ","price":0.91},{"type":"A","date":"2018-03-29T02:31:13.000Z","volume":300000,"label":" ","price":0.91},{"type":"A","date":"2018-03-29T02:32:41.000Z","volume":200000,"label":" ","price":0.91},{"type":"A","date":"2018-03-29T02:32:54.000Z","volume":220000,"label":" ","price":0.91},{"type":"A","date":"2018-03-29T02:34:04.000Z","volume":160000,"label":" ","price":0.92},{"type":"B","date":"2018-03-29T02:34:15.000Z","volume":40000,"label":" ","price":0.91},{"type":"B","date":"2018-03-29T02:35:19.000Z","volume":200000,"label":" ","price":0.92},{"type":"B","date":"2018-03-29T02:36:25.000Z","volume":20000,"label":" ","price":0.93},{"type":"B","date":"2018-03-29T02:36:40.000Z","volume":140000,"label":" ","price":0.92},{"type":"B","date":"2018-03-29T02:37:45.000Z","volume":40000,"label":" ","price":0.92},{"type":"A","date":"2018-03-29T02:38:37.000Z","volume":200000,"label":" ","price":0.93},{"type":"A","date":"2018-03-29T02:38:44.000Z","volume":200000,"label":" ","price":0.93},{"type":"B","date":"2018-03-29T02:39:47.000Z","volume":120000,"label":" ","price":0.92},{"type":"A","date":"2018-03-29T02:43:45.000Z","volume":20000,"label":" ","price":0.94},{"type":"A","date":"2018-03-29T02:45:03.000Z","volume":300000,"label":" ","price":0.95},{"type":"A","date":"2018-03-29T02:45:30.000Z","volume":20000,"label":" ","price":0.95},{"type":"B","date":"2018-03-29T02:45:46.000Z","volume":40000,"label":" ","price":0.94},{"type":"B","date":"2018-03-29T02:45:46.000Z","volume":80000,"label":" ","price":0.94},{"type":"A","date":"2018-03-29T02:46:16.000Z","volume":360000,"label":" ","price":0.95},{"type":"B","date":"2018-03-29T02:50:02.000Z","volume":20000,"label":" ","price":0.93},{"type":"A","date":"2018-03-29T02:50:09.000Z","volume":60000,"label":" ","price":0.95},{"type":"B","date":"2018-03-29T02:50:53.000Z","volume":20000,"label":" ","price":0.94},{"type":"A","date":"2018-03-29T02:51:34.000Z","volume":20000,"label":" ","price":0.94},{"type":"A","date":"2018-03-29T02:51:34.000Z","volume":480000,"label":" ","price":0.95},{"type":"A","date":"2018-03-29T02:56:02.000Z","volume":200000,"label":" ","price":0.95},{"type":"B","date":"2018-03-29T02:56:32.000Z","volume":80000,"label":" ","price":0.94},{"type":"A","date":"2018-03-29T02:59:12.000Z","volume":300000,"label":" ","price":0.94},{"type":"A","date":"2018-03-29T02:59:47.000Z","volume":200000,"label":" ","price":0.94},{"type":"A","date":"2018-03-29T03:00:27.000Z","volume":200000,"label":" ","price":0.94},{"type":"A","date":"2018-03-29T03:00:42.000Z","volume":20000,"label":" ","price":0.94},{"type":"A","date":"2018-03-29T03:01:53.000Z","volume":240000,"label":" ","price":0.94},{"type":"A","date":"2018-03-29T03:02:18.000Z","volume":260000,"label":" ","price":0.94},{"type":"A","date":"2018-03-29T03:04:41.000Z","volume":300000,"label":" ","price":0.94},{"type":"A","date":"2018-03-29T03:04:41.000Z","volume":20000,"label":" ","price":0.94},{"type":"A","date":"2018-03-29T03:07:08.000Z","volume":220000,"label":" ","price":0.94},{"type":"A","date":"2018-03-29T03:07:41.000Z","volume":280000,"label":" ","price":0.94},{"type":"A","date":"2018-03-29T03:07:41.000Z","volume":40000,"label":" ","price":0.94},{"type":"A","date":"2018-03-29T03:09:52.000Z","volume":200000,"label":" ","price":0.94},{"type":"A","date":"2018-03-29T03:10:41.000Z","volume":300000,"label":" ","price":0.94},{"type":"A","date":"2018-03-29T03:11:18.000Z","volume":200000,"label":" ","price":0.94},{"type":"A","date":"2018-03-29T03:11:53.000Z","volume":300000,"label":" ","price":0.94},{"type":"A","date":"2018-03-29T03:11:53.000Z","volume":100000,"label":" ","price":0.94},{"type":"B","date":"2018-03-29T03:15:29.000Z","volume":20000,"label":" ","price":0.94},{"type":"A","date":"2018-03-29T03:16:25.000Z","volume":20000,"label":" ","price":0.95},{"type":"B","date":"2018-03-29T03:17:12.000Z","volume":100000,"label":" ","price":0.94},{"type":"B","date":"2018-03-29T03:20:21.000Z","volume":40000,"label":" ","price":0.94},{"type":"A","date":"2018-03-29T03:21:33.000Z","volume":400000,"label":" ","price":0.94},{"type":"A","date":"2018-03-29T03:22:31.000Z","volume":400000,"label":" ","price":0.94},{"type":"A","date":"2018-03-29T03:23:30.000Z","volume":220000,"label":" ","price":0.94},{"type":"A","date":"2018-03-29T03:23:36.000Z","volume":280000,"label":" ","price":0.94},{"type":"A","date":"2018-03-29T03:24:29.000Z","volume":200000,"label":" ","price":0.94},{"type":"A","date":"2018-03-29T03:24:53.000Z","volume":300000,"label":" ","price":0.94},{"type":"A","date":"2018-03-29T03:27:57.000Z","volume":60000,"label":" ","price":0.94},{"type":"A","date":"2018-03-29T03:28:17.000Z","volume":220000,"label":" ","price":0.94},{"type":"A","date":"2018-03-29T03:28:17.000Z","volume":20000,"label":" ","price":0.94},{"type":"A","date":"2018-03-29T03:29:53.000Z","volume":300000,"label":" ","price":0.94},{"type":"A","date":"2018-03-29T03:30:49.000Z","volume":200000,"label":" ","price":0.94},{"type":"A","date":"2018-03-29T03:31:19.000Z","volume":120000,"label":" ","price":0.94},{"type":"B","date":"2018-03-29T03:31:46.000Z","volume":80000,"label":" ","price":0.94},{"type":"A","date":"2018-03-29T03:35:33.000Z","volume":300000,"label":" ","price":0.94},{"type":"A","date":"2018-03-29T03:35:33.000Z","volume":40000,"label":" ","price":0.94},{"type":"B","date":"2018-03-29T03:37:39.000Z","volume":340000,"label":" ","price":0.93},{"type":"B","date":"2018-03-29T03:37:39.000Z","volume":220000,"label":" ","price":0.92},{"type":"B","date":"2018-03-29T03:37:39.000Z","volume":60000,"label":" ","price":0.92},{"type":"B","date":"2018-03-29T03:37:44.000Z","volume":200000,"label":" ","price":0.92},{"type":"B","date":"2018-03-29T03:37:47.000Z","volume":20000,"label":" ","price":0.92},{"type":"B","date":"2018-03-29T03:37:53.000Z","volume":20000,"label":" ","price":0.92},{"type":"B","date":"2018-03-29T03:38:02.000Z","volume":20000,"label":" ","price":0.91},{"type":"B","date":"2018-03-29T03:39:22.000Z","volume":160000,"label":" ","price":0.91},{"type":"B","date":"2018-03-29T03:39:33.000Z","volume":20000,"label":" ","price":0.91},{"type":"B","date":"2018-03-29T03:40:09.000Z","volume":100000,"label":" ","price":0.9},{"type":"B","date":"2018-03-29T03:40:16.000Z","volume":240000,"label":" ","price":0.9},{"type":"B","date":"2018-03-29T03:40:23.000Z","volume":20000,"label":" ","price":0.89},{"type":"B","date":"2018-03-29T03:41:21.000Z","volume":60000,"label":" ","price":0.89},{"type":"B","date":"2018-03-29T03:41:37.000Z","volume":60000,"label":" ","price":0.89},{"type":"B","date":"2018-03-29T03:41:37.000Z","volume":60000,"label":" ","price":0.88},{"type":"A","date":"2018-03-29T03:43:03.000Z","volume":100000,"label":" ","price":0.88},{"type":"A","date":"2018-03-29T03:43:12.000Z","volume":500000,"label":" ","price":0.88},{"type":"A","date":"2018-03-29T03:43:13.000Z","volume":100000,"label":" ","price":0.88},{"type":"A","date":"2018-03-29T03:43:13.000Z","volume":20000,"label":" ","price":0.88},{"type":"A","date":"2018-03-29T03:43:14.000Z","volume":20000,"label":" ","price":0.88},{"type":"A","date":"2018-03-29T03:43:14.000Z","volume":20000,"label":" ","price":0.88},{"type":"A","date":"2018-03-29T03:43:14.000Z","volume":20000,"label":" ","price":0.88},{"type":"A","date":"2018-03-29T03:43:14.000Z","volume":40000,"label":" ","price":0.88},{"type":"A","date":"2018-03-29T03:43:16.000Z","volume":240000,"label":" ","price":0.88},{"type":"A","date":"2018-03-29T03:43:16.000Z","volume":100000,"label":" ","price":0.88},{"type":"A","date":"2018-03-29T03:43:16.000Z","volume":80000,"label":" ","price":0.88},{"type":"A","date":"2018-03-29T03:43:17.000Z","volume":20000,"label":" ","price":0.88},{"type":"A","date":"2018-03-29T03:43:17.000Z","volume":220000,"label":" ","price":0.88},{"type":"U","date":"2018-03-29T03:45:16.000Z","volume":5000,"label":"D","price":0.84},{"type":"B","date":"2018-03-29T03:45:51.000Z","volume":60000,"label":" ","price":0.89},{"type":"A","date":"2018-03-29T03:46:25.000Z","volume":20000,"label":" ","price":0.9},{"type":"U","date":"2018-03-29T03:47:12.000Z","volume":20000,"label":" ","price":0.9},{"type":"A","date":"2018-03-29T03:47:56.000Z","volume":40000,"label":" ","price":0.9},{"type":"U","date":"2018-03-29T03:49:14.000Z","volume":20000,"label":" ","price":0.9},{"type":"A","date":"2018-03-29T03:49:33.000Z","volume":20000,"label":" ","price":0.91},{"type":"A","date":"2018-03-29T03:50:21.000Z","volume":20000,"label":" ","price":0.91},{"type":"U","date":"2018-03-29T03:54:56.000Z","volume":10000,"label":"D","price":0.88},{"type":"B","date":"2018-03-29T03:58:40.000Z","volume":40000,"label":" ","price":0.89},{"type":"B","date":"2018-03-29T03:58:41.000Z","volume":20000,"label":" ","price":0.89},{"type":"B","date":"2018-03-29T05:00:03.000Z","volume":20000,"label":" ","price":0.89},{"type":"B","date":"2018-03-29T05:00:05.000Z","volume":120000,"label":" ","price":0.89},{"type":"A","date":"2018-03-29T05:01:59.000Z","volume":100000,"label":" ","price":0.9},{"type":"U","date":"2018-03-29T05:02:17.000Z","volume":1000,"label":"D","price":0.85},{"type":"A","date":"2018-03-29T05:04:00.000Z","volume":40000,"label":" ","price":0.9},{"type":"A","date":"2018-03-29T05:04:36.000Z","volume":40000,"label":" ","price":0.9},{"type":"B","date":"2018-03-29T05:18:10.000Z","volume":100000,"label":" ","price":0.89},{"type":"A","date":"2018-03-29T05:18:13.000Z","volume":20000,"label":" ","price":0.89},{"type":"A","date":"2018-03-29T05:18:19.000Z","volume":20000,"label":" ","price":0.89},{"type":"B","date":"2018-03-29T05:18:21.000Z","volume":20000,"label":" ","price":0.88},{"type":"B","date":"2018-03-29T05:18:21.000Z","volume":20000,"label":" ","price":0.88},{"type":"A","date":"2018-03-29T05:19:25.000Z","volume":100000,"label":" ","price":0.89},{"type":"B","date":"2018-03-29T05:22:04.000Z","volume":60000,"label":" ","price":0.88},{"type":"B","date":"2018-03-29T05:22:27.000Z","volume":100000,"label":" ","price":0.87},{"type":"A","date":"2018-03-29T05:22:30.000Z","volume":80000,"label":" ","price":0.87},{"type":"A","date":"2018-03-29T05:22:36.000Z","volume":20000,"label":" ","price":0.87},{"type":"A","date":"2018-03-29T05:22:37.000Z","volume":300000,"label":" ","price":0.87},{"type":"A","date":"2018-03-29T05:22:37.000Z","volume":80000,"label":" ","price":0.87},{"type":"U","date":"2018-03-29T05:22:38.000Z","volume":60000,"label":" ","price":0.89},{"type":"B","date":"2018-03-29T05:27:07.000Z","volume":100000,"label":" ","price":0.88},{"type":"A","date":"2018-03-29T05:32:07.000Z","volume":20000,"label":" ","price":0.89},{"type":"A","date":"2018-03-29T05:33:31.000Z","volume":60000,"label":" ","price":0.9},{"type":"B","date":"2018-03-29T05:33:39.000Z","volume":20000,"label":" ","price":0.9},{"type":"B","date":"2018-03-29T05:33:39.000Z","volume":140000,"label":" ","price":0.9},{"type":"A","date":"2018-03-29T05:35:00.000Z","volume":100000,"label":" ","price":0.89},{"type":"A","date":"2018-03-29T05:37:39.000Z","volume":20000,"label":" ","price":0.88},{"type":"B","date":"2018-03-29T05:38:01.000Z","volume":100000,"label":"Y","price":0.87},{"type":"B","date":"2018-03-29T05:38:01.000Z","volume":20000,"label":" ","price":0.87},{"type":"A","date":"2018-03-29T05:38:04.000Z","volume":40000,"label":" ","price":0.87},{"type":"A","date":"2018-03-29T05:38:04.000Z","volume":40000,"label":" ","price":0.87},{"type":"B","date":"2018-03-29T05:40:55.000Z","volume":60000,"label":" ","price":0.86},{"type":"U","date":"2018-03-29T05:41:05.000Z","volume":3000,"label":"D","price":0.82},{"type":"A","date":"2018-03-29T05:41:31.000Z","volume":20000,"label":" ","price":0.88},{"type":"A","date":"2018-03-29T05:41:31.000Z","volume":80000,"label":" ","price":0.89},{"type":"A","date":"2018-03-29T05:52:56.000Z","volume":100000,"label":" ","price":0.9},{"type":"B","date":"2018-03-29T06:00:51.000Z","volume":40000,"label":" ","price":0.89},{"type":"A","date":"2018-03-29T06:04:06.000Z","volume":100000,"label":" ","price":0.89},{"type":"A","date":"2018-03-29T06:08:10.000Z","volume":120000,"label":" ","price":0.89},{"type":"B","date":"2018-03-29T06:19:51.000Z","volume":40000,"label":" ","price":0.88},{"type":"B","date":"2018-03-29T06:20:46.000Z","volume":80000,"label":" ","price":0.87},{"type":"B","date":"2018-03-29T06:20:50.000Z","volume":20000,"label":" ","price":0.86},{"type":"B","date":"2018-03-29T06:21:31.000Z","volume":120000,"label":" ","price":0.86},{"type":"B","date":"2018-03-29T06:21:31.000Z","volume":120000,"label":" ","price":0.85},{"type":"B","date":"2018-03-29T06:22:30.000Z","volume":120000,"label":" ","price":0.85},{"type":"A","date":"2018-03-29T06:22:41.000Z","volume":20000,"label":" ","price":0.85},{"type":"A","date":"2018-03-29T06:22:52.000Z","volume":40000,"label":" ","price":0.86},{"type":"A","date":"2018-03-29T06:22:52.000Z","volume":20000,"label":" ","price":0.86},{"type":"A","date":"2018-03-29T06:24:51.000Z","volume":20000,"label":" ","price":0.87},{"type":"A","date":"2018-03-29T06:27:35.000Z","volume":80000,"label":" ","price":0.87},{"type":"B","date":"2018-03-29T06:43:43.000Z","volume":100000,"label":" ","price":0.86},{"type":"A","date":"2018-03-29T06:48:10.000Z","volume":120000,"label":" ","price":0.86},{"type":"B","date":"2018-03-29T06:48:25.000Z","volume":20000,"label":" ","price":0.86},{"type":"A","date":"2018-03-29T06:56:04.000Z","volume":60000,"label":" ","price":0.86},{"type":"A","date":"2018-03-29T06:56:44.000Z","volume":80000,"label":" ","price":0.86},{"type":"B","date":"2018-03-29T06:58:51.000Z","volume":80000,"label":" ","price":0.86},{"type":"A","date":"2018-03-29T07:01:30.000Z","volume":120000,"label":" ","price":0.86},{"type":"A","date":"2018-03-29T07:02:31.000Z","volume":180000,"label":" ","price":0.86},{"type":"A","date":"2018-03-29T07:02:42.000Z","volume":100000,"label":" ","price":0.86},{"type":"B","date":"2018-03-29T07:05:09.000Z","volume":100000,"label":" ","price":0.86},{"type":"B","date":"2018-03-29T07:07:52.000Z","volume":20000,"label":" ","price":0.86},{"type":"A","date":"2018-03-29T07:19:08.000Z","volume":20000,"label":" ","price":0.86},{"type":"B","date":"2018-03-29T07:19:09.000Z","volume":380000,"label":" ","price":0.85},{"type":"A","date":"2018-03-29T07:19:48.000Z","volume":120000,"label":" ","price":0.85},{"type":"A","date":"2018-03-29T07:20:52.000Z","volume":20000,"label":" ","price":0.85},{"type":"B","date":"2018-03-29T07:26:26.000Z","volume":20000,"label":" ","price":0.85},{"type":"A","date":"2018-03-29T07:26:38.000Z","volume":20000,"label":" ","price":0.85},{"type":"A","date":"2018-03-29T07:26:38.000Z","volume":40000,"label":" ","price":0.86},{"type":"A","date":"2018-03-29T07:27:17.000Z","volume":20000,"label":" ","price":0.86},{"type":"B","date":"2018-03-29T07:29:51.000Z","volume":20000,"label":" ","price":0.86},{"type":"U","date":"2018-03-29T07:33:08.000Z","volume":70,"label":"D","price":0.82},{"type":"B","date":"2018-03-29T07:35:19.000Z","volume":140000,"label":" ","price":0.85},{"type":"A","date":"2018-03-29T07:35:53.000Z","volume":20000,"label":" ","price":0.85},{"type":"B","date":"2018-03-29T07:36:19.000Z","volume":140000,"label":" ","price":0.84},{"type":"B","date":"2018-03-29T07:38:15.000Z","volume":300000,"label":" ","price":0.83},{"type":"B","date":"2018-03-29T07:41:54.000Z","volume":120000,"label":" ","price":0.83},{"type":"B","date":"2018-03-29T07:46:09.000Z","volume":120000,"label":" ","price":0.82},{"type":"B","date":"2018-03-29T07:53:02.000Z","volume":20000,"label":" ","price":0.82},{"type":"A","date":"2018-03-29T07:53:02.000Z","volume":40000,"label":" ","price":0.83},{"type":"B","date":"2018-03-29T07:54:23.000Z","volume":20000,"label":" ","price":0.82},{"type":"B","date":"2018-03-29T07:54:23.000Z","volume":60000,"label":" ","price":0.81},{"type":"B","date":"2018-03-29T07:54:23.000Z","volume":120000,"label":" ","price":0.8},{"type":"A","date":"2018-03-29T07:54:26.000Z","volume":20000,"label":" ","price":0.8},{"type":"A","date":"2018-03-29T07:54:26.000Z","volume":20000,"label":" ","price":0.8},{"type":"A","date":"2018-03-29T07:54:37.000Z","volume":60000,"label":" ","price":0.82},{"type":"B","date":"2018-03-29T07:54:41.000Z","volume":20000,"label":" ","price":0.82},{"type":"B","date":"2018-03-29T07:55:36.000Z","volume":20000,"label":" ","price":0.82},{"type":"B","date":"2018-03-29T07:59:05.000Z","volume":20000,"label":" ","price":0.83}]