[{"type":"B","date":"2018-04-17T01:30:02.000Z","volume":23500,"label":" ","price":8.53},{"type":"B","date":"2018-04-17T01:30:02.000Z","volume":6500,"label":" ","price":8.52},{"type":"B","date":"2018-04-17T01:30:23.000Z","volume":2500,"label":" ","price":8.52},{"type":"B","date":"2018-04-17T01:30:53.000Z","volume":500,"label":" ","price":8.54},{"type":"B","date":"2018-04-17T01:31:06.000Z","volume":4000,"label":" ","price":8.55},{"type":"B","date":"2018-04-17T01:32:04.000Z","volume":3000,"label":" ","price":8.55},{"type":"B","date":"2018-04-17T01:32:05.000Z","volume":500,"label":" ","price":8.55},{"type":"B","date":"2018-04-17T01:32:05.000Z","volume":4500,"label":" ","price":8.55},{"type":"B","date":"2018-04-17T01:32:25.000Z","volume":2000,"label":"Y","price":8.55},{"type":"B","date":"2018-04-17T01:32:25.000Z","volume":8000,"label":" ","price":8.55},{"type":"B","date":"2018-04-17T01:32:49.000Z","volume":500,"label":" ","price":8.55},{"type":"B","date":"2018-04-17T01:33:13.000Z","volume":1000,"label":" ","price":8.55},{"type":"B","date":"2018-04-17T01:33:21.000Z","volume":1500,"label":"Y","price":8.55},{"type":"B","date":"2018-04-17T01:33:21.000Z","volume":1000,"label":" ","price":8.55},{"type":"B","date":"2018-04-17T01:33:45.000Z","volume":500,"label":" ","price":8.55},{"type":"A","date":"2018-04-17T01:34:00.000Z","volume":2500,"label":"Y","price":8.56},{"type":"B","date":"2018-04-17T01:34:02.000Z","volume":5000,"label":" ","price":8.55},{"type":"A","date":"2018-04-17T01:34:37.000Z","volume":500,"label":"Y","price":8.56},{"type":"A","date":"2018-04-17T01:34:37.000Z","volume":1500,"label":" ","price":8.56},{"type":"A","date":"2018-04-17T01:34:46.000Z","volume":1500,"label":" ","price":8.56},{"type":"B","date":"2018-04-17T01:34:49.000Z","volume":1000,"label":" ","price":8.55},{"type":"B","date":"2018-04-17T01:35:05.000Z","volume":4500,"label":"Y","price":8.55},{"type":"B","date":"2018-04-17T01:35:05.000Z","volume":14500,"label":" ","price":8.55},{"type":"B","date":"2018-04-17T01:35:07.000Z","volume":2500,"label":" ","price":8.55},{"type":"B","date":"2018-04-17T01:35:07.000Z","volume":500,"label":" ","price":8.55},{"type":"A","date":"2018-04-17T01:35:18.000Z","volume":500,"label":" ","price":8.56},{"type":"A","date":"2018-04-17T01:35:18.000Z","volume":500,"label":" ","price":8.56},{"type":"A","date":"2018-04-17T01:35:24.000Z","volume":500,"label":" ","price":8.56},{"type":"A","date":"2018-04-17T01:35:25.000Z","volume":500,"label":" ","price":8.56},{"type":"B","date":"2018-04-17T01:35:58.000Z","volume":500,"label":" ","price":8.55},{"type":"A","date":"2018-04-17T01:36:15.000Z","volume":2000,"label":" ","price":8.56},{"type":"B","date":"2018-04-17T01:36:29.000Z","volume":2000,"label":" ","price":8.55},{"type":"A","date":"2018-04-17T01:37:10.000Z","volume":2000,"label":" ","price":8.56},{"type":"A","date":"2018-04-17T01:37:28.000Z","volume":500,"label":" ","price":8.56},{"type":"B","date":"2018-04-17T01:37:29.000Z","volume":500,"label":" ","price":8.55},{"type":"A","date":"2018-04-17T01:37:48.000Z","volume":1500,"label":"Y","price":8.56},{"type":"A","date":"2018-04-17T01:37:48.000Z","volume":500,"label":" ","price":8.56},{"type":"B","date":"2018-04-17T01:37:56.000Z","volume":2000,"label":" ","price":8.55},{"type":"B","date":"2018-04-17T01:38:28.000Z","volume":500,"label":" ","price":8.55},{"type":"A","date":"2018-04-17T01:38:29.000Z","volume":2000,"label":" ","price":8.56},{"type":"B","date":"2018-04-17T01:39:09.000Z","volume":10000,"label":" ","price":8.55},{"type":"B","date":"2018-04-17T01:39:09.000Z","volume":3500,"label":" ","price":8.55},{"type":"B","date":"2018-04-17T01:39:13.000Z","volume":2000,"label":" ","price":8.55},{"type":"A","date":"2018-04-17T01:39:17.000Z","volume":2000,"label":" ","price":8.56},{"type":"B","date":"2018-04-17T01:39:49.000Z","volume":500,"label":" ","price":8.55},{"type":"A","date":"2018-04-17T01:39:57.000Z","volume":500,"label":"Y","price":8.56},{"type":"A","date":"2018-04-17T01:39:57.000Z","volume":1500,"label":" ","price":8.56},{"type":"A","date":"2018-04-17T01:40:19.000Z","volume":1500,"label":" ","price":8.56},{"type":"A","date":"2018-04-17T01:40:31.000Z","volume":1000,"label":" ","price":8.56},{"type":"B","date":"2018-04-17T01:40:52.000Z","volume":23000,"label":" ","price":8.55},{"type":"B","date":"2018-04-17T01:40:53.000Z","volume":3000,"label":" ","price":8.55},{"type":"B","date":"2018-04-17T01:40:56.000Z","volume":3500,"label":" ","price":8.55},{"type":"B","date":"2018-04-17T01:41:00.000Z","volume":2000,"label":" ","price":8.55},{"type":"B","date":"2018-04-17T01:41:10.000Z","volume":500,"label":" ","price":8.55},{"type":"B","date":"2018-04-17T01:41:27.000Z","volume":5000,"label":" ","price":8.55},{"type":"B","date":"2018-04-17T01:41:38.000Z","volume":36000,"label":" ","price":8.55},{"type":"B","date":"2018-04-17T01:41:38.000Z","volume":500,"label":" ","price":8.55},{"type":"B","date":"2018-04-17T01:41:39.000Z","volume":1000,"label":" ","price":8.55},{"type":"B","date":"2018-04-17T01:41:39.000Z","volume":1500,"label":" ","price":8.55},{"type":"B","date":"2018-04-17T01:41:41.000Z","volume":2500,"label":"Y","price":8.55},{"type":"B","date":"2018-04-17T01:41:41.000Z","volume":4000,"label":" ","price":8.55},{"type":"B","date":"2018-04-17T01:41:54.000Z","volume":42500,"label":" ","price":8.54},{"type":"B","date":"2018-04-17T01:41:54.000Z","volume":19000,"label":" ","price":8.53},{"type":"B","date":"2018-04-17T01:41:54.000Z","volume":5500,"label":" ","price":8.53},{"type":"B","date":"2018-04-17T01:41:54.000Z","volume":3000,"label":" ","price":8.53},{"type":"B","date":"2018-04-17T01:41:55.000Z","volume":2000,"label":" ","price":8.53},{"type":"B","date":"2018-04-17T01:42:05.000Z","volume":1000,"label":" ","price":8.52},{"type":"B","date":"2018-04-17T01:42:06.000Z","volume":14500,"label":" ","price":8.52},{"type":"B","date":"2018-04-17T01:42:06.000Z","volume":3000,"label":" ","price":8.52},{"type":"U","date":"2018-04-17T01:42:19.000Z","volume":500,"label":" ","price":8.52},{"type":"B","date":"2018-04-17T01:42:31.000Z","volume":500,"label":" ","price":8.51},{"type":"B","date":"2018-04-17T01:42:41.000Z","volume":1000,"label":" ","price":8.51},{"type":"A","date":"2018-04-17T01:43:16.000Z","volume":500,"label":" ","price":8.53},{"type":"A","date":"2018-04-17T01:44:52.000Z","volume":1500,"label":" ","price":8.52},{"type":"B","date":"2018-04-17T01:45:04.000Z","volume":1000,"label":" ","price":8.51},{"type":"B","date":"2018-04-17T01:45:07.000Z","volume":9000,"label":" ","price":8.51},{"type":"B","date":"2018-04-17T01:45:09.000Z","volume":10000,"label":" ","price":8.51},{"type":"B","date":"2018-04-17T01:45:12.000Z","volume":1000,"label":" ","price":8.51},{"type":"B","date":"2018-04-17T01:45:38.000Z","volume":13000,"label":" ","price":8.51},{"type":"B","date":"2018-04-17T01:45:52.000Z","volume":1000,"label":" ","price":8.51},{"type":"A","date":"2018-04-17T01:46:04.000Z","volume":1000,"label":" ","price":8.52},{"type":"B","date":"2018-04-17T01:46:30.000Z","volume":500,"label":" ","price":8.51},{"type":"B","date":"2018-04-17T01:46:32.000Z","volume":500,"label":"Y","price":8.51},{"type":"B","date":"2018-04-17T01:46:32.000Z","volume":500,"label":" ","price":8.51},{"type":"B","date":"2018-04-17T01:47:12.000Z","volume":1000,"label":"Y","price":8.51},{"type":"B","date":"2018-04-17T01:47:45.000Z","volume":1500,"label":" ","price":8.51},{"type":"B","date":"2018-04-17T01:47:47.000Z","volume":3000,"label":" ","price":8.51},{"type":"B","date":"2018-04-17T01:47:52.000Z","volume":1000,"label":" ","price":8.51},{"type":"U","date":"2018-04-17T01:48:26.000Z","volume":2000,"label":"X","price":8.51},{"type":"B","date":"2018-04-17T01:48:43.000Z","volume":1000,"label":" ","price":8.51},{"type":"B","date":"2018-04-17T01:48:50.000Z","volume":1000,"label":" ","price":8.51},{"type":"A","date":"2018-04-17T01:48:50.000Z","volume":2000,"label":" ","price":8.52},{"type":"A","date":"2018-04-17T01:49:23.000Z","volume":1000,"label":" ","price":8.52},{"type":"B","date":"2018-04-17T01:49:23.000Z","volume":1000,"label":" ","price":8.51},{"type":"B","date":"2018-04-17T01:49:23.000Z","volume":1000,"label":" ","price":8.51},{"type":"B","date":"2018-04-17T01:49:41.000Z","volume":1000,"label":"Y","price":8.51},{"type":"B","date":"2018-04-17T01:49:57.000Z","volume":1000,"label":" ","price":8.51},{"type":"A","date":"2018-04-17T01:50:05.000Z","volume":1000,"label":" ","price":8.52},{"type":"A","date":"2018-04-17T01:50:20.000Z","volume":1000,"label":" ","price":8.52},{"type":"B","date":"2018-04-17T01:50:32.000Z","volume":1000,"label":" ","price":8.51},{"type":"A","date":"2018-04-17T01:50:37.000Z","volume":1000,"label":" ","price":8.52},{"type":"U","date":"2018-04-17T01:50:56.000Z","volume":2500,"label":"X","price":8.51},{"type":"A","date":"2018-04-17T01:50:57.000Z","volume":1000,"label":" ","price":8.52},{"type":"B","date":"2018-04-17T01:51:00.000Z","volume":1000,"label":"Y","price":8.51},{"type":"B","date":"2018-04-17T01:51:11.000Z","volume":1000,"label":" ","price":8.51},{"type":"A","date":"2018-04-17T01:51:21.000Z","volume":1500,"label":" ","price":8.52},{"type":"A","date":"2018-04-17T01:51:35.000Z","volume":500,"label":"Y","price":8.52},{"type":"A","date":"2018-04-17T01:51:35.000Z","volume":500,"label":" ","price":8.52},{"type":"B","date":"2018-04-17T01:51:39.000Z","volume":1000,"label":" ","price":8.51},{"type":"A","date":"2018-04-17T01:51:50.000Z","volume":1000,"label":"Y","price":8.52},{"type":"A","date":"2018-04-17T01:52:10.000Z","volume":1000,"label":"Y","price":8.52},{"type":"B","date":"2018-04-17T01:52:15.000Z","volume":1000,"label":" ","price":8.51},{"type":"B","date":"2018-04-17T01:52:18.000Z","volume":6000,"label":" ","price":8.51},{"type":"A","date":"2018-04-17T01:52:19.000Z","volume":1000,"label":"Y","price":8.52},{"type":"B","date":"2018-04-17T01:52:25.000Z","volume":1000,"label":"Y","price":8.51},{"type":"B","date":"2018-04-17T01:52:25.000Z","volume":500,"label":" ","price":8.51},{"type":"A","date":"2018-04-17T01:52:38.000Z","volume":1000,"label":"Y","price":8.52},{"type":"B","date":"2018-04-17T01:52:55.000Z","volume":1000,"label":" ","price":8.51},{"type":"A","date":"2018-04-17T01:52:57.000Z","volume":1000,"label":"Y","price":8.52},{"type":"A","date":"2018-04-17T01:53:05.000Z","volume":500,"label":" ","price":8.52},{"type":"A","date":"2018-04-17T01:53:15.000Z","volume":500,"label":"Y","price":8.52},{"type":"A","date":"2018-04-17T01:53:15.000Z","volume":500,"label":" ","price":8.52},{"type":"B","date":"2018-04-17T01:53:23.000Z","volume":500,"label":" ","price":8.51},{"type":"B","date":"2018-04-17T01:53:25.000Z","volume":10000,"label":" ","price":8.51},{"type":"A","date":"2018-04-17T01:53:25.000Z","volume":1000,"label":" ","price":8.52},{"type":"B","date":"2018-04-17T01:53:28.000Z","volume":10000,"label":" ","price":8.51},{"type":"B","date":"2018-04-17T01:53:35.000Z","volume":2500,"label":" ","price":8.51},{"type":"B","date":"2018-04-17T01:53:35.000Z","volume":1000,"label":"Y","price":8.51},{"type":"B","date":"2018-04-17T01:54:00.000Z","volume":1000,"label":" ","price":8.51},{"type":"B","date":"2018-04-17T01:54:26.000Z","volume":500,"label":" ","price":8.51},{"type":"U","date":"2018-04-17T01:54:26.000Z","volume":1500,"label":"X","price":8.51},{"type":"B","date":"2018-04-17T01:54:35.000Z","volume":1000,"label":" ","price":8.51},{"type":"B","date":"2018-04-17T01:55:20.000Z","volume":1000,"label":" ","price":8.51},{"type":"A","date":"2018-04-17T01:55:47.000Z","volume":1000,"label":" ","price":8.52},{"type":"A","date":"2018-04-17T01:56:19.000Z","volume":1000,"label":" ","price":8.52},{"type":"A","date":"2018-04-17T01:56:23.000Z","volume":500,"label":" ","price":8.52},{"type":"B","date":"2018-04-17T01:56:29.000Z","volume":1000,"label":" ","price":8.51},{"type":"B","date":"2018-04-17T01:56:29.000Z","volume":6000,"label":" ","price":8.51},{"type":"B","date":"2018-04-17T01:56:30.000Z","volume":500,"label":"Y","price":8.51},{"type":"B","date":"2018-04-17T01:56:30.000Z","volume":1000,"label":" ","price":8.51},{"type":"B","date":"2018-04-17T01:56:35.000Z","volume":23000,"label":" ","price":8.51},{"type":"U","date":"2018-04-17T01:56:35.000Z","volume":7000,"label":"X","price":8.51},{"type":"B","date":"2018-04-17T01:56:40.000Z","volume":1000,"label":"Y","price":8.51},{"type":"A","date":"2018-04-17T01:56:40.000Z","volume":1500,"label":" ","price":8.52},{"type":"B","date":"2018-04-17T01:56:42.000Z","volume":1000,"label":" ","price":8.51},{"type":"B","date":"2018-04-17T01:57:22.000Z","volume":1000,"label":" ","price":8.51},{"type":"B","date":"2018-04-17T01:57:27.000Z","volume":2500,"label":" ","price":8.51},{"type":"B","date":"2018-04-17T01:57:30.000Z","volume":1000,"label":" ","price":8.51},{"type":"B","date":"2018-04-17T01:58:00.000Z","volume":40000,"label":" ","price":8.51},{"type":"B","date":"2018-04-17T01:58:00.000Z","volume":20000,"label":" ","price":8.51},{"type":"B","date":"2018-04-17T01:58:34.000Z","volume":500,"label":" ","price":8.5},{"type":"A","date":"2018-04-17T01:59:02.000Z","volume":1000,"label":"Y","price":8.51},{"type":"B","date":"2018-04-17T01:59:06.000Z","volume":20000,"label":" ","price":8.5},{"type":"B","date":"2018-04-17T01:59:13.000Z","volume":3000,"label":" ","price":8.5},{"type":"A","date":"2018-04-17T01:59:19.000Z","volume":500,"label":" ","price":8.51},{"type":"B","date":"2018-04-17T01:59:25.000Z","volume":6500,"label":" ","price":8.5},{"type":"B","date":"2018-04-17T01:59:25.000Z","volume":1500,"label":"Y","price":8.5},{"type":"B","date":"2018-04-17T01:59:27.000Z","volume":1500,"label":" ","price":8.5},{"type":"B","date":"2018-04-17T01:59:28.000Z","volume":4000,"label":" ","price":8.5},{"type":"B","date":"2018-04-17T01:59:48.000Z","volume":1000,"label":" ","price":8.5},{"type":"B","date":"2018-04-17T02:00:00.000Z","volume":4000,"label":" ","price":8.5},{"type":"B","date":"2018-04-17T02:00:22.000Z","volume":7500,"label":" ","price":8.5},{"type":"B","date":"2018-04-17T02:00:22.000Z","volume":1000,"label":" ","price":8.5},{"type":"B","date":"2018-04-17T02:01:00.000Z","volume":1500,"label":" ","price":8.5},{"type":"B","date":"2018-04-17T02:01:04.000Z","volume":1000,"label":" ","price":8.5},{"type":"B","date":"2018-04-17T02:01:10.000Z","volume":5000,"label":" ","price":8.5},{"type":"B","date":"2018-04-17T02:01:35.000Z","volume":1000,"label":"Y","price":8.5},{"type":"B","date":"2018-04-17T02:01:37.000Z","volume":7000,"label":" ","price":8.5},{"type":"B","date":"2018-04-17T02:01:38.000Z","volume":29000,"label":" ","price":8.5},{"type":"B","date":"2018-04-17T02:01:38.000Z","volume":21000,"label":" ","price":8.49},{"type":"B","date":"2018-04-17T02:01:57.000Z","volume":1500,"label":" ","price":8.5},{"type":"A","date":"2018-04-17T02:02:09.000Z","volume":500,"label":" ","price":8.51},{"type":"B","date":"2018-04-17T02:02:27.000Z","volume":4000,"label":" ","price":8.5},{"type":"B","date":"2018-04-17T02:02:37.000Z","volume":1000,"label":"Y","price":8.5},{"type":"B","date":"2018-04-17T02:02:49.000Z","volume":8000,"label":" ","price":8.5},{"type":"B","date":"2018-04-17T02:02:49.000Z","volume":1500,"label":"Y","price":8.5},{"type":"B","date":"2018-04-17T02:02:49.000Z","volume":500,"label":" ","price":8.5},{"type":"B","date":"2018-04-17T02:02:53.000Z","volume":8500,"label":" ","price":8.5},{"type":"B","date":"2018-04-17T02:02:53.000Z","volume":2000,"label":" ","price":8.5},{"type":"A","date":"2018-04-17T02:03:20.000Z","volume":100000,"label":" ","price":8.5},{"type":"A","date":"2018-04-17T02:03:20.000Z","volume":12000,"label":" ","price":8.5},{"type":"B","date":"2018-04-17T02:03:36.000Z","volume":18500,"label":" ","price":8.5},{"type":"B","date":"2018-04-17T02:03:59.000Z","volume":4000,"label":" ","price":8.5},{"type":"A","date":"2018-04-17T02:03:59.000Z","volume":1500,"label":" ","price":8.5},{"type":"A","date":"2018-04-17T02:04:01.000Z","volume":500,"label":" ","price":8.5},{"type":"A","date":"2018-04-17T02:04:01.000Z","volume":14000,"label":" ","price":8.5},{"type":"A","date":"2018-04-17T02:04:09.000Z","volume":2000,"label":" ","price":8.5},{"type":"A","date":"2018-04-17T02:05:08.000Z","volume":500,"label":" ","price":8.5},{"type":"B","date":"2018-04-17T02:05:56.000Z","volume":4500,"label":" ","price":8.49},{"type":"A","date":"2018-04-17T02:06:01.000Z","volume":12500,"label":" ","price":8.5},{"type":"A","date":"2018-04-17T02:06:32.000Z","volume":3500,"label":" ","price":8.5},{"type":"B","date":"2018-04-17T02:07:09.000Z","volume":1000,"label":" ","price":8.49},{"type":"A","date":"2018-04-17T02:07:44.000Z","volume":500,"label":"Y","price":8.5},{"type":"A","date":"2018-04-17T02:07:44.000Z","volume":34500,"label":" ","price":8.5},{"type":"A","date":"2018-04-17T02:07:44.000Z","volume":23500,"label":" ","price":8.51},{"type":"A","date":"2018-04-17T02:07:44.000Z","volume":2500,"label":" ","price":8.52},{"type":"A","date":"2018-04-17T02:07:44.000Z","volume":500,"label":" ","price":8.52},{"type":"U","date":"2018-04-17T02:07:50.000Z","volume":500,"label":" ","price":8.51},{"type":"A","date":"2018-04-17T02:07:50.000Z","volume":22000,"label":" ","price":8.52},{"type":"A","date":"2018-04-17T02:07:50.000Z","volume":4000,"label":" ","price":8.53},{"type":"A","date":"2018-04-17T02:07:50.000Z","volume":5500,"label":" ","price":8.53},{"type":"A","date":"2018-04-17T02:07:50.000Z","volume":2000,"label":" ","price":8.54},{"type":"A","date":"2018-04-17T02:07:50.000Z","volume":6500,"label":" ","price":8.54},{"type":"B","date":"2018-04-17T02:08:42.000Z","volume":2500,"label":" ","price":8.53},{"type":"B","date":"2018-04-17T02:09:23.000Z","volume":7000,"label":" ","price":8.53},{"type":"B","date":"2018-04-17T02:09:55.000Z","volume":1500,"label":"Y","price":8.53},{"type":"B","date":"2018-04-17T02:09:55.000Z","volume":6500,"label":" ","price":8.53},{"type":"B","date":"2018-04-17T02:11:33.000Z","volume":23500,"label":" ","price":8.53},{"type":"A","date":"2018-04-17T02:11:34.000Z","volume":500,"label":" ","price":8.54},{"type":"B","date":"2018-04-17T02:11:34.000Z","volume":3000,"label":" ","price":8.53},{"type":"B","date":"2018-04-17T02:11:36.000Z","volume":4000,"label":"Y","price":8.53},{"type":"B","date":"2018-04-17T02:11:36.000Z","volume":26500,"label":" ","price":8.53},{"type":"B","date":"2018-04-17T02:11:36.000Z","volume":2500,"label":"Y","price":8.53},{"type":"B","date":"2018-04-17T02:11:36.000Z","volume":1500,"label":" ","price":8.53},{"type":"B","date":"2018-04-17T02:11:38.000Z","volume":3500,"label":" ","price":8.53},{"type":"B","date":"2018-04-17T02:12:11.000Z","volume":3000,"label":" ","price":8.53},{"type":"B","date":"2018-04-17T02:12:17.000Z","volume":1000,"label":" ","price":8.53},{"type":"B","date":"2018-04-17T02:12:35.000Z","volume":7000,"label":" ","price":8.53},{"type":"B","date":"2018-04-17T02:12:55.000Z","volume":3000,"label":" ","price":8.53},{"type":"B","date":"2018-04-17T02:12:56.000Z","volume":3000,"label":" ","price":8.53},{"type":"A","date":"2018-04-17T02:13:15.000Z","volume":500,"label":" ","price":8.54},{"type":"B","date":"2018-04-17T02:13:40.000Z","volume":1000,"label":" ","price":8.53},{"type":"B","date":"2018-04-17T02:14:57.000Z","volume":7000,"label":" ","price":8.53},{"type":"A","date":"2018-04-17T02:14:58.000Z","volume":42500,"label":" ","price":8.54},{"type":"A","date":"2018-04-17T02:14:58.000Z","volume":18500,"label":" ","price":8.54},{"type":"A","date":"2018-04-17T02:14:58.000Z","volume":10000,"label":" ","price":8.55},{"type":"A","date":"2018-04-17T02:14:58.000Z","volume":10500,"label":" ","price":8.55},{"type":"A","date":"2018-04-17T02:15:00.000Z","volume":23500,"label":" ","price":8.56},{"type":"B","date":"2018-04-17T02:16:12.000Z","volume":5500,"label":" ","price":8.56},{"type":"A","date":"2018-04-17T02:16:29.000Z","volume":500,"label":" ","price":8.57},{"type":"U","date":"2018-04-17T02:16:40.000Z","volume":440,"label":"D","price":8.57},{"type":"A","date":"2018-04-17T02:16:45.000Z","volume":1000,"label":" ","price":8.57},{"type":"B","date":"2018-04-17T02:17:49.000Z","volume":500,"label":" ","price":8.56},{"type":"B","date":"2018-04-17T02:17:49.000Z","volume":27000,"label":" ","price":8.56},{"type":"U","date":"2018-04-17T02:17:49.000Z","volume":1000,"label":" ","price":8.56},{"type":"B","date":"2018-04-17T02:17:51.000Z","volume":2500,"label":" ","price":8.56},{"type":"B","date":"2018-04-17T02:17:53.000Z","volume":3000,"label":" ","price":8.56},{"type":"B","date":"2018-04-17T02:17:53.000Z","volume":3500,"label":"Y","price":8.56},{"type":"B","date":"2018-04-17T02:17:53.000Z","volume":16500,"label":" ","price":8.56},{"type":"B","date":"2018-04-17T02:17:53.000Z","volume":6000,"label":" ","price":8.56},{"type":"B","date":"2018-04-17T02:17:55.000Z","volume":2500,"label":"Y","price":8.56},{"type":"B","date":"2018-04-17T02:17:55.000Z","volume":1000,"label":" ","price":8.56},{"type":"B","date":"2018-04-17T02:17:56.000Z","volume":1000,"label":"Y","price":8.56},{"type":"B","date":"2018-04-17T02:17:57.000Z","volume":6500,"label":" ","price":8.56},{"type":"B","date":"2018-04-17T02:17:57.000Z","volume":500,"label":" ","price":8.56},{"type":"B","date":"2018-04-17T02:17:57.000Z","volume":1500,"label":" ","price":8.56},{"type":"B","date":"2018-04-17T02:17:58.000Z","volume":500,"label":" ","price":8.56},{"type":"B","date":"2018-04-17T02:18:00.000Z","volume":3000,"label":" ","price":8.56},{"type":"B","date":"2018-04-17T02:18:01.000Z","volume":3000,"label":" ","price":8.56},{"type":"B","date":"2018-04-17T02:18:03.000Z","volume":1000,"label":" ","price":8.56},{"type":"B","date":"2018-04-17T02:18:03.000Z","volume":500,"label":" ","price":8.55},{"type":"B","date":"2018-04-17T02:18:12.000Z","volume":6500,"label":" ","price":8.55},{"type":"B","date":"2018-04-17T02:18:12.000Z","volume":500,"label":"Y","price":8.55},{"type":"B","date":"2018-04-17T02:18:12.000Z","volume":1000,"label":" ","price":8.55},{"type":"B","date":"2018-04-17T02:18:12.000Z","volume":9500,"label":" ","price":8.55},{"type":"B","date":"2018-04-17T02:18:14.000Z","volume":500,"label":"Y","price":8.54},{"type":"B","date":"2018-04-17T02:18:14.000Z","volume":500,"label":" ","price":8.54},{"type":"B","date":"2018-04-17T02:18:29.000Z","volume":5500,"label":" ","price":8.54},{"type":"B","date":"2018-04-17T02:18:31.000Z","volume":1500,"label":"Y","price":8.54},{"type":"B","date":"2018-04-17T02:18:35.000Z","volume":500,"label":" ","price":8.54},{"type":"B","date":"2018-04-17T02:18:36.000Z","volume":1000,"label":"Y","price":8.54},{"type":"B","date":"2018-04-17T02:18:36.000Z","volume":2000,"label":" ","price":8.54},{"type":"B","date":"2018-04-17T02:18:39.000Z","volume":1000,"label":"Y","price":8.54},{"type":"B","date":"2018-04-17T02:18:39.000Z","volume":1500,"label":" ","price":8.54},{"type":"B","date":"2018-04-17T02:18:42.000Z","volume":1000,"label":"Y","price":8.53},{"type":"A","date":"2018-04-17T02:20:22.000Z","volume":500,"label":" ","price":8.55},{"type":"A","date":"2018-04-17T02:20:25.000Z","volume":500,"label":" ","price":8.55},{"type":"B","date":"2018-04-17T02:20:39.000Z","volume":6500,"label":" ","price":8.53},{"type":"B","date":"2018-04-17T02:20:39.000Z","volume":49000,"label":" ","price":8.53},{"type":"B","date":"2018-04-17T02:20:39.000Z","volume":1500,"label":"Y","price":8.53},{"type":"B","date":"2018-04-17T02:20:39.000Z","volume":3500,"label":" ","price":8.53},{"type":"B","date":"2018-04-17T02:20:40.000Z","volume":1500,"label":" ","price":8.53},{"type":"B","date":"2018-04-17T02:20:41.000Z","volume":1000,"label":" ","price":8.53},{"type":"B","date":"2018-04-17T02:20:41.000Z","volume":3000,"label":" ","price":8.52},{"type":"B","date":"2018-04-17T02:20:41.000Z","volume":2500,"label":"Y","price":8.52},{"type":"B","date":"2018-04-17T02:20:41.000Z","volume":4500,"label":" ","price":8.52},{"type":"B","date":"2018-04-17T02:20:43.000Z","volume":3500,"label":"Y","price":8.51},{"type":"B","date":"2018-04-17T02:20:43.000Z","volume":1000,"label":" ","price":8.51},{"type":"B","date":"2018-04-17T02:20:45.000Z","volume":2000,"label":"Y","price":8.51},{"type":"B","date":"2018-04-17T02:20:45.000Z","volume":3000,"label":" ","price":8.51},{"type":"A","date":"2018-04-17T02:20:46.000Z","volume":22500,"label":" ","price":8.52},{"type":"A","date":"2018-04-17T02:21:15.000Z","volume":500,"label":" ","price":8.53},{"type":"B","date":"2018-04-17T02:22:32.000Z","volume":6000,"label":" ","price":8.52},{"type":"B","date":"2018-04-17T02:22:32.000Z","volume":16500,"label":" ","price":8.52},{"type":"B","date":"2018-04-17T02:22:32.000Z","volume":1000,"label":" ","price":8.52},{"type":"B","date":"2018-04-17T02:22:32.000Z","volume":500,"label":" ","price":8.52},{"type":"B","date":"2018-04-17T02:24:01.000Z","volume":13000,"label":" ","price":8.51},{"type":"B","date":"2018-04-17T02:24:01.000Z","volume":1500,"label":"Y","price":8.51},{"type":"B","date":"2018-04-17T02:24:02.000Z","volume":2500,"label":" ","price":8.51},{"type":"A","date":"2018-04-17T02:24:04.000Z","volume":500,"label":" ","price":8.52},{"type":"B","date":"2018-04-17T02:24:40.000Z","volume":1000,"label":" ","price":8.51},{"type":"B","date":"2018-04-17T02:25:24.000Z","volume":1500,"label":" ","price":8.51},{"type":"B","date":"2018-04-17T02:25:43.000Z","volume":5500,"label":" ","price":8.51},{"type":"B","date":"2018-04-17T02:25:43.000Z","volume":1000,"label":" ","price":8.51},{"type":"A","date":"2018-04-17T02:26:13.000Z","volume":79000,"label":" ","price":8.52},{"type":"A","date":"2018-04-17T02:27:03.000Z","volume":3000,"label":" ","price":8.53},{"type":"A","date":"2018-04-17T02:27:03.000Z","volume":1000,"label":" ","price":8.54},{"type":"B","date":"2018-04-17T02:27:05.000Z","volume":11500,"label":" ","price":8.53},{"type":"U","date":"2018-04-17T02:27:05.000Z","volume":3000,"label":" ","price":8.53},{"type":"B","date":"2018-04-17T02:27:42.000Z","volume":3000,"label":" ","price":8.53},{"type":"B","date":"2018-04-17T02:28:06.000Z","volume":500,"label":" ","price":8.53},{"type":"B","date":"2018-04-17T02:28:39.000Z","volume":7000,"label":" ","price":8.53},{"type":"B","date":"2018-04-17T02:28:39.000Z","volume":2000,"label":" ","price":8.53},{"type":"B","date":"2018-04-17T02:28:39.000Z","volume":2000,"label":" ","price":8.53},{"type":"B","date":"2018-04-17T02:28:39.000Z","volume":500,"label":" ","price":8.53},{"type":"B","date":"2018-04-17T02:29:04.000Z","volume":1000,"label":" ","price":8.53},{"type":"B","date":"2018-04-17T02:29:04.000Z","volume":63000,"label":" ","price":8.52},{"type":"B","date":"2018-04-17T02:29:05.000Z","volume":1000,"label":" ","price":8.52},{"type":"B","date":"2018-04-17T02:29:07.000Z","volume":6500,"label":" ","price":8.51},{"type":"B","date":"2018-04-17T02:29:07.000Z","volume":1500,"label":" ","price":8.51},{"type":"B","date":"2018-04-17T02:29:07.000Z","volume":500,"label":" ","price":8.51},{"type":"B","date":"2018-04-17T02:29:36.000Z","volume":4000,"label":" ","price":8.5},{"type":"A","date":"2018-04-17T02:30:17.000Z","volume":10000,"label":" ","price":8.51},{"type":"A","date":"2018-04-17T02:30:27.000Z","volume":41000,"label":" ","price":8.5},{"type":"A","date":"2018-04-17T02:30:27.000Z","volume":9000,"label":" ","price":8.51},{"type":"B","date":"2018-04-17T02:30:36.000Z","volume":13000,"label":" ","price":8.5},{"type":"B","date":"2018-04-17T02:30:39.000Z","volume":1500,"label":" ","price":8.5},{"type":"B","date":"2018-04-17T02:30:47.000Z","volume":11000,"label":" ","price":8.5},{"type":"B","date":"2018-04-17T02:31:07.000Z","volume":500,"label":" ","price":8.5},{"type":"B","date":"2018-04-17T02:32:01.000Z","volume":1500,"label":" ","price":8.5},{"type":"B","date":"2018-04-17T02:32:06.000Z","volume":1000,"label":" ","price":8.5},{"type":"B","date":"2018-04-17T02:32:30.000Z","volume":6000,"label":" ","price":8.5},{"type":"A","date":"2018-04-17T02:32:30.000Z","volume":500,"label":" ","price":8.51},{"type":"B","date":"2018-04-17T02:33:06.000Z","volume":500,"label":" ","price":8.5},{"type":"B","date":"2018-04-17T02:33:47.000Z","volume":1500,"label":" ","price":8.5},{"type":"B","date":"2018-04-17T02:34:06.000Z","volume":1000,"label":" ","price":8.5},{"type":"B","date":"2018-04-17T02:34:26.000Z","volume":5500,"label":" ","price":8.5},{"type":"A","date":"2018-04-17T02:34:55.000Z","volume":500,"label":" ","price":8.51},{"type":"B","date":"2018-04-17T02:35:06.000Z","volume":500,"label":" ","price":8.5},{"type":"A","date":"2018-04-17T02:35:22.000Z","volume":500,"label":" ","price":8.51},{"type":"A","date":"2018-04-17T02:35:22.000Z","volume":500,"label":" ","price":8.51},{"type":"B","date":"2018-04-17T02:35:59.000Z","volume":1500,"label":" ","price":8.5},{"type":"B","date":"2018-04-17T02:36:07.000Z","volume":1000,"label":" ","price":8.5},{"type":"B","date":"2018-04-17T02:36:48.000Z","volume":500,"label":"Y","price":8.5},{"type":"A","date":"2018-04-17T02:37:05.000Z","volume":500,"label":" ","price":8.51},{"type":"B","date":"2018-04-17T02:37:06.000Z","volume":1000,"label":" ","price":8.5},{"type":"B","date":"2018-04-17T02:37:07.000Z","volume":500,"label":" ","price":8.5},{"type":"A","date":"2018-04-17T02:37:26.000Z","volume":1000,"label":" ","price":8.51},{"type":"B","date":"2018-04-17T02:37:38.000Z","volume":7000,"label":" ","price":8.5},{"type":"B","date":"2018-04-17T02:38:07.000Z","volume":500,"label":" ","price":8.5},{"type":"B","date":"2018-04-17T02:38:59.000Z","volume":1000,"label":" ","price":8.5},{"type":"B","date":"2018-04-17T02:39:06.000Z","volume":1000,"label":" ","price":8.5},{"type":"B","date":"2018-04-17T02:39:10.000Z","volume":1500,"label":" ","price":8.5},{"type":"B","date":"2018-04-17T02:39:13.000Z","volume":5000,"label":" ","price":8.5},{"type":"B","date":"2018-04-17T02:40:06.000Z","volume":500,"label":" ","price":8.5},{"type":"B","date":"2018-04-17T02:40:31.000Z","volume":1500,"label":" ","price":8.5},{"type":"B","date":"2018-04-17T02:40:50.000Z","volume":1500,"label":" ","price":8.5},{"type":"A","date":"2018-04-17T02:40:58.000Z","volume":5000,"label":" ","price":8.51},{"type":"B","date":"2018-04-17T02:41:06.000Z","volume":1000,"label":" ","price":8.5},{"type":"B","date":"2018-04-17T02:41:52.000Z","volume":8000,"label":" ","price":8.5},{"type":"B","date":"2018-04-17T02:42:06.000Z","volume":500,"label":" ","price":8.5},{"type":"B","date":"2018-04-17T02:42:14.000Z","volume":500,"label":" ","price":8.5},{"type":"B","date":"2018-04-17T02:43:07.000Z","volume":500,"label":" ","price":8.5},{"type":"A","date":"2018-04-17T02:43:07.000Z","volume":1000,"label":" ","price":8.51},{"type":"A","date":"2018-04-17T02:43:43.000Z","volume":5000,"label":" ","price":8.51},{"type":"A","date":"2018-04-17T02:43:53.000Z","volume":500,"label":" ","price":8.51},{"type":"B","date":"2018-04-17T02:44:07.000Z","volume":1000,"label":" ","price":8.5},{"type":"B","date":"2018-04-17T02:44:10.000Z","volume":7000,"label":" ","price":8.5},{"type":"A","date":"2018-04-17T02:44:13.000Z","volume":90000,"label":" ","price":8.51},{"type":"A","date":"2018-04-17T02:44:34.000Z","volume":500,"label":" ","price":8.52},{"type":"B","date":"2018-04-17T02:44:35.000Z","volume":1000,"label":"Y","price":8.51},{"type":"B","date":"2018-04-17T02:44:35.000Z","volume":17000,"label":" ","price":8.51},{"type":"B","date":"2018-04-17T02:45:07.000Z","volume":500,"label":" ","price":8.5},{"type":"A","date":"2018-04-17T02:45:50.000Z","volume":1000,"label":" ","price":8.52},{"type":"B","date":"2018-04-17T02:45:58.000Z","volume":5000,"label":" ","price":8.51},{"type":"B","date":"2018-04-17T02:46:07.000Z","volume":500,"label":" ","price":8.51},{"type":"B","date":"2018-04-17T02:46:33.000Z","volume":1500,"label":" ","price":8.51},{"type":"B","date":"2018-04-17T02:46:45.000Z","volume":6000,"label":" ","price":8.51},{"type":"B","date":"2018-04-17T02:47:06.000Z","volume":1000,"label":" ","price":8.51},{"type":"B","date":"2018-04-17T02:47:53.000Z","volume":1500,"label":" ","price":8.51},{"type":"B","date":"2018-04-17T02:48:06.000Z","volume":500,"label":" ","price":8.51},{"type":"A","date":"2018-04-17T02:48:24.000Z","volume":500,"label":" ","price":8.52},{"type":"B","date":"2018-04-17T02:49:07.000Z","volume":500,"label":" ","price":8.51},{"type":"B","date":"2018-04-17T02:49:10.000Z","volume":1500,"label":" ","price":8.51},{"type":"B","date":"2018-04-17T02:49:13.000Z","volume":7000,"label":" ","price":8.51},{"type":"B","date":"2018-04-17T02:49:15.000Z","volume":2000,"label":" ","price":8.51},{"type":"A","date":"2018-04-17T02:49:53.000Z","volume":1000,"label":" ","price":8.52},{"type":"B","date":"2018-04-17T02:50:07.000Z","volume":1000,"label":" ","price":8.51},{"type":"B","date":"2018-04-17T02:50:10.000Z","volume":1000,"label":" ","price":8.51},{"type":"A","date":"2018-04-17T02:50:33.000Z","volume":1000,"label":" ","price":8.52},{"type":"B","date":"2018-04-17T02:51:07.000Z","volume":500,"label":" ","price":8.51},{"type":"A","date":"2018-04-17T02:51:33.000Z","volume":1000,"label":" ","price":8.52},{"type":"B","date":"2018-04-17T02:51:47.000Z","volume":7500,"label":" ","price":8.51},{"type":"B","date":"2018-04-17T02:51:49.000Z","volume":1500,"label":"Y","price":8.51},{"type":"A","date":"2018-04-17T02:51:51.000Z","volume":500,"label":" ","price":8.52},{"type":"B","date":"2018-04-17T02:52:07.000Z","volume":500,"label":" ","price":8.51},{"type":"A","date":"2018-04-17T02:52:33.000Z","volume":1000,"label":" ","price":8.52},{"type":"B","date":"2018-04-17T02:52:42.000Z","volume":1000,"label":" ","price":8.51},{"type":"B","date":"2018-04-17T02:53:06.000Z","volume":1000,"label":" ","price":8.51},{"type":"A","date":"2018-04-17T02:53:33.000Z","volume":1000,"label":" ","price":8.52},{"type":"A","date":"2018-04-17T02:53:47.000Z","volume":1000,"label":" ","price":8.52},{"type":"B","date":"2018-04-17T02:54:06.000Z","volume":500,"label":" ","price":8.51},{"type":"A","date":"2018-04-17T02:54:21.000Z","volume":5000,"label":" ","price":8.52},{"type":"B","date":"2018-04-17T02:54:29.000Z","volume":8000,"label":" ","price":8.51},{"type":"A","date":"2018-04-17T02:54:33.000Z","volume":1000,"label":" ","price":8.52},{"type":"B","date":"2018-04-17T02:54:43.000Z","volume":1000,"label":" ","price":8.51},{"type":"B","date":"2018-04-17T02:54:43.000Z","volume":1500,"label":"Y","price":8.51},{"type":"A","date":"2018-04-17T02:54:43.000Z","volume":1000,"label":" ","price":8.52},{"type":"B","date":"2018-04-17T02:55:07.000Z","volume":1000,"label":" ","price":8.51},{"type":"A","date":"2018-04-17T02:55:20.000Z","volume":500,"label":" ","price":8.52},{"type":"A","date":"2018-04-17T02:55:22.000Z","volume":500,"label":" ","price":8.52},{"type":"A","date":"2018-04-17T02:55:25.000Z","volume":1000,"label":" ","price":8.52},{"type":"B","date":"2018-04-17T02:55:38.000Z","volume":10000,"label":" ","price":8.51},{"type":"A","date":"2018-04-17T02:55:59.000Z","volume":1000,"label":" ","price":8.52},{"type":"B","date":"2018-04-17T02:56:00.000Z","volume":1000,"label":" ","price":8.51},{"type":"B","date":"2018-04-17T02:56:07.000Z","volume":500,"label":" ","price":8.51},{"type":"A","date":"2018-04-17T02:56:20.000Z","volume":1000,"label":" ","price":8.52},{"type":"A","date":"2018-04-17T02:56:36.000Z","volume":1000,"label":" ","price":8.52},{"type":"A","date":"2018-04-17T02:56:40.000Z","volume":500,"label":" ","price":8.52},{"type":"B","date":"2018-04-17T02:56:45.000Z","volume":7000,"label":" ","price":8.51},{"type":"B","date":"2018-04-17T02:57:07.000Z","volume":1000,"label":" ","price":8.51},{"type":"B","date":"2018-04-17T02:57:11.000Z","volume":1000,"label":" ","price":8.51},{"type":"A","date":"2018-04-17T02:57:16.000Z","volume":1000,"label":" ","price":8.52},{"type":"A","date":"2018-04-17T02:57:36.000Z","volume":500,"label":"Y","price":8.52},{"type":"A","date":"2018-04-17T02:57:36.000Z","volume":500,"label":" ","price":8.52},{"type":"B","date":"2018-04-17T02:57:54.000Z","volume":1500,"label":" ","price":8.51},{"type":"B","date":"2018-04-17T02:58:07.000Z","volume":500,"label":" ","price":8.51},{"type":"B","date":"2018-04-17T02:58:11.000Z","volume":500,"label":" ","price":8.51},{"type":"B","date":"2018-04-17T02:58:56.000Z","volume":1000,"label":" ","price":8.51},{"type":"B","date":"2018-04-17T02:59:04.000Z","volume":7000,"label":" ","price":8.51},{"type":"B","date":"2018-04-17T02:59:07.000Z","volume":1000,"label":" ","price":8.51},{"type":"A","date":"2018-04-17T02:59:14.000Z","volume":1000,"label":" ","price":8.52},{"type":"A","date":"2018-04-17T02:59:22.000Z","volume":500,"label":" ","price":8.52},{"type":"B","date":"2018-04-17T03:00:06.000Z","volume":500,"label":" ","price":8.51},{"type":"A","date":"2018-04-17T03:00:11.000Z","volume":120000,"label":" ","price":8.52},{"type":"A","date":"2018-04-17T03:00:11.000Z","volume":65500,"label":" ","price":8.52},{"type":"A","date":"2018-04-17T03:00:13.000Z","volume":1000,"label":"Y","price":8.53},{"type":"A","date":"2018-04-17T03:00:31.000Z","volume":500,"label":" ","price":8.53},{"type":"B","date":"2018-04-17T03:00:36.000Z","volume":29500,"label":" ","price":8.52},{"type":"B","date":"2018-04-17T03:01:07.000Z","volume":500,"label":" ","price":8.52},{"type":"A","date":"2018-04-17T03:01:54.000Z","volume":10000,"label":" ","price":8.53},{"type":"B","date":"2018-04-17T03:02:07.000Z","volume":1000,"label":" ","price":8.52},{"type":"B","date":"2018-04-17T03:02:37.000Z","volume":500,"label":" ","price":8.52},{"type":"B","date":"2018-04-17T03:02:54.000Z","volume":1500,"label":" ","price":8.52},{"type":"B","date":"2018-04-17T03:03:01.000Z","volume":6000,"label":" ","price":8.52},{"type":"B","date":"2018-04-17T03:03:07.000Z","volume":500,"label":" ","price":8.52},{"type":"B","date":"2018-04-17T03:03:35.000Z","volume":32000,"label":" ","price":8.52},{"type":"B","date":"2018-04-17T03:03:39.000Z","volume":84500,"label":" ","price":8.52},{"type":"B","date":"2018-04-17T03:03:39.000Z","volume":1500,"label":" ","price":8.52},{"type":"B","date":"2018-04-17T03:03:39.000Z","volume":2000,"label":" ","price":8.52},{"type":"B","date":"2018-04-17T03:03:39.000Z","volume":500,"label":" ","price":8.52},{"type":"B","date":"2018-04-17T03:03:39.000Z","volume":4000,"label":" ","price":8.52},{"type":"B","date":"2018-04-17T03:03:39.000Z","volume":500,"label":" ","price":8.52},{"type":"B","date":"2018-04-17T03:03:39.000Z","volume":500,"label":" ","price":8.52},{"type":"B","date":"2018-04-17T03:03:39.000Z","volume":1500,"label":" ","price":8.52},{"type":"B","date":"2018-04-17T03:04:07.000Z","volume":500,"label":" ","price":8.52},{"type":"B","date":"2018-04-17T03:04:41.000Z","volume":2000,"label":" ","price":8.52},{"type":"B","date":"2018-04-17T03:04:46.000Z","volume":1500,"label":" ","price":8.52},{"type":"B","date":"2018-04-17T03:04:49.000Z","volume":7000,"label":" ","price":8.52},{"type":"B","date":"2018-04-17T03:05:07.000Z","volume":1000,"label":" ","price":8.52},{"type":"A","date":"2018-04-17T03:05:57.000Z","volume":500,"label":" ","price":8.53},{"type":"B","date":"2018-04-17T03:06:06.000Z","volume":500,"label":" ","price":8.52},{"type":"B","date":"2018-04-17T03:06:58.000Z","volume":7000,"label":" ","price":8.52},{"type":"B","date":"2018-04-17T03:07:06.000Z","volume":1000,"label":" ","price":8.52},{"type":"B","date":"2018-04-17T03:08:07.000Z","volume":500,"label":" ","price":8.52},{"type":"A","date":"2018-04-17T03:08:35.000Z","volume":500,"label":" ","price":8.53},{"type":"B","date":"2018-04-17T03:09:07.000Z","volume":1000,"label":" ","price":8.52},{"type":"B","date":"2018-04-17T03:09:15.000Z","volume":7500,"label":" ","price":8.52},{"type":"U","date":"2018-04-17T03:09:28.000Z","volume":113,"label":"D","price":8.56},{"type":"B","date":"2018-04-17T03:10:07.000Z","volume":500,"label":" ","price":8.52},{"type":"A","date":"2018-04-17T03:10:07.000Z","volume":500,"label":" ","price":8.53},{"type":"B","date":"2018-04-17T03:10:14.000Z","volume":500,"label":" ","price":8.52},{"type":"B","date":"2018-04-17T03:10:33.000Z","volume":8000,"label":" ","price":8.52},{"type":"B","date":"2018-04-17T03:10:33.000Z","volume":500,"label":"Y","price":8.52},{"type":"B","date":"2018-04-17T03:10:39.000Z","volume":500,"label":" ","price":8.52},{"type":"B","date":"2018-04-17T03:11:05.000Z","volume":6000,"label":" ","price":8.52},{"type":"B","date":"2018-04-17T03:11:07.000Z","volume":1000,"label":" ","price":8.52},{"type":"B","date":"2018-04-17T03:11:19.000Z","volume":500,"label":" ","price":8.52},{"type":"B","date":"2018-04-17T03:11:59.000Z","volume":500,"label":" ","price":8.52},{"type":"B","date":"2018-04-17T03:12:07.000Z","volume":500,"label":" ","price":8.52},{"type":"B","date":"2018-04-17T03:12:10.000Z","volume":5000,"label":" ","price":8.52},{"type":"B","date":"2018-04-17T03:12:25.000Z","volume":500,"label":" ","price":8.52},{"type":"A","date":"2018-04-17T03:12:30.000Z","volume":1000,"label":" ","price":8.53},{"type":"B","date":"2018-04-17T03:12:34.000Z","volume":500,"label":"Y","price":8.52},{"type":"B","date":"2018-04-17T03:12:34.000Z","volume":1000,"label":" ","price":8.52},{"type":"B","date":"2018-04-17T03:12:36.000Z","volume":30500,"label":" ","price":8.52},{"type":"B","date":"2018-04-17T03:13:06.000Z","volume":1000,"label":" ","price":8.52},{"type":"B","date":"2018-04-17T03:13:59.000Z","volume":1000,"label":" ","price":8.52},{"type":"A","date":"2018-04-17T03:14:02.000Z","volume":1000,"label":" ","price":8.53},{"type":"B","date":"2018-04-17T03:14:07.000Z","volume":500,"label":" ","price":8.52},{"type":"B","date":"2018-04-17T03:14:29.000Z","volume":7500,"label":" ","price":8.52},{"type":"B","date":"2018-04-17T03:14:41.000Z","volume":1500,"label":" ","price":8.52},{"type":"B","date":"2018-04-17T03:14:55.000Z","volume":1000,"label":" ","price":8.52},{"type":"B","date":"2018-04-17T03:15:07.000Z","volume":500,"label":" ","price":8.52},{"type":"A","date":"2018-04-17T03:15:18.000Z","volume":500,"label":" ","price":8.53},{"type":"A","date":"2018-04-17T03:15:20.000Z","volume":500,"label":" ","price":8.53},{"type":"B","date":"2018-04-17T03:16:07.000Z","volume":1000,"label":" ","price":8.52},{"type":"B","date":"2018-04-17T03:16:38.000Z","volume":7000,"label":" ","price":8.52},{"type":"B","date":"2018-04-17T03:16:39.000Z","volume":1000,"label":" ","price":8.52},{"type":"B","date":"2018-04-17T03:17:07.000Z","volume":500,"label":" ","price":8.52},{"type":"B","date":"2018-04-17T03:17:15.000Z","volume":1500,"label":" ","price":8.52},{"type":"A","date":"2018-04-17T03:17:19.000Z","volume":500,"label":" ","price":8.53},{"type":"B","date":"2018-04-17T03:17:48.000Z","volume":10000,"label":"Y","price":8.52},{"type":"B","date":"2018-04-17T03:18:07.000Z","volume":500,"label":" ","price":8.52},{"type":"B","date":"2018-04-17T03:18:49.000Z","volume":6500,"label":" ","price":8.52},{"type":"B","date":"2018-04-17T03:18:53.000Z","volume":1000,"label":" ","price":8.52},{"type":"B","date":"2018-04-17T03:19:07.000Z","volume":1000,"label":" ","price":8.52},{"type":"B","date":"2018-04-17T03:19:25.000Z","volume":500,"label":"Y","price":8.52},{"type":"B","date":"2018-04-17T03:20:07.000Z","volume":500,"label":" ","price":8.52},{"type":"B","date":"2018-04-17T03:20:20.000Z","volume":1500,"label":" ","price":8.52},{"type":"B","date":"2018-04-17T03:20:44.000Z","volume":1000,"label":" ","price":8.52},{"type":"B","date":"2018-04-17T03:21:07.000Z","volume":500,"label":" ","price":8.52},{"type":"B","date":"2018-04-17T03:21:22.000Z","volume":7500,"label":" ","price":8.52},{"type":"B","date":"2018-04-17T03:22:07.000Z","volume":1000,"label":" ","price":8.52},{"type":"B","date":"2018-04-17T03:22:15.000Z","volume":1000,"label":" ","price":8.52},{"type":"B","date":"2018-04-17T03:22:24.000Z","volume":500,"label":" ","price":8.52},{"type":"B","date":"2018-04-17T03:23:07.000Z","volume":500,"label":" ","price":8.52},{"type":"B","date":"2018-04-17T03:23:44.000Z","volume":7500,"label":" ","price":8.52},{"type":"A","date":"2018-04-17T03:23:51.000Z","volume":500,"label":" ","price":8.53},{"type":"B","date":"2018-04-17T03:24:07.000Z","volume":1000,"label":" ","price":8.52},{"type":"B","date":"2018-04-17T03:24:30.000Z","volume":1500,"label":" ","price":8.52},{"type":"A","date":"2018-04-17T03:24:43.000Z","volume":500,"label":" ","price":8.53},{"type":"B","date":"2018-04-17T03:24:56.000Z","volume":45000,"label":" ","price":8.52},{"type":"B","date":"2018-04-17T03:25:07.000Z","volume":500,"label":" ","price":8.52},{"type":"B","date":"2018-04-17T03:25:26.000Z","volume":10000,"label":" ","price":8.52},{"type":"B","date":"2018-04-17T03:25:34.000Z","volume":1500,"label":" ","price":8.52},{"type":"B","date":"2018-04-17T03:26:06.000Z","volume":500,"label":" ","price":8.52},{"type":"A","date":"2018-04-17T03:26:33.000Z","volume":500,"label":" ","price":8.53},{"type":"A","date":"2018-04-17T03:26:35.000Z","volume":500,"label":" ","price":8.53},{"type":"U","date":"2018-04-17T03:26:47.000Z","volume":2000,"label":"X","price":8.52},{"type":"B","date":"2018-04-17T03:26:59.000Z","volume":6500,"label":" ","price":8.52},{"type":"B","date":"2018-04-17T03:26:59.000Z","volume":1500,"label":" ","price":8.52},{"type":"B","date":"2018-04-17T03:27:07.000Z","volume":1000,"label":" ","price":8.52},{"type":"B","date":"2018-04-17T03:27:31.000Z","volume":1500,"label":" ","price":8.52},{"type":"B","date":"2018-04-17T03:27:50.000Z","volume":6000,"label":" ","price":8.52},{"type":"B","date":"2018-04-17T03:28:07.000Z","volume":500,"label":" ","price":8.52},{"type":"B","date":"2018-04-17T03:28:29.000Z","volume":4500,"label":"Y","price":8.52},{"type":"A","date":"2018-04-17T03:28:34.000Z","volume":500,"label":" ","price":8.53},{"type":"B","date":"2018-04-17T03:29:07.000Z","volume":1000,"label":" ","price":8.52},{"type":"B","date":"2018-04-17T03:29:26.000Z","volume":1500,"label":" ","price":8.52},{"type":"A","date":"2018-04-17T03:29:26.000Z","volume":1000,"label":" ","price":8.53},{"type":"B","date":"2018-04-17T03:30:07.000Z","volume":500,"label":" ","price":8.52},{"type":"A","date":"2018-04-17T03:30:20.000Z","volume":500,"label":" ","price":8.53},{"type":"A","date":"2018-04-17T03:30:26.000Z","volume":500,"label":" ","price":8.53},{"type":"B","date":"2018-04-17T03:30:45.000Z","volume":7500,"label":" ","price":8.52},{"type":"B","date":"2018-04-17T03:30:47.000Z","volume":500,"label":" ","price":8.52},{"type":"U","date":"2018-04-17T03:30:47.000Z","volume":2500,"label":"X","price":8.52},{"type":"B","date":"2018-04-17T03:31:07.000Z","volume":500,"label":" ","price":8.52},{"type":"B","date":"2018-04-17T03:31:32.000Z","volume":1500,"label":" ","price":8.52},{"type":"B","date":"2018-04-17T03:31:39.000Z","volume":5000,"label":" ","price":8.52},{"type":"A","date":"2018-04-17T03:32:00.000Z","volume":500,"label":" ","price":8.53},{"type":"B","date":"2018-04-17T03:32:07.000Z","volume":1000,"label":" ","price":8.52},{"type":"B","date":"2018-04-17T03:33:07.000Z","volume":500,"label":" ","price":8.52},{"type":"B","date":"2018-04-17T03:33:12.000Z","volume":1000,"label":" ","price":8.52},{"type":"B","date":"2018-04-17T03:33:39.000Z","volume":6000,"label":" ","price":8.52},{"type":"B","date":"2018-04-17T03:34:07.000Z","volume":1000,"label":" ","price":8.52},{"type":"B","date":"2018-04-17T03:34:07.000Z","volume":1500,"label":" ","price":8.52},{"type":"A","date":"2018-04-17T03:34:07.000Z","volume":1000,"label":" ","price":8.53},{"type":"B","date":"2018-04-17T03:34:51.000Z","volume":1500,"label":" ","price":8.52},{"type":"A","date":"2018-04-17T03:34:51.000Z","volume":1000,"label":" ","price":8.53},{"type":"B","date":"2018-04-17T03:35:02.000Z","volume":1000,"label":" ","price":8.52},{"type":"B","date":"2018-04-17T03:35:07.000Z","volume":500,"label":" ","price":8.52},{"type":"B","date":"2018-04-17T03:36:06.000Z","volume":7500,"label":" ","price":8.52},{"type":"B","date":"2018-04-17T03:36:07.000Z","volume":1000,"label":" ","price":8.52},{"type":"B","date":"2018-04-17T03:36:15.000Z","volume":1500,"label":" ","price":8.52},{"type":"B","date":"2018-04-17T03:37:07.000Z","volume":500,"label":" ","price":8.52},{"type":"U","date":"2018-04-17T03:37:17.000Z","volume":2000,"label":"X","price":8.52},{"type":"A","date":"2018-04-17T03:37:51.000Z","volume":500,"label":" ","price":8.53},{"type":"A","date":"2018-04-17T03:38:03.000Z","volume":500,"label":" ","price":8.53},{"type":"B","date":"2018-04-17T03:38:07.000Z","volume":500,"label":" ","price":8.52},{"type":"B","date":"2018-04-17T03:38:16.000Z","volume":6500,"label":" ","price":8.52},{"type":"A","date":"2018-04-17T03:38:17.000Z","volume":3500,"label":" ","price":8.53},{"type":"A","date":"2018-04-17T03:38:17.000Z","volume":3500,"label":" ","price":8.53},{"type":"B","date":"2018-04-17T03:39:08.000Z","volume":1000,"label":" ","price":8.52},{"type":"A","date":"2018-04-17T03:39:48.000Z","volume":500,"label":" ","price":8.53},{"type":"B","date":"2018-04-17T03:40:08.000Z","volume":500,"label":" ","price":8.52},{"type":"A","date":"2018-04-17T03:40:21.000Z","volume":500,"label":" ","price":8.53},{"type":"B","date":"2018-04-17T03:40:22.000Z","volume":6500,"label":" ","price":8.52},{"type":"B","date":"2018-04-17T03:40:35.000Z","volume":20000,"label":" ","price":8.52},{"type":"U","date":"2018-04-17T03:40:35.000Z","volume":500,"label":"X","price":8.52},{"type":"A","date":"2018-04-17T03:40:36.000Z","volume":1500,"label":" ","price":8.53},{"type":"A","date":"2018-04-17T03:41:03.000Z","volume":1000,"label":" ","price":8.53},{"type":"B","date":"2018-04-17T03:41:08.000Z","volume":1000,"label":" ","price":8.52},{"type":"A","date":"2018-04-17T03:41:29.000Z","volume":500,"label":"Y","price":8.53},{"type":"A","date":"2018-04-17T03:41:29.000Z","volume":500,"label":" ","price":8.53},{"type":"B","date":"2018-04-17T03:42:07.000Z","volume":500,"label":" ","price":8.52},{"type":"B","date":"2018-04-17T03:42:37.000Z","volume":7000,"label":" ","price":8.52},{"type":"A","date":"2018-04-17T03:42:38.000Z","volume":1000,"label":" ","price":8.53},{"type":"B","date":"2018-04-17T03:43:07.000Z","volume":500,"label":" ","price":8.52},{"type":"A","date":"2018-04-17T03:43:07.000Z","volume":1000,"label":" ","price":8.53},{"type":"A","date":"2018-04-17T03:43:38.000Z","volume":1000,"label":" ","price":8.53},{"type":"B","date":"2018-04-17T03:44:07.000Z","volume":1000,"label":" ","price":8.52},{"type":"B","date":"2018-04-17T03:44:33.000Z","volume":5500,"label":" ","price":8.52},{"type":"A","date":"2018-04-17T03:44:36.000Z","volume":1500,"label":" ","price":8.53},{"type":"B","date":"2018-04-17T03:45:07.000Z","volume":500,"label":" ","price":8.52},{"type":"A","date":"2018-04-17T03:45:36.000Z","volume":1000,"label":" ","price":8.53},{"type":"B","date":"2018-04-17T03:46:08.000Z","volume":1000,"label":" ","price":8.52},{"type":"B","date":"2018-04-17T03:46:23.000Z","volume":6000,"label":" ","price":8.52},{"type":"A","date":"2018-04-17T03:46:56.000Z","volume":1000,"label":" ","price":8.53},{"type":"A","date":"2018-04-17T03:47:02.000Z","volume":1000,"label":" ","price":8.53},{"type":"A","date":"2018-04-17T03:47:02.000Z","volume":1500,"label":"Y","price":8.53},{"type":"B","date":"2018-04-17T03:47:08.000Z","volume":500,"label":" ","price":8.52},{"type":"B","date":"2018-04-17T03:48:03.000Z","volume":1000,"label":" ","price":8.52},{"type":"B","date":"2018-04-17T03:48:08.000Z","volume":500,"label":" ","price":8.52},{"type":"A","date":"2018-04-17T03:48:16.000Z","volume":1000,"label":" ","price":8.53},{"type":"B","date":"2018-04-17T03:48:19.000Z","volume":1500,"label":" ","price":8.52},{"type":"B","date":"2018-04-17T03:48:30.000Z","volume":1500,"label":" ","price":8.52},{"type":"A","date":"2018-04-17T03:48:30.000Z","volume":500,"label":"Y","price":8.53},{"type":"A","date":"2018-04-17T03:48:30.000Z","volume":1000,"label":" ","price":8.53},{"type":"A","date":"2018-04-17T03:48:35.000Z","volume":1000,"label":"Y","price":8.53},{"type":"A","date":"2018-04-17T03:48:35.000Z","volume":21500,"label":" ","price":8.53},{"type":"A","date":"2018-04-17T03:48:39.000Z","volume":1000,"label":" ","price":8.53},{"type":"A","date":"2018-04-17T03:48:54.000Z","volume":1500,"label":" ","price":8.53},{"type":"B","date":"2018-04-17T03:48:58.000Z","volume":7500,"label":" ","price":8.52},{"type":"B","date":"2018-04-17T03:49:07.000Z","volume":1000,"label":" ","price":8.52},{"type":"B","date":"2018-04-17T03:49:27.000Z","volume":3000,"label":" ","price":8.52},{"type":"A","date":"2018-04-17T03:49:55.000Z","volume":1000,"label":" ","price":8.53},{"type":"B","date":"2018-04-17T03:50:07.000Z","volume":500,"label":" ","price":8.52},{"type":"B","date":"2018-04-17T03:50:08.000Z","volume":1000,"label":" ","price":8.52},{"type":"A","date":"2018-04-17T03:50:17.000Z","volume":3500,"label":" ","price":8.53},{"type":"A","date":"2018-04-17T03:50:29.000Z","volume":1000,"label":" ","price":8.53},{"type":"B","date":"2018-04-17T03:51:07.000Z","volume":1000,"label":" ","price":8.52},{"type":"B","date":"2018-04-17T03:51:20.000Z","volume":6500,"label":" ","price":8.52},{"type":"A","date":"2018-04-17T03:51:24.000Z","volume":1500,"label":" ","price":8.53},{"type":"A","date":"2018-04-17T03:51:35.000Z","volume":1000,"label":" ","price":8.53},{"type":"B","date":"2018-04-17T03:52:07.000Z","volume":500,"label":" ","price":8.52},{"type":"B","date":"2018-04-17T03:53:08.000Z","volume":500,"label":" ","price":8.52},{"type":"A","date":"2018-04-17T03:53:15.000Z","volume":1000,"label":" ","price":8.53},{"type":"B","date":"2018-04-17T03:53:29.000Z","volume":6500,"label":" ","price":8.52},{"type":"B","date":"2018-04-17T03:53:45.000Z","volume":500,"label":"Y","price":8.52},{"type":"A","date":"2018-04-17T03:53:54.000Z","volume":1500,"label":" ","price":8.53},{"type":"B","date":"2018-04-17T03:54:08.000Z","volume":1000,"label":" ","price":8.52},{"type":"B","date":"2018-04-17T03:55:07.000Z","volume":500,"label":" ","price":8.52},{"type":"B","date":"2018-04-17T03:55:15.000Z","volume":5500,"label":" ","price":8.52},{"type":"A","date":"2018-04-17T03:55:15.000Z","volume":1000,"label":" ","price":8.53},{"type":"A","date":"2018-04-17T03:55:22.000Z","volume":500,"label":" ","price":8.53},{"type":"A","date":"2018-04-17T03:55:22.000Z","volume":500,"label":" ","price":8.53},{"type":"B","date":"2018-04-17T03:55:38.000Z","volume":10000,"label":" ","price":8.52},{"type":"B","date":"2018-04-17T03:55:43.000Z","volume":3000,"label":" ","price":8.52},{"type":"A","date":"2018-04-17T03:55:51.000Z","volume":35000,"label":" ","price":8.53},{"type":"B","date":"2018-04-17T03:56:07.000Z","volume":1000,"label":" ","price":8.52},{"type":"A","date":"2018-04-17T03:56:13.000Z","volume":100000,"label":" ","price":8.53},{"type":"A","date":"2018-04-17T03:56:13.000Z","volume":15000,"label":" ","price":8.53},{"type":"U","date":"2018-04-17T03:56:13.000Z","volume":500,"label":" ","price":8.53},{"type":"A","date":"2018-04-17T03:56:55.000Z","volume":3500,"label":" ","price":8.53},{"type":"A","date":"2018-04-17T03:56:55.000Z","volume":500,"label":" ","price":8.53},{"type":"A","date":"2018-04-17T03:56:55.000Z","volume":2000,"label":" ","price":8.53},{"type":"A","date":"2018-04-17T03:56:55.000Z","volume":3000,"label":" ","price":8.53},{"type":"A","date":"2018-04-17T03:56:55.000Z","volume":2000,"label":" ","price":8.53},{"type":"A","date":"2018-04-17T03:56:55.000Z","volume":1500,"label":" ","price":8.53},{"type":"A","date":"2018-04-17T03:56:55.000Z","volume":1500,"label":" ","price":8.53},{"type":"A","date":"2018-04-17T03:56:55.000Z","volume":2500,"label":" ","price":8.53},{"type":"A","date":"2018-04-17T03:57:02.000Z","volume":500,"label":" ","price":8.53},{"type":"A","date":"2018-04-17T03:57:02.000Z","volume":500,"label":" ","price":8.53},{"type":"B","date":"2018-04-17T03:57:07.000Z","volume":500,"label":" ","price":8.52},{"type":"A","date":"2018-04-17T03:57:35.000Z","volume":1000,"label":" ","price":8.53},{"type":"B","date":"2018-04-17T03:57:48.000Z","volume":4500,"label":" ","price":8.52},{"type":"A","date":"2018-04-17T03:57:59.000Z","volume":1000,"label":" ","price":8.53},{"type":"B","date":"2018-04-17T03:58:07.000Z","volume":500,"label":" ","price":8.52},{"type":"B","date":"2018-04-17T03:58:30.000Z","volume":1000,"label":" ","price":8.52},{"type":"B","date":"2018-04-17T03:58:40.000Z","volume":10000,"label":" ","price":8.52},{"type":"B","date":"2018-04-17T03:59:08.000Z","volume":1000,"label":" ","price":8.52},{"type":"B","date":"2018-04-17T03:59:18.000Z","volume":2500,"label":" ","price":8.52},{"type":"A","date":"2018-04-17T03:59:20.000Z","volume":500,"label":" ","price":8.53},{"type":"A","date":"2018-04-17T03:59:24.000Z","volume":500,"label":" ","price":8.53},{"type":"A","date":"2018-04-17T03:59:25.000Z","volume":500,"label":" ","price":8.53},{"type":"A","date":"2018-04-17T05:00:00.000Z","volume":1000,"label":" ","price":8.53},{"type":"B","date":"2018-04-17T05:00:02.000Z","volume":10000,"label":" ","price":8.52},{"type":"B","date":"2018-04-17T05:00:07.000Z","volume":500,"label":" ","price":8.52},{"type":"A","date":"2018-04-17T05:00:11.000Z","volume":500,"label":" ","price":8.53},{"type":"A","date":"2018-04-17T05:01:00.000Z","volume":500,"label":" ","price":8.53},{"type":"B","date":"2018-04-17T05:01:07.000Z","volume":500,"label":" ","price":8.52},{"type":"A","date":"2018-04-17T05:01:25.000Z","volume":3000,"label":" ","price":8.53},{"type":"A","date":"2018-04-17T05:02:00.000Z","volume":1500,"label":" ","price":8.53},{"type":"A","date":"2018-04-17T05:02:00.000Z","volume":500,"label":" ","price":8.53},{"type":"B","date":"2018-04-17T05:02:04.000Z","volume":4000,"label":" ","price":8.52},{"type":"A","date":"2018-04-17T05:02:05.000Z","volume":1000,"label":" ","price":8.53},{"type":"B","date":"2018-04-17T05:02:07.000Z","volume":1000,"label":" ","price":8.52},{"type":"A","date":"2018-04-17T05:02:10.000Z","volume":70000,"label":" ","price":8.53},{"type":"A","date":"2018-04-17T05:02:10.000Z","volume":9000,"label":" ","price":8.53},{"type":"B","date":"2018-04-17T05:03:08.000Z","volume":500,"label":" ","price":8.52},{"type":"B","date":"2018-04-17T05:04:08.000Z","volume":500,"label":" ","price":8.52},{"type":"B","date":"2018-04-17T05:05:08.000Z","volume":1000,"label":" ","price":8.52},{"type":"B","date":"2018-04-17T05:06:07.000Z","volume":500,"label":" ","price":8.52},{"type":"A","date":"2018-04-17T05:06:10.000Z","volume":1500,"label":" ","price":8.54},{"type":"A","date":"2018-04-17T05:06:59.000Z","volume":1000,"label":" ","price":8.54},{"type":"A","date":"2018-04-17T05:07:01.000Z","volume":500,"label":" ","price":8.54},{"type":"B","date":"2018-04-17T05:07:07.000Z","volume":1000,"label":" ","price":8.52},{"type":"B","date":"2018-04-17T05:08:07.000Z","volume":500,"label":" ","price":8.52},{"type":"A","date":"2018-04-17T05:08:17.000Z","volume":2000,"label":"Y","price":8.53},{"type":"A","date":"2018-04-17T05:08:17.000Z","volume":1500,"label":" ","price":8.53},{"type":"A","date":"2018-04-17T05:08:17.000Z","volume":9500,"label":" ","price":8.53},{"type":"A","date":"2018-04-17T05:08:24.000Z","volume":500,"label":" ","price":8.53},{"type":"A","date":"2018-04-17T05:08:43.000Z","volume":1500,"label":" ","price":8.53},{"type":"B","date":"2018-04-17T05:09:08.000Z","volume":1000,"label":" ","price":8.52},{"type":"B","date":"2018-04-17T05:10:08.000Z","volume":500,"label":" ","price":8.52},{"type":"A","date":"2018-04-17T05:10:10.000Z","volume":1500,"label":" ","price":8.53},{"type":"A","date":"2018-04-17T05:10:35.000Z","volume":1000,"label":" ","price":8.53},{"type":"B","date":"2018-04-17T05:10:45.000Z","volume":3500,"label":" ","price":8.52},{"type":"B","date":"2018-04-17T05:11:08.000Z","volume":500,"label":" ","price":8.52},{"type":"B","date":"2018-04-17T05:12:08.000Z","volume":1000,"label":" ","price":8.52},{"type":"B","date":"2018-04-17T05:13:07.000Z","volume":500,"label":" ","price":8.52},{"type":"A","date":"2018-04-17T05:13:20.000Z","volume":500,"label":" ","price":8.53},{"type":"A","date":"2018-04-17T05:13:51.000Z","volume":1000,"label":" ","price":8.53},{"type":"A","date":"2018-04-17T05:14:00.000Z","volume":1500,"label":" ","price":8.53},{"type":"B","date":"2018-04-17T05:14:07.000Z","volume":1000,"label":" ","price":8.52},{"type":"B","date":"2018-04-17T05:14:16.000Z","volume":8000,"label":" ","price":8.52},{"type":"B","date":"2018-04-17T05:14:43.000Z","volume":6000,"label":" ","price":8.52},{"type":"B","date":"2018-04-17T05:15:08.000Z","volume":500,"label":" ","price":8.52},{"type":"A","date":"2018-04-17T05:15:18.000Z","volume":500,"label":" ","price":8.53},{"type":"B","date":"2018-04-17T05:16:08.000Z","volume":500,"label":" ","price":8.52},{"type":"B","date":"2018-04-17T05:17:08.000Z","volume":1000,"label":" ","price":8.52},{"type":"A","date":"2018-04-17T05:18:00.000Z","volume":2000,"label":" ","price":8.53},{"type":"A","date":"2018-04-17T05:18:00.000Z","volume":500,"label":" ","price":8.53},{"type":"B","date":"2018-04-17T05:18:08.000Z","volume":500,"label":" ","price":8.52},{"type":"B","date":"2018-04-17T05:18:42.000Z","volume":11500,"label":" ","price":8.52},{"type":"B","date":"2018-04-17T05:19:08.000Z","volume":1000,"label":" ","price":8.52},{"type":"A","date":"2018-04-17T05:19:40.000Z","volume":1000,"label":" ","price":8.53},{"type":"B","date":"2018-04-17T05:20:07.000Z","volume":500,"label":" ","price":8.52},{"type":"A","date":"2018-04-17T05:20:31.000Z","volume":500,"label":" ","price":8.53},{"type":"A","date":"2018-04-17T05:20:40.000Z","volume":1000,"label":" ","price":8.53},{"type":"B","date":"2018-04-17T05:21:07.000Z","volume":1000,"label":" ","price":8.52},{"type":"B","date":"2018-04-17T05:21:32.000Z","volume":3000,"label":" ","price":8.52},{"type":"B","date":"2018-04-17T05:22:08.000Z","volume":500,"label":" ","price":8.52},{"type":"A","date":"2018-04-17T05:22:10.000Z","volume":1500,"label":" ","price":8.53},{"type":"B","date":"2018-04-17T05:22:13.000Z","volume":500,"label":"Y","price":8.52},{"type":"B","date":"2018-04-17T05:22:47.000Z","volume":8500,"label":" ","price":8.52},{"type":"B","date":"2018-04-17T05:22:59.000Z","volume":70000,"label":"Y","price":8.52},{"type":"B","date":"2018-04-17T05:22:59.000Z","volume":279000,"label":" ","price":8.52},{"type":"B","date":"2018-04-17T05:22:59.000Z","volume":210000,"label":"Y","price":8.51},{"type":"B","date":"2018-04-17T05:22:59.000Z","volume":33500,"label":" ","price":8.51},{"type":"B","date":"2018-04-17T05:23:08.000Z","volume":1000,"label":" ","price":8.5},{"type":"B","date":"2018-04-17T05:23:58.000Z","volume":4000,"label":" ","price":8.5},{"type":"B","date":"2018-04-17T05:24:08.000Z","volume":500,"label":" ","price":8.5},{"type":"B","date":"2018-04-17T05:25:08.000Z","volume":500,"label":" ","price":8.5},{"type":"B","date":"2018-04-17T05:25:26.000Z","volume":1500,"label":" ","price":8.5},{"type":"B","date":"2018-04-17T05:25:52.000Z","volume":1000,"label":" ","price":8.5},{"type":"A","date":"2018-04-17T05:26:00.000Z","volume":1500,"label":" ","price":8.51},{"type":"B","date":"2018-04-17T05:26:08.000Z","volume":1000,"label":" ","price":8.5},{"type":"B","date":"2018-04-17T05:26:46.000Z","volume":500,"label":" ","price":8.5},{"type":"B","date":"2018-04-17T05:26:52.000Z","volume":7500,"label":" ","price":8.5},{"type":"B","date":"2018-04-17T05:27:07.000Z","volume":1500,"label":" ","price":8.5},{"type":"B","date":"2018-04-17T05:27:07.000Z","volume":500,"label":"Y","price":8.5},{"type":"B","date":"2018-04-17T05:28:08.000Z","volume":500,"label":"Y","price":8.5},{"type":"B","date":"2018-04-17T05:28:24.000Z","volume":3000,"label":" ","price":8.5},{"type":"B","date":"2018-04-17T05:28:28.000Z","volume":5000,"label":" ","price":8.5},{"type":"B","date":"2018-04-17T05:29:08.000Z","volume":1000,"label":"Y","price":8.5},{"type":"B","date":"2018-04-17T05:29:15.000Z","volume":1500,"label":" ","price":8.5},{"type":"B","date":"2018-04-17T05:29:26.000Z","volume":1000,"label":" ","price":8.5},{"type":"B","date":"2018-04-17T05:29:50.000Z","volume":12000,"label":" ","price":8.5},{"type":"A","date":"2018-04-17T05:30:00.000Z","volume":1500,"label":" ","price":8.51},{"type":"B","date":"2018-04-17T05:30:08.000Z","volume":500,"label":" ","price":8.5},{"type":"B","date":"2018-04-17T05:30:25.000Z","volume":1000,"label":" ","price":8.5},{"type":"B","date":"2018-04-17T05:30:29.000Z","volume":6000,"label":" ","price":8.5},{"type":"B","date":"2018-04-17T05:30:38.000Z","volume":38500,"label":" ","price":8.5},{"type":"B","date":"2018-04-17T05:30:38.000Z","volume":36000,"label":"Y","price":8.49},{"type":"B","date":"2018-04-17T05:30:38.000Z","volume":2000,"label":" ","price":8.49},{"type":"B","date":"2018-04-17T05:30:38.000Z","volume":17000,"label":" ","price":8.5},{"type":"B","date":"2018-04-17T05:30:53.000Z","volume":2000,"label":" ","price":8.5},{"type":"B","date":"2018-04-17T05:31:08.000Z","volume":1000,"label":" ","price":8.5},{"type":"B","date":"2018-04-17T05:31:43.000Z","volume":1000,"label":" ","price":8.5},{"type":"U","date":"2018-04-17T05:31:54.000Z","volume":1000,"label":"X","price":8.5},{"type":"B","date":"2018-04-17T05:32:08.000Z","volume":500,"label":" ","price":8.5},{"type":"B","date":"2018-04-17T05:32:24.000Z","volume":4500,"label":" ","price":8.5},{"type":"B","date":"2018-04-17T05:32:55.000Z","volume":1500,"label":" ","price":8.5},{"type":"B","date":"2018-04-17T05:33:07.000Z","volume":500,"label":" ","price":8.5},{"type":"B","date":"2018-04-17T05:33:43.000Z","volume":1000,"label":" ","price":8.5},{"type":"A","date":"2018-04-17T05:34:00.000Z","volume":2000,"label":" ","price":8.51},{"type":"B","date":"2018-04-17T05:34:08.000Z","volume":1000,"label":" ","price":8.5},{"type":"B","date":"2018-04-17T05:34:17.000Z","volume":5500,"label":" ","price":8.5},{"type":"B","date":"2018-04-17T05:34:19.000Z","volume":1000,"label":" ","price":8.5},{"type":"B","date":"2018-04-17T05:35:08.000Z","volume":500,"label":" ","price":8.5},{"type":"A","date":"2018-04-17T05:35:17.000Z","volume":500,"label":" ","price":8.51},{"type":"A","date":"2018-04-17T05:35:21.000Z","volume":500,"label":" ","price":8.51},{"type":"B","date":"2018-04-17T05:36:08.000Z","volume":500,"label":" ","price":8.5},{"type":"A","date":"2018-04-17T05:36:16.000Z","volume":500,"label":" ","price":8.51},{"type":"B","date":"2018-04-17T05:36:18.000Z","volume":1500,"label":" ","price":8.5},{"type":"B","date":"2018-04-17T05:36:33.000Z","volume":1000,"label":" ","price":8.5},{"type":"B","date":"2018-04-17T05:36:36.000Z","volume":9000,"label":" ","price":8.5},{"type":"B","date":"2018-04-17T05:36:39.000Z","volume":2500,"label":" ","price":8.5},{"type":"A","date":"2018-04-17T05:36:40.000Z","volume":500,"label":" ","price":8.51},{"type":"B","date":"2018-04-17T05:36:57.000Z","volume":2000,"label":" ","price":8.5},{"type":"B","date":"2018-04-17T05:36:59.000Z","volume":1000,"label":" ","price":8.5},{"type":"B","date":"2018-04-17T05:37:08.000Z","volume":1000,"label":" ","price":8.5},{"type":"B","date":"2018-04-17T05:37:24.000Z","volume":1000,"label":" ","price":8.5},{"type":"B","date":"2018-04-17T05:37:52.000Z","volume":1000,"label":" ","price":8.5},{"type":"B","date":"2018-04-17T05:37:53.000Z","volume":1500,"label":" ","price":8.5},{"type":"A","date":"2018-04-17T05:38:00.000Z","volume":1500,"label":" ","price":8.51},{"type":"B","date":"2018-04-17T05:38:02.000Z","volume":1500,"label":" ","price":8.5},{"type":"B","date":"2018-04-17T05:38:08.000Z","volume":500,"label":" ","price":8.5},{"type":"B","date":"2018-04-17T05:38:45.000Z","volume":1000,"label":"Y","price":8.5},{"type":"B","date":"2018-04-17T05:39:08.000Z","volume":1000,"label":" ","price":8.5},{"type":"B","date":"2018-04-17T05:39:32.000Z","volume":5500,"label":" ","price":8.5},{"type":"B","date":"2018-04-17T05:39:35.000Z","volume":3000,"label":" ","price":8.5},{"type":"B","date":"2018-04-17T05:39:36.000Z","volume":1000,"label":" ","price":8.5},{"type":"B","date":"2018-04-17T05:39:51.000Z","volume":1000,"label":" ","price":8.5},{"type":"B","date":"2018-04-17T05:40:08.000Z","volume":500,"label":" ","price":8.5},{"type":"B","date":"2018-04-17T05:40:20.000Z","volume":68500,"label":" ","price":8.5},{"type":"A","date":"2018-04-17T05:40:20.000Z","volume":500,"label":" ","price":8.51},{"type":"B","date":"2018-04-17T05:40:20.000Z","volume":27000,"label":" ","price":8.5},{"type":"U","date":"2018-04-17T05:40:21.000Z","volume":500,"label":" ","price":8.5},{"type":"B","date":"2018-04-17T05:40:23.000Z","volume":1000,"label":" ","price":8.49},{"type":"B","date":"2018-04-17T05:40:23.000Z","volume":41500,"label":" ","price":8.49},{"type":"B","date":"2018-04-17T05:40:24.000Z","volume":17500,"label":" ","price":8.49},{"type":"B","date":"2018-04-17T05:40:42.000Z","volume":1000,"label":" ","price":8.49},{"type":"A","date":"2018-04-17T05:42:31.000Z","volume":500,"label":" ","price":8.5},{"type":"B","date":"2018-04-17T05:42:50.000Z","volume":1500,"label":" ","price":8.49},{"type":"B","date":"2018-04-17T05:43:10.000Z","volume":12500,"label":" ","price":8.49},{"type":"A","date":"2018-04-17T05:43:27.000Z","volume":3000,"label":" ","price":8.5},{"type":"B","date":"2018-04-17T05:44:14.000Z","volume":1000,"label":" ","price":8.49},{"type":"B","date":"2018-04-17T05:44:46.000Z","volume":2000,"label":" ","price":8.49},{"type":"A","date":"2018-04-17T05:45:13.000Z","volume":2500,"label":" ","price":8.5},{"type":"A","date":"2018-04-17T05:46:00.000Z","volume":1500,"label":" ","price":8.5},{"type":"B","date":"2018-04-17T05:46:45.000Z","volume":1500,"label":" ","price":8.49},{"type":"B","date":"2018-04-17T05:48:23.000Z","volume":11500,"label":" ","price":8.49},{"type":"B","date":"2018-04-17T05:48:27.000Z","volume":1000,"label":" ","price":8.49},{"type":"A","date":"2018-04-17T05:48:56.000Z","volume":10000,"label":"Y","price":8.5},{"type":"A","date":"2018-04-17T05:48:56.000Z","volume":77500,"label":" ","price":8.5},{"type":"A","date":"2018-04-17T05:48:56.000Z","volume":154000,"label":" ","price":8.5},{"type":"A","date":"2018-04-17T05:48:56.000Z","volume":500,"label":" ","price":8.5},{"type":"B","date":"2018-04-17T05:48:57.000Z","volume":10500,"label":" ","price":8.5},{"type":"B","date":"2018-04-17T05:49:08.000Z","volume":1000,"label":" ","price":8.5},{"type":"B","date":"2018-04-17T05:49:15.000Z","volume":500,"label":" ","price":8.5},{"type":"B","date":"2018-04-17T05:49:55.000Z","volume":1000,"label":" ","price":8.5},{"type":"A","date":"2018-04-17T05:50:00.000Z","volume":2000,"label":" ","price":8.51},{"type":"B","date":"2018-04-17T05:50:08.000Z","volume":500,"label":" ","price":8.5},{"type":"A","date":"2018-04-17T05:50:09.000Z","volume":1000,"label":" ","price":8.51},{"type":"B","date":"2018-04-17T05:51:08.000Z","volume":500,"label":" ","price":8.5},{"type":"A","date":"2018-04-17T05:51:24.000Z","volume":200000,"label":" ","price":8.51},{"type":"A","date":"2018-04-17T05:51:24.000Z","volume":46000,"label":" ","price":8.51},{"type":"A","date":"2018-04-17T05:51:24.000Z","volume":11000,"label":" ","price":8.52},{"type":"A","date":"2018-04-17T05:51:24.000Z","volume":2500,"label":" ","price":8.53},{"type":"A","date":"2018-04-17T05:51:24.000Z","volume":500,"label":" ","price":8.53},{"type":"B","date":"2018-04-17T05:52:08.000Z","volume":1000,"label":" ","price":8.51},{"type":"A","date":"2018-04-17T05:52:09.000Z","volume":500,"label":" ","price":8.53},{"type":"B","date":"2018-04-17T05:53:09.000Z","volume":500,"label":" ","price":8.51},{"type":"A","date":"2018-04-17T05:53:09.000Z","volume":1000,"label":" ","price":8.53},{"type":"A","date":"2018-04-17T05:54:00.000Z","volume":1500,"label":" ","price":8.53},{"type":"A","date":"2018-04-17T05:54:00.000Z","volume":500,"label":" ","price":8.53},{"type":"B","date":"2018-04-17T05:54:08.000Z","volume":500,"label":" ","price":8.51},{"type":"B","date":"2018-04-17T05:54:10.000Z","volume":1000,"label":" ","price":8.51},{"type":"B","date":"2018-04-17T05:55:08.000Z","volume":1000,"label":" ","price":8.51},{"type":"A","date":"2018-04-17T05:55:59.000Z","volume":1000,"label":" ","price":8.53},{"type":"A","date":"2018-04-17T05:55:59.000Z","volume":500,"label":" ","price":8.53},{"type":"B","date":"2018-04-17T05:56:08.000Z","volume":500,"label":" ","price":8.51},{"type":"B","date":"2018-04-17T05:57:08.000Z","volume":1000,"label":" ","price":8.51},{"type":"B","date":"2018-04-17T05:57:17.000Z","volume":11000,"label":" ","price":8.51},{"type":"A","date":"2018-04-17T05:57:54.000Z","volume":500,"label":" ","price":8.52},{"type":"A","date":"2018-04-17T05:57:54.000Z","volume":500,"label":"Y","price":8.52},{"type":"B","date":"2018-04-17T05:58:04.000Z","volume":1000,"label":" ","price":8.51},{"type":"B","date":"2018-04-17T05:58:08.000Z","volume":500,"label":" ","price":8.51},{"type":"A","date":"2018-04-17T05:58:10.000Z","volume":1500,"label":" ","price":8.52},{"type":"B","date":"2018-04-17T05:59:09.000Z","volume":500,"label":" ","price":8.51},{"type":"A","date":"2018-04-17T05:59:36.000Z","volume":500,"label":" ","price":8.52},{"type":"B","date":"2018-04-17T06:00:08.000Z","volume":1000,"label":" ","price":8.51},{"type":"A","date":"2018-04-17T06:00:16.000Z","volume":2000,"label":" ","price":8.52},{"type":"A","date":"2018-04-17T06:00:39.000Z","volume":7000,"label":"Y","price":8.52},{"type":"A","date":"2018-04-17T06:00:39.000Z","volume":81500,"label":" ","price":8.52},{"type":"A","date":"2018-04-17T06:00:39.000Z","volume":12000,"label":" ","price":8.53},{"type":"A","date":"2018-04-17T06:00:39.000Z","volume":1500,"label":" ","price":8.53},{"type":"A","date":"2018-04-17T06:00:39.000Z","volume":1000,"label":" ","price":8.53},{"type":"B","date":"2018-04-17T06:00:41.000Z","volume":7500,"label":" ","price":8.52},{"type":"B","date":"2018-04-17T06:01:08.000Z","volume":500,"label":" ","price":8.52},{"type":"A","date":"2018-04-17T06:01:40.000Z","volume":3000,"label":"Y","price":8.53},{"type":"A","date":"2018-04-17T06:01:40.000Z","volume":53000,"label":" ","price":8.53},{"type":"B","date":"2018-04-17T06:02:08.000Z","volume":1000,"label":" ","price":8.53},{"type":"A","date":"2018-04-17T06:02:10.000Z","volume":1500,"label":" ","price":8.54},{"type":"B","date":"2018-04-17T06:02:47.000Z","volume":5000,"label":" ","price":8.53},{"type":"A","date":"2018-04-17T06:02:47.000Z","volume":1000,"label":" ","price":8.54},{"type":"B","date":"2018-04-17T06:03:08.000Z","volume":500,"label":" ","price":8.53},{"type":"B","date":"2018-04-17T06:03:19.000Z","volume":84000,"label":" ","price":8.53},{"type":"A","date":"2018-04-17T06:03:19.000Z","volume":3500,"label":" ","price":8.53},{"type":"A","date":"2018-04-17T06:03:19.000Z","volume":3500,"label":" ","price":8.53},{"type":"A","date":"2018-04-17T06:03:19.000Z","volume":10500,"label":" ","price":8.53},{"type":"B","date":"2018-04-17T06:03:19.000Z","volume":500,"label":" ","price":8.53},{"type":"B","date":"2018-04-17T06:03:19.000Z","volume":500,"label":" ","price":8.53},{"type":"B","date":"2018-04-17T06:03:21.000Z","volume":2000,"label":" ","price":8.53},{"type":"B","date":"2018-04-17T06:03:22.000Z","volume":3500,"label":" ","price":8.53},{"type":"B","date":"2018-04-17T06:03:23.000Z","volume":1000,"label":" ","price":8.52},{"type":"B","date":"2018-04-17T06:03:25.000Z","volume":9000,"label":" ","price":8.52},{"type":"B","date":"2018-04-17T06:03:56.000Z","volume":7000,"label":" ","price":8.52},{"type":"A","date":"2018-04-17T06:04:07.000Z","volume":1000,"label":" ","price":8.53},{"type":"B","date":"2018-04-17T06:04:08.000Z","volume":500,"label":" ","price":8.52},{"type":"A","date":"2018-04-17T06:04:13.000Z","volume":500,"label":" ","price":8.53},{"type":"B","date":"2018-04-17T06:04:13.000Z","volume":4000,"label":" ","price":8.52},{"type":"B","date":"2018-04-17T06:04:29.000Z","volume":12000,"label":" ","price":8.52},{"type":"A","date":"2018-04-17T06:04:29.000Z","volume":500,"label":"Y","price":8.53},{"type":"A","date":"2018-04-17T06:04:29.000Z","volume":3000,"label":" ","price":8.53},{"type":"B","date":"2018-04-17T06:04:30.000Z","volume":500,"label":" ","price":8.52},{"type":"B","date":"2018-04-17T06:05:08.000Z","volume":1000,"label":" ","price":8.52},{"type":"B","date":"2018-04-17T06:06:00.000Z","volume":500,"label":" ","price":8.52},{"type":"B","date":"2018-04-17T06:06:08.000Z","volume":500,"label":" ","price":8.52},{"type":"A","date":"2018-04-17T06:06:10.000Z","volume":2000,"label":" ","price":8.54},{"type":"A","date":"2018-04-17T06:06:48.000Z","volume":1000,"label":" ","price":8.54},{"type":"B","date":"2018-04-17T06:06:53.000Z","volume":9500,"label":" ","price":8.53},{"type":"B","date":"2018-04-17T06:07:09.000Z","volume":500,"label":" ","price":8.53},{"type":"A","date":"2018-04-17T06:07:52.000Z","volume":60000,"label":" ","price":8.54},{"type":"A","date":"2018-04-17T06:07:52.000Z","volume":7000,"label":" ","price":8.54},{"type":"B","date":"2018-04-17T06:08:09.000Z","volume":1000,"label":" ","price":8.53},{"type":"A","date":"2018-04-17T06:09:02.000Z","volume":2500,"label":"Y","price":8.55},{"type":"A","date":"2018-04-17T06:09:02.000Z","volume":1000,"label":" ","price":8.55},{"type":"B","date":"2018-04-17T06:09:05.000Z","volume":1000,"label":" ","price":8.54},{"type":"B","date":"2018-04-17T06:09:08.000Z","volume":500,"label":" ","price":8.54},{"type":"A","date":"2018-04-17T06:10:00.000Z","volume":500,"label":" ","price":8.55},{"type":"B","date":"2018-04-17T06:10:08.000Z","volume":1000,"label":" ","price":8.54},{"type":"A","date":"2018-04-17T06:10:10.000Z","volume":1500,"label":" ","price":8.55},{"type":"A","date":"2018-04-17T06:10:20.000Z","volume":500,"label":" ","price":8.55},{"type":"A","date":"2018-04-17T06:10:21.000Z","volume":500,"label":" ","price":8.55},{"type":"B","date":"2018-04-17T06:11:08.000Z","volume":500,"label":" ","price":8.54},{"type":"B","date":"2018-04-17T06:11:09.000Z","volume":11000,"label":" ","price":8.54},{"type":"B","date":"2018-04-17T06:11:26.000Z","volume":5000,"label":" ","price":8.54},{"type":"B","date":"2018-04-17T06:12:08.000Z","volume":500,"label":" ","price":8.54},{"type":"A","date":"2018-04-17T06:12:08.000Z","volume":1000,"label":" ","price":8.55},{"type":"B","date":"2018-04-17T06:12:10.000Z","volume":9500,"label":" ","price":8.54},{"type":"B","date":"2018-04-17T06:13:09.000Z","volume":1000,"label":" ","price":8.54},{"type":"B","date":"2018-04-17T06:14:09.000Z","volume":500,"label":" ","price":8.54},{"type":"A","date":"2018-04-17T06:14:10.000Z","volume":1500,"label":" ","price":8.55},{"type":"A","date":"2018-04-17T06:15:05.000Z","volume":1000,"label":" ","price":8.55},{"type":"B","date":"2018-04-17T06:15:09.000Z","volume":1000,"label":" ","price":8.54},{"type":"B","date":"2018-04-17T06:16:08.000Z","volume":500,"label":" ","price":8.54},{"type":"B","date":"2018-04-17T06:17:00.000Z","volume":12500,"label":" ","price":8.54},{"type":"B","date":"2018-04-17T06:17:08.000Z","volume":500,"label":" ","price":8.54},{"type":"B","date":"2018-04-17T06:17:32.000Z","volume":25000,"label":" ","price":8.54},{"type":"A","date":"2018-04-17T06:18:00.000Z","volume":1500,"label":" ","price":8.55},{"type":"B","date":"2018-04-17T06:18:05.000Z","volume":1500,"label":"Y","price":8.54},{"type":"B","date":"2018-04-17T06:18:08.000Z","volume":1000,"label":" ","price":8.54},{"type":"B","date":"2018-04-17T06:18:52.000Z","volume":1000,"label":" ","price":8.54},{"type":"B","date":"2018-04-17T06:19:09.000Z","volume":500,"label":" ","price":8.54},{"type":"A","date":"2018-04-17T06:19:43.000Z","volume":1000,"label":" ","price":8.55},{"type":"A","date":"2018-04-17T06:19:47.000Z","volume":60000,"label":" ","price":8.55},{"type":"A","date":"2018-04-17T06:19:47.000Z","volume":32000,"label":" ","price":8.55},{"type":"A","date":"2018-04-17T06:19:47.000Z","volume":22500,"label":" ","price":8.55},{"type":"A","date":"2018-04-17T06:19:47.000Z","volume":1000,"label":" ","price":8.55},{"type":"A","date":"2018-04-17T06:19:47.000Z","volume":22500,"label":" ","price":8.55},{"type":"A","date":"2018-04-17T06:19:47.000Z","volume":1000,"label":"Y","price":8.55},{"type":"A","date":"2018-04-17T06:19:47.000Z","volume":5000,"label":" ","price":8.55},{"type":"A","date":"2018-04-17T06:19:51.000Z","volume":500,"label":" ","price":8.56},{"type":"A","date":"2018-04-17T06:19:52.000Z","volume":80000,"label":" ","price":8.56},{"type":"A","date":"2018-04-17T06:19:52.000Z","volume":1500,"label":" ","price":8.56},{"type":"A","date":"2018-04-17T06:19:52.000Z","volume":1500,"label":" ","price":8.56},{"type":"B","date":"2018-04-17T06:20:09.000Z","volume":1000,"label":" ","price":8.55},{"type":"A","date":"2018-04-17T06:20:20.000Z","volume":500,"label":" ","price":8.57},{"type":"A","date":"2018-04-17T06:20:20.000Z","volume":500,"label":" ","price":8.57},{"type":"A","date":"2018-04-17T06:20:38.000Z","volume":500,"label":" ","price":8.57},{"type":"B","date":"2018-04-17T06:21:00.000Z","volume":12000,"label":" ","price":8.55},{"type":"A","date":"2018-04-17T06:21:02.000Z","volume":3500,"label":" ","price":8.56},{"type":"A","date":"2018-04-17T06:21:02.000Z","volume":3500,"label":" ","price":8.56},{"type":"B","date":"2018-04-17T06:21:09.000Z","volume":500,"label":" ","price":8.55},{"type":"U","date":"2018-04-17T06:21:13.000Z","volume":1000,"label":"X","price":8.555},{"type":"B","date":"2018-04-17T06:21:34.000Z","volume":111500,"label":" ","price":8.55},{"type":"B","date":"2018-04-17T06:22:09.000Z","volume":1000,"label":" ","price":8.54},{"type":"B","date":"2018-04-17T06:23:08.000Z","volume":500,"label":" ","price":8.54},{"type":"B","date":"2018-04-17T06:23:14.000Z","volume":1000,"label":" ","price":8.54},{"type":"A","date":"2018-04-17T06:23:19.000Z","volume":500,"label":" ","price":8.55},{"type":"B","date":"2018-04-17T06:24:08.000Z","volume":500,"label":" ","price":8.54},{"type":"B","date":"2018-04-17T06:24:14.000Z","volume":7500,"label":" ","price":8.54},{"type":"B","date":"2018-04-17T06:25:09.000Z","volume":1000,"label":" ","price":8.54},{"type":"A","date":"2018-04-17T06:25:29.000Z","volume":50000,"label":" ","price":8.55},{"type":"A","date":"2018-04-17T06:25:29.000Z","volume":5000,"label":" ","price":8.55},{"type":"A","date":"2018-04-17T06:25:30.000Z","volume":3500,"label":" ","price":8.55},{"type":"A","date":"2018-04-17T06:25:36.000Z","volume":1500,"label":" ","price":8.55},{"type":"A","date":"2018-04-17T06:25:57.000Z","volume":1000,"label":" ","price":8.56},{"type":"B","date":"2018-04-17T06:26:09.000Z","volume":500,"label":" ","price":8.54},{"type":"A","date":"2018-04-17T06:26:10.000Z","volume":1500,"label":" ","price":8.56},{"type":"B","date":"2018-04-17T06:27:09.000Z","volume":500,"label":" ","price":8.54},{"type":"B","date":"2018-04-17T06:28:09.000Z","volume":1000,"label":" ","price":8.54},{"type":"B","date":"2018-04-17T06:28:20.000Z","volume":11000,"label":" ","price":8.54},{"type":"A","date":"2018-04-17T06:28:40.000Z","volume":1000,"label":" ","price":8.55},{"type":"B","date":"2018-04-17T06:29:08.000Z","volume":500,"label":" ","price":8.54},{"type":"A","date":"2018-04-17T06:30:00.000Z","volume":1500,"label":" ","price":8.55},{"type":"B","date":"2018-04-17T06:30:08.000Z","volume":1000,"label":" ","price":8.54},{"type":"B","date":"2018-04-17T06:31:08.000Z","volume":500,"label":" ","price":8.54},{"type":"A","date":"2018-04-17T06:31:12.000Z","volume":6000,"label":" ","price":8.55},{"type":"A","date":"2018-04-17T06:31:25.000Z","volume":500,"label":" ","price":8.55},{"type":"A","date":"2018-04-17T06:31:48.000Z","volume":500,"label":"Y","price":8.55},{"type":"A","date":"2018-04-17T06:31:48.000Z","volume":3000,"label":" ","price":8.55},{"type":"B","date":"2018-04-17T06:31:50.000Z","volume":9500,"label":" ","price":8.54},{"type":"B","date":"2018-04-17T06:31:58.000Z","volume":10000,"label":" ","price":8.54},{"type":"B","date":"2018-04-17T06:32:09.000Z","volume":1000,"label":" ","price":8.54},{"type":"B","date":"2018-04-17T06:32:09.000Z","volume":500,"label":" ","price":8.54},{"type":"B","date":"2018-04-17T06:32:10.000Z","volume":20000,"label":" ","price":8.54},{"type":"B","date":"2018-04-17T06:32:10.000Z","volume":49500,"label":" ","price":8.54},{"type":"B","date":"2018-04-17T06:32:10.000Z","volume":500,"label":" ","price":8.54},{"type":"B","date":"2018-04-17T06:33:09.000Z","volume":1000,"label":" ","price":8.53},{"type":"B","date":"2018-04-17T06:33:11.000Z","volume":5000,"label":" ","price":8.53},{"type":"B","date":"2018-04-17T06:33:45.000Z","volume":11000,"label":" ","price":8.53},{"type":"B","date":"2018-04-17T06:33:45.000Z","volume":1000,"label":" ","price":8.53},{"type":"B","date":"2018-04-17T06:33:45.000Z","volume":1000,"label":" ","price":8.53},{"type":"B","date":"2018-04-17T06:33:45.000Z","volume":500,"label":" ","price":8.53},{"type":"B","date":"2018-04-17T06:33:45.000Z","volume":500,"label":" ","price":8.53},{"type":"U","date":"2018-04-17T06:33:46.000Z","volume":500,"label":" ","price":8.53},{"type":"B","date":"2018-04-17T06:34:09.000Z","volume":500,"label":" ","price":8.52},{"type":"B","date":"2018-04-17T06:34:28.000Z","volume":10000,"label":" ","price":8.52},{"type":"B","date":"2018-04-17T06:35:09.000Z","volume":1000,"label":" ","price":8.52},{"type":"B","date":"2018-04-17T06:35:18.000Z","volume":5000,"label":" ","price":8.52},{"type":"B","date":"2018-04-17T06:35:28.000Z","volume":1000,"label":" ","price":8.52},{"type":"B","date":"2018-04-17T06:36:08.000Z","volume":500,"label":" ","price":8.52},{"type":"B","date":"2018-04-17T06:36:41.000Z","volume":10000,"label":" ","price":8.52},{"type":"B","date":"2018-04-17T06:36:41.000Z","volume":5500,"label":" ","price":8.52},{"type":"B","date":"2018-04-17T06:37:08.000Z","volume":500,"label":" ","price":8.51},{"type":"A","date":"2018-04-17T06:37:15.000Z","volume":500,"label":" ","price":8.53},{"type":"B","date":"2018-04-17T06:37:47.000Z","volume":1000,"label":" ","price":8.51},{"type":"B","date":"2018-04-17T06:38:09.000Z","volume":1000,"label":" ","price":8.51},{"type":"B","date":"2018-04-17T06:38:33.000Z","volume":2500,"label":" ","price":8.51},{"type":"B","date":"2018-04-17T06:39:09.000Z","volume":500,"label":" ","price":8.51},{"type":"A","date":"2018-04-17T06:39:17.000Z","volume":3500,"label":" ","price":8.52},{"type":"B","date":"2018-04-17T06:39:39.000Z","volume":1000,"label":" ","price":8.51},{"type":"A","date":"2018-04-17T06:39:56.000Z","volume":500,"label":" ","price":8.52},{"type":"B","date":"2018-04-17T06:40:09.000Z","volume":1000,"label":" ","price":8.51},{"type":"A","date":"2018-04-17T06:40:24.000Z","volume":500,"label":" ","price":8.52},{"type":"A","date":"2018-04-17T06:40:29.000Z","volume":500,"label":" ","price":8.52},{"type":"B","date":"2018-04-17T06:40:59.000Z","volume":1500,"label":" ","price":8.51},{"type":"B","date":"2018-04-17T06:41:09.000Z","volume":500,"label":" ","price":8.51},{"type":"A","date":"2018-04-17T06:42:00.000Z","volume":2000,"label":" ","price":8.52},{"type":"B","date":"2018-04-17T06:42:09.000Z","volume":500,"label":" ","price":8.51},{"type":"B","date":"2018-04-17T06:42:25.000Z","volume":12500,"label":" ","price":8.51},{"type":"A","date":"2018-04-17T06:43:02.000Z","volume":6000,"label":" ","price":8.52},{"type":"A","date":"2018-04-17T06:43:02.000Z","volume":1500,"label":" ","price":8.52},{"type":"A","date":"2018-04-17T06:43:07.000Z","volume":10000,"label":"Y","price":8.52},{"type":"A","date":"2018-04-17T06:43:07.000Z","volume":46000,"label":" ","price":8.52},{"type":"A","date":"2018-04-17T06:43:07.000Z","volume":6000,"label":" ","price":8.52},{"type":"U","date":"2018-04-17T06:43:07.000Z","volume":1500,"label":" ","price":8.52},{"type":"B","date":"2018-04-17T06:43:08.000Z","volume":1000,"label":" ","price":8.51},{"type":"B","date":"2018-04-17T06:43:11.000Z","volume":5000,"label":" ","price":8.51},{"type":"B","date":"2018-04-17T06:43:24.000Z","volume":3000,"label":" ","price":8.51},{"type":"B","date":"2018-04-17T06:44:09.000Z","volume":500,"label":" ","price":8.51},{"type":"B","date":"2018-04-17T06:45:09.000Z","volume":1000,"label":" ","price":8.51},{"type":"B","date":"2018-04-17T06:45:39.000Z","volume":4000,"label":" ","price":8.52},{"type":"A","date":"2018-04-17T06:45:39.000Z","volume":1000,"label":" ","price":8.53},{"type":"B","date":"2018-04-17T06:45:50.000Z","volume":1500,"label":" ","price":8.52},{"type":"A","date":"2018-04-17T06:46:00.000Z","volume":1500,"label":" ","price":8.53},{"type":"B","date":"2018-04-17T06:46:09.000Z","volume":500,"label":" ","price":8.52},{"type":"U","date":"2018-04-17T06:46:13.000Z","volume":500,"label":"X","price":8.52},{"type":"A","date":"2018-04-17T06:46:13.000Z","volume":500,"label":" ","price":8.53},{"type":"A","date":"2018-04-17T06:46:17.000Z","volume":3000,"label":" ","price":8.53},{"type":"B","date":"2018-04-17T06:46:22.000Z","volume":1000,"label":" ","price":8.52},{"type":"B","date":"2018-04-17T06:46:23.000Z","volume":500,"label":" ","price":8.52},{"type":"B","date":"2018-04-17T06:46:32.000Z","volume":5000,"label":" ","price":8.52},{"type":"B","date":"2018-04-17T06:46:38.000Z","volume":2000,"label":" ","price":8.52},{"type":"B","date":"2018-04-17T06:46:39.000Z","volume":1000,"label":" ","price":8.52},{"type":"B","date":"2018-04-17T06:47:09.000Z","volume":1000,"label":" ","price":8.52},{"type":"B","date":"2018-04-17T06:47:09.000Z","volume":25500,"label":" ","price":8.52},{"type":"B","date":"2018-04-17T06:47:10.000Z","volume":20000,"label":" ","price":8.52},{"type":"B","date":"2018-04-17T06:47:10.000Z","volume":26500,"label":" ","price":8.52},{"type":"B","date":"2018-04-17T06:47:10.000Z","volume":2500,"label":" ","price":8.51},{"type":"B","date":"2018-04-17T06:47:11.000Z","volume":1000,"label":" ","price":8.51},{"type":"B","date":"2018-04-17T06:47:13.000Z","volume":6500,"label":" ","price":8.51},{"type":"B","date":"2018-04-17T06:47:14.000Z","volume":2000,"label":" ","price":8.51},{"type":"B","date":"2018-04-17T06:47:14.000Z","volume":15500,"label":" ","price":8.51},{"type":"B","date":"2018-04-17T06:47:15.000Z","volume":2500,"label":" ","price":8.51},{"type":"B","date":"2018-04-17T06:47:15.000Z","volume":5500,"label":" ","price":8.5},{"type":"A","date":"2018-04-17T06:47:48.000Z","volume":2000,"label":"Y","price":8.51},{"type":"A","date":"2018-04-17T06:47:48.000Z","volume":1500,"label":" ","price":8.51},{"type":"B","date":"2018-04-17T06:48:09.000Z","volume":500,"label":" ","price":8.5},{"type":"A","date":"2018-04-17T06:48:19.000Z","volume":500,"label":" ","price":8.51},{"type":"B","date":"2018-04-17T06:49:09.000Z","volume":500,"label":" ","price":8.5},{"type":"B","date":"2018-04-17T06:49:39.000Z","volume":8500,"label":" ","price":8.5},{"type":"A","date":"2018-04-17T06:50:00.000Z","volume":1500,"label":" ","price":8.51},{"type":"B","date":"2018-04-17T06:50:08.000Z","volume":1000,"label":" ","price":8.5},{"type":"A","date":"2018-04-17T06:51:00.000Z","volume":1000,"label":" ","price":8.51},{"type":"B","date":"2018-04-17T06:51:09.000Z","volume":500,"label":" ","price":8.5},{"type":"A","date":"2018-04-17T06:51:36.000Z","volume":18000,"label":" ","price":8.51},{"type":"B","date":"2018-04-17T06:51:45.000Z","volume":1000,"label":" ","price":8.5},{"type":"B","date":"2018-04-17T06:52:09.000Z","volume":500,"label":" ","price":8.5},{"type":"B","date":"2018-04-17T06:52:13.000Z","volume":5500,"label":" ","price":8.5},{"type":"B","date":"2018-04-17T06:53:09.000Z","volume":1000,"label":" ","price":8.5},{"type":"B","date":"2018-04-17T06:53:48.000Z","volume":10000,"label":" ","price":8.5},{"type":"A","date":"2018-04-17T06:53:48.000Z","volume":1000,"label":" ","price":8.51},{"type":"B","date":"2018-04-17T06:54:02.000Z","volume":5000,"label":" ","price":8.5},{"type":"B","date":"2018-04-17T06:54:04.000Z","volume":3500,"label":" ","price":8.5},{"type":"B","date":"2018-04-17T06:54:09.000Z","volume":500,"label":" ","price":8.5},{"type":"A","date":"2018-04-17T06:54:10.000Z","volume":1000,"label":"Y","price":8.51},{"type":"A","date":"2018-04-17T06:54:10.000Z","volume":500,"label":" ","price":8.51},{"type":"B","date":"2018-04-17T06:54:28.000Z","volume":12500,"label":" ","price":8.5},{"type":"B","date":"2018-04-17T06:54:33.000Z","volume":9500,"label":" ","price":8.5},{"type":"B","date":"2018-04-17T06:54:34.000Z","volume":4000,"label":" ","price":8.5},{"type":"B","date":"2018-04-17T06:54:34.000Z","volume":5000,"label":" ","price":8.5},{"type":"A","date":"2018-04-17T06:54:40.000Z","volume":7000,"label":" ","price":8.51},{"type":"B","date":"2018-04-17T06:55:09.000Z","volume":1000,"label":" ","price":8.5},{"type":"B","date":"2018-04-17T06:55:54.000Z","volume":14000,"label":" ","price":8.5},{"type":"B","date":"2018-04-17T06:55:56.000Z","volume":6000,"label":" ","price":8.5},{"type":"B","date":"2018-04-17T06:56:09.000Z","volume":500,"label":" ","price":8.5},{"type":"B","date":"2018-04-17T06:57:09.000Z","volume":1000,"label":" ","price":8.5},{"type":"A","date":"2018-04-17T06:58:00.000Z","volume":2000,"label":" ","price":8.51},{"type":"B","date":"2018-04-17T06:58:09.000Z","volume":500,"label":" ","price":8.5},{"type":"B","date":"2018-04-17T06:59:09.000Z","volume":500,"label":" ","price":8.5},{"type":"A","date":"2018-04-17T06:59:23.000Z","volume":500,"label":" ","price":8.51},{"type":"B","date":"2018-04-17T06:59:35.000Z","volume":11500,"label":" ","price":8.5},{"type":"A","date":"2018-04-17T06:59:36.000Z","volume":500,"label":" ","price":8.51},{"type":"A","date":"2018-04-17T06:59:36.000Z","volume":500,"label":" ","price":8.51},{"type":"B","date":"2018-04-17T06:59:38.000Z","volume":7500,"label":" ","price":8.5},{"type":"B","date":"2018-04-17T06:59:38.000Z","volume":1500,"label":" ","price":8.5},{"type":"B","date":"2018-04-17T06:59:39.000Z","volume":4000,"label":" ","price":8.5},{"type":"B","date":"2018-04-17T07:00:09.000Z","volume":1000,"label":" ","price":8.5},{"type":"B","date":"2018-04-17T07:00:29.000Z","volume":5000,"label":" ","price":8.5},{"type":"B","date":"2018-04-17T07:01:00.000Z","volume":1000,"label":" ","price":8.5},{"type":"B","date":"2018-04-17T07:01:09.000Z","volume":500,"label":" ","price":8.5},{"type":"B","date":"2018-04-17T07:01:55.000Z","volume":1000,"label":" ","price":8.5},{"type":"A","date":"2018-04-17T07:02:00.000Z","volume":1500,"label":" ","price":8.51},{"type":"B","date":"2018-04-17T07:02:08.000Z","volume":30000,"label":" ","price":8.5},{"type":"B","date":"2018-04-17T07:02:08.000Z","volume":22000,"label":" ","price":8.5},{"type":"A","date":"2018-04-17T07:02:08.000Z","volume":1000,"label":" ","price":8.51},{"type":"B","date":"2018-04-17T07:04:20.000Z","volume":1500,"label":" ","price":8.49},{"type":"A","date":"2018-04-17T07:05:07.000Z","volume":1000,"label":" ","price":8.5},{"type":"B","date":"2018-04-17T07:05:59.000Z","volume":12500,"label":" ","price":8.49},{"type":"A","date":"2018-04-17T07:06:10.000Z","volume":1500,"label":" ","price":8.5},{"type":"B","date":"2018-04-17T07:06:25.000Z","volume":1500,"label":" ","price":8.49},{"type":"B","date":"2018-04-17T07:06:49.000Z","volume":5000,"label":" ","price":8.49},{"type":"B","date":"2018-04-17T07:08:25.000Z","volume":1500,"label":" ","price":8.49},{"type":"B","date":"2018-04-17T07:10:02.000Z","volume":8500,"label":" ","price":8.49},{"type":"A","date":"2018-04-17T07:10:10.000Z","volume":1500,"label":" ","price":8.5},{"type":"A","date":"2018-04-17T07:10:20.000Z","volume":1000,"label":" ","price":8.5},{"type":"B","date":"2018-04-17T07:10:31.000Z","volume":1500,"label":" ","price":8.49},{"type":"B","date":"2018-04-17T07:10:41.000Z","volume":1500,"label":" ","price":8.49},{"type":"U","date":"2018-04-17T07:11:27.000Z","volume":500,"label":"X","price":8.49},{"type":"U","date":"2018-04-17T07:11:57.000Z","volume":1500,"label":"X","price":8.49},{"type":"A","date":"2018-04-17T07:12:23.000Z","volume":500,"label":" ","price":8.5},{"type":"A","date":"2018-04-17T07:12:28.000Z","volume":500,"label":" ","price":8.5},{"type":"B","date":"2018-04-17T07:12:49.000Z","volume":500,"label":" ","price":8.49},{"type":"B","date":"2018-04-17T07:12:51.000Z","volume":1500,"label":" ","price":8.49},{"type":"B","date":"2018-04-17T07:13:09.000Z","volume":8500,"label":" ","price":8.49},{"type":"A","date":"2018-04-17T07:13:17.000Z","volume":500,"label":" ","price":8.5},{"type":"B","date":"2018-04-17T07:13:20.000Z","volume":1500,"label":" ","price":8.49},{"type":"B","date":"2018-04-17T07:13:23.000Z","volume":10000,"label":" ","price":8.49},{"type":"A","date":"2018-04-17T07:14:00.000Z","volume":2000,"label":" ","price":8.5},{"type":"B","date":"2018-04-17T07:14:58.000Z","volume":60000,"label":" ","price":8.49},{"type":"B","date":"2018-04-17T07:14:58.000Z","volume":25500,"label":" ","price":8.49},{"type":"B","date":"2018-04-17T07:14:58.000Z","volume":1000,"label":"Y","price":8.49},{"type":"B","date":"2018-04-17T07:14:59.000Z","volume":28500,"label":" ","price":8.49},{"type":"B","date":"2018-04-17T07:15:23.000Z","volume":2000,"label":" ","price":8.49},{"type":"A","date":"2018-04-17T07:15:53.000Z","volume":8500,"label":" ","price":8.5},{"type":"A","date":"2018-04-17T07:16:00.000Z","volume":1000,"label":" ","price":8.5},{"type":"B","date":"2018-04-17T07:17:37.000Z","volume":2000,"label":" ","price":8.49},{"type":"B","date":"2018-04-17T07:17:40.000Z","volume":3500,"label":" ","price":8.49},{"type":"B","date":"2018-04-17T07:17:41.000Z","volume":37000,"label":" ","price":8.49},{"type":"B","date":"2018-04-17T07:17:41.000Z","volume":25500,"label":" ","price":8.49},{"type":"B","date":"2018-04-17T07:17:41.000Z","volume":36500,"label":" ","price":8.49},{"type":"B","date":"2018-04-17T07:17:41.000Z","volume":3500,"label":" ","price":8.49},{"type":"B","date":"2018-04-17T07:17:42.000Z","volume":8500,"label":" ","price":8.49},{"type":"B","date":"2018-04-17T07:17:56.000Z","volume":3500,"label":" ","price":8.48},{"type":"B","date":"2018-04-17T07:18:01.000Z","volume":1500,"label":" ","price":8.48},{"type":"B","date":"2018-04-17T07:18:46.000Z","volume":4500,"label":" ","price":8.48},{"type":"B","date":"2018-04-17T07:18:58.000Z","volume":1000,"label":" ","price":8.48},{"type":"A","date":"2018-04-17T07:19:11.000Z","volume":2000,"label":" ","price":8.49},{"type":"B","date":"2018-04-17T07:20:02.000Z","volume":1500,"label":" ","price":8.48},{"type":"B","date":"2018-04-17T07:21:26.000Z","volume":1500,"label":" ","price":8.48},{"type":"A","date":"2018-04-17T07:22:00.000Z","volume":1500,"label":" ","price":8.49},{"type":"B","date":"2018-04-17T07:22:49.000Z","volume":1500,"label":" ","price":8.48},{"type":"B","date":"2018-04-17T07:22:58.000Z","volume":1500,"label":" ","price":8.48},{"type":"B","date":"2018-04-17T07:23:05.000Z","volume":11000,"label":" ","price":8.48},{"type":"B","date":"2018-04-17T07:24:03.000Z","volume":1500,"label":" ","price":8.48},{"type":"B","date":"2018-04-17T07:24:10.000Z","volume":500,"label":" ","price":8.48},{"type":"A","date":"2018-04-17T07:24:39.000Z","volume":1500,"label":" ","price":8.49},{"type":"A","date":"2018-04-17T07:24:58.000Z","volume":11000,"label":" ","price":8.49},{"type":"B","date":"2018-04-17T07:25:22.000Z","volume":1000,"label":" ","price":8.48},{"type":"A","date":"2018-04-17T07:26:00.000Z","volume":1500,"label":" ","price":8.49},{"type":"B","date":"2018-04-17T07:26:30.000Z","volume":1500,"label":" ","price":8.48},{"type":"A","date":"2018-04-17T07:26:51.000Z","volume":500,"label":" ","price":8.49},{"type":"B","date":"2018-04-17T07:27:03.000Z","volume":520500,"label":" ","price":8.48},{"type":"B","date":"2018-04-17T07:27:03.000Z","volume":49500,"label":" ","price":8.48},{"type":"B","date":"2018-04-17T07:27:03.000Z","volume":7500,"label":" ","price":8.48},{"type":"B","date":"2018-04-17T07:27:03.000Z","volume":3500,"label":" ","price":8.48},{"type":"B","date":"2018-04-17T07:27:03.000Z","volume":6000,"label":"Y","price":8.47},{"type":"B","date":"2018-04-17T07:27:03.000Z","volume":17500,"label":" ","price":8.47},{"type":"B","date":"2018-04-17T07:27:04.000Z","volume":2500,"label":" ","price":8.46},{"type":"B","date":"2018-04-17T07:27:11.000Z","volume":11000,"label":" ","price":8.45},{"type":"B","date":"2018-04-17T07:27:11.000Z","volume":2000,"label":" ","price":8.45},{"type":"B","date":"2018-04-17T07:27:11.000Z","volume":500,"label":" ","price":8.45},{"type":"U","date":"2018-04-17T07:27:16.000Z","volume":500,"label":" ","price":8.45},{"type":"A","date":"2018-04-17T07:27:17.000Z","volume":500,"label":" ","price":8.45},{"type":"B","date":"2018-04-17T07:27:22.000Z","volume":4000,"label":" ","price":8.44},{"type":"B","date":"2018-04-17T07:27:23.000Z","volume":500,"label":" ","price":8.44},{"type":"B","date":"2018-04-17T07:27:23.000Z","volume":5500,"label":" ","price":8.44},{"type":"B","date":"2018-04-17T07:27:23.000Z","volume":1000,"label":" ","price":8.43},{"type":"B","date":"2018-04-17T07:27:23.000Z","volume":2000,"label":" ","price":8.43},{"type":"U","date":"2018-04-17T07:27:23.000Z","volume":3000,"label":" ","price":8.44}