[{"type":"U","date":"2018-03-19T01:05:00.000Z","volume":12000,"label":"P","price":10.46},{"type":"U","date":"2018-03-19T01:05:03.000Z","volume":4000,"label":"P","price":10.46},{"type":"U","date":"2018-03-19T01:20:00.000Z","volume":80000,"label":"U","price":10.46},{"type":"A","date":"2018-03-19T01:30:00.000Z","volume":2000,"label":" ","price":10.48},{"type":"B","date":"2018-03-19T01:30:02.000Z","volume":4000,"label":" ","price":10.46},{"type":"A","date":"2018-03-19T01:30:03.000Z","volume":2000,"label":"Y","price":10.56},{"type":"A","date":"2018-03-19T01:30:03.000Z","volume":2000,"label":" ","price":10.56},{"type":"A","date":"2018-03-19T01:30:04.000Z","volume":2000,"label":" ","price":10.56},{"type":"U","date":"2018-03-19T01:30:04.000Z","volume":2000,"label":"Y","price":10.54},{"type":"B","date":"2018-03-19T01:30:05.000Z","volume":14000,"label":" ","price":10.54},{"type":"B","date":"2018-03-19T01:30:05.000Z","volume":16000,"label":" ","price":10.48},{"type":"B","date":"2018-03-19T01:30:17.000Z","volume":2000,"label":" ","price":10.5},{"type":"B","date":"2018-03-19T01:30:19.000Z","volume":2000,"label":" ","price":10.5},{"type":"B","date":"2018-03-19T01:30:23.000Z","volume":8000,"label":" ","price":10.52},{"type":"B","date":"2018-03-19T01:30:23.000Z","volume":6000,"label":" ","price":10.5},{"type":"B","date":"2018-03-19T01:30:32.000Z","volume":2000,"label":" ","price":10.5},{"type":"A","date":"2018-03-19T01:30:37.000Z","volume":2000,"label":"Y","price":10.54},{"type":"A","date":"2018-03-19T01:30:37.000Z","volume":18000,"label":" ","price":10.54},{"type":"A","date":"2018-03-19T01:30:37.000Z","volume":4000,"label":"Y","price":10.56},{"type":"A","date":"2018-03-19T01:30:37.000Z","volume":6000,"label":" ","price":10.56},{"type":"A","date":"2018-03-19T01:30:37.000Z","volume":16000,"label":" ","price":10.58},{"type":"A","date":"2018-03-19T01:30:37.000Z","volume":2000,"label":" ","price":10.6},{"type":"B","date":"2018-03-19T01:30:38.000Z","volume":2000,"label":" ","price":10.6},{"type":"B","date":"2018-03-19T01:30:38.000Z","volume":60000,"label":" ","price":10.6},{"type":"A","date":"2018-03-19T01:30:51.000Z","volume":2000,"label":" ","price":10.6},{"type":"B","date":"2018-03-19T01:31:04.000Z","volume":2000,"label":" ","price":10.56},{"type":"B","date":"2018-03-19T01:31:05.000Z","volume":24000,"label":" ","price":10.56},{"type":"B","date":"2018-03-19T01:31:05.000Z","volume":14000,"label":" ","price":10.56},{"type":"A","date":"2018-03-19T01:31:07.000Z","volume":4000,"label":" ","price":10.56},{"type":"B","date":"2018-03-19T01:31:09.000Z","volume":32000,"label":" ","price":10.54},{"type":"A","date":"2018-03-19T01:31:16.000Z","volume":2000,"label":"Y","price":10.56},{"type":"A","date":"2018-03-19T01:31:16.000Z","volume":4000,"label":" ","price":10.56},{"type":"B","date":"2018-03-19T01:31:17.000Z","volume":4000,"label":" ","price":10.54},{"type":"B","date":"2018-03-19T01:31:20.000Z","volume":6000,"label":" ","price":10.52},{"type":"B","date":"2018-03-19T01:31:20.000Z","volume":2000,"label":" ","price":10.52},{"type":"B","date":"2018-03-19T01:31:23.000Z","volume":2000,"label":" ","price":10.5},{"type":"B","date":"2018-03-19T01:31:23.000Z","volume":2000,"label":" ","price":10.5},{"type":"B","date":"2018-03-19T01:31:23.000Z","volume":2000,"label":" ","price":10.5},{"type":"B","date":"2018-03-19T01:31:23.000Z","volume":2000,"label":" ","price":10.5},{"type":"A","date":"2018-03-19T01:31:25.000Z","volume":12000,"label":" ","price":10.54},{"type":"U","date":"2018-03-19T01:31:26.000Z","volume":2000,"label":" ","price":10.5},{"type":"B","date":"2018-03-19T01:31:33.000Z","volume":28000,"label":" ","price":10.48},{"type":"U","date":"2018-03-19T01:31:33.000Z","volume":16000,"label":" ","price":10.48},{"type":"B","date":"2018-03-19T01:31:34.000Z","volume":48000,"label":" ","price":10.46},{"type":"B","date":"2018-03-19T01:31:38.000Z","volume":10000,"label":" ","price":10.46},{"type":"A","date":"2018-03-19T01:31:39.000Z","volume":44000,"label":" ","price":10.48},{"type":"B","date":"2018-03-19T01:31:44.000Z","volume":22000,"label":" ","price":10.48},{"type":"B","date":"2018-03-19T01:31:44.000Z","volume":2000,"label":" ","price":10.48},{"type":"B","date":"2018-03-19T01:31:50.000Z","volume":2000,"label":" ","price":10.48},{"type":"B","date":"2018-03-19T01:31:50.000Z","volume":14000,"label":" ","price":10.48},{"type":"B","date":"2018-03-19T01:31:52.000Z","volume":2000,"label":" ","price":10.48},{"type":"B","date":"2018-03-19T01:31:52.000Z","volume":2000,"label":" ","price":10.48},{"type":"U","date":"2018-03-19T01:31:53.000Z","volume":2000,"label":" ","price":10.48},{"type":"A","date":"2018-03-19T01:31:55.000Z","volume":4000,"label":" ","price":10.48},{"type":"B","date":"2018-03-19T01:31:55.000Z","volume":100000,"label":" ","price":10.46},{"type":"A","date":"2018-03-19T01:31:59.000Z","volume":2000,"label":" ","price":10.48},{"type":"B","date":"2018-03-19T01:32:00.000Z","volume":4000,"label":" ","price":10.46},{"type":"B","date":"2018-03-19T01:32:10.000Z","volume":50000,"label":" ","price":10.46},{"type":"B","date":"2018-03-19T01:32:10.000Z","volume":128000,"label":" ","price":10.46},{"type":"A","date":"2018-03-19T01:32:13.000Z","volume":10000,"label":" ","price":10.46},{"type":"B","date":"2018-03-19T01:32:20.000Z","volume":2000,"label":" ","price":10.44},{"type":"B","date":"2018-03-19T01:32:23.000Z","volume":2000,"label":" ","price":10.42},{"type":"A","date":"2018-03-19T01:32:23.000Z","volume":4000,"label":" ","price":10.44},{"type":"B","date":"2018-03-19T01:32:29.000Z","volume":2000,"label":" ","price":10.42},{"type":"B","date":"2018-03-19T01:32:40.000Z","volume":6000,"label":" ","price":10.42},{"type":"B","date":"2018-03-19T01:32:40.000Z","volume":8000,"label":" ","price":10.42},{"type":"B","date":"2018-03-19T01:32:43.000Z","volume":10000,"label":" ","price":10.4},{"type":"B","date":"2018-03-19T01:32:48.000Z","volume":22000,"label":" ","price":10.38},{"type":"A","date":"2018-03-19T01:32:48.000Z","volume":14000,"label":" ","price":10.4},{"type":"B","date":"2018-03-19T01:32:51.000Z","volume":32000,"label":" ","price":10.38},{"type":"B","date":"2018-03-19T01:32:59.000Z","volume":30000,"label":" ","price":10.38},{"type":"B","date":"2018-03-19T01:32:59.000Z","volume":2000,"label":" ","price":10.38},{"type":"B","date":"2018-03-19T01:33:03.000Z","volume":2000,"label":" ","price":10.38},{"type":"B","date":"2018-03-19T01:33:06.000Z","volume":28000,"label":" ","price":10.38},{"type":"A","date":"2018-03-19T01:33:09.000Z","volume":10000,"label":" ","price":10.38},{"type":"B","date":"2018-03-19T01:33:27.000Z","volume":26000,"label":" ","price":10.36},{"type":"B","date":"2018-03-19T01:33:37.000Z","volume":16000,"label":" ","price":10.32},{"type":"B","date":"2018-03-19T01:33:41.000Z","volume":4000,"label":" ","price":10.34},{"type":"B","date":"2018-03-19T01:33:46.000Z","volume":4000,"label":" ","price":10.34},{"type":"B","date":"2018-03-19T01:33:46.000Z","volume":4000,"label":" ","price":10.34},{"type":"A","date":"2018-03-19T01:33:53.000Z","volume":12000,"label":" ","price":10.34},{"type":"A","date":"2018-03-19T01:33:53.000Z","volume":2000,"label":" ","price":10.34},{"type":"B","date":"2018-03-19T01:33:58.000Z","volume":20000,"label":" ","price":10.32},{"type":"B","date":"2018-03-19T01:34:03.000Z","volume":4000,"label":" ","price":10.32},{"type":"B","date":"2018-03-19T01:34:04.000Z","volume":2000,"label":" ","price":10.32},{"type":"A","date":"2018-03-19T01:34:06.000Z","volume":2000,"label":"Y","price":10.34},{"type":"B","date":"2018-03-19T01:34:07.000Z","volume":10000,"label":" ","price":10.32},{"type":"A","date":"2018-03-19T01:34:23.000Z","volume":6000,"label":"Y","price":10.34},{"type":"A","date":"2018-03-19T01:34:34.000Z","volume":12000,"label":"Y","price":10.34},{"type":"A","date":"2018-03-19T01:34:34.000Z","volume":80000,"label":" ","price":10.34},{"type":"B","date":"2018-03-19T01:34:44.000Z","volume":4000,"label":" ","price":10.34},{"type":"A","date":"2018-03-19T01:34:45.000Z","volume":20000,"label":" ","price":10.36},{"type":"A","date":"2018-03-19T01:34:45.000Z","volume":100000,"label":" ","price":10.36},{"type":"B","date":"2018-03-19T01:34:48.000Z","volume":6000,"label":"Y","price":10.34},{"type":"B","date":"2018-03-19T01:34:48.000Z","volume":6000,"label":" ","price":10.34},{"type":"B","date":"2018-03-19T01:34:57.000Z","volume":6000,"label":" ","price":10.34},{"type":"B","date":"2018-03-19T01:35:02.000Z","volume":4000,"label":"Y","price":10.36},{"type":"A","date":"2018-03-19T01:35:02.000Z","volume":2000,"label":"Y","price":10.38},{"type":"A","date":"2018-03-19T01:35:04.000Z","volume":32000,"label":" ","price":10.38},{"type":"B","date":"2018-03-19T01:35:10.000Z","volume":6000,"label":"Y","price":10.36},{"type":"B","date":"2018-03-19T01:35:10.000Z","volume":44000,"label":" ","price":10.36},{"type":"A","date":"2018-03-19T01:35:16.000Z","volume":10000,"label":" ","price":10.38},{"type":"A","date":"2018-03-19T01:35:17.000Z","volume":2000,"label":" ","price":10.38},{"type":"B","date":"2018-03-19T01:35:21.000Z","volume":4000,"label":" ","price":10.36},{"type":"B","date":"2018-03-19T01:35:27.000Z","volume":2000,"label":" ","price":10.36},{"type":"A","date":"2018-03-19T01:35:27.000Z","volume":10000,"label":" ","price":10.38},{"type":"B","date":"2018-03-19T01:35:33.000Z","volume":4000,"label":" ","price":10.36},{"type":"B","date":"2018-03-19T01:35:39.000Z","volume":4000,"label":" ","price":10.36},{"type":"A","date":"2018-03-19T01:35:39.000Z","volume":4000,"label":" ","price":10.38},{"type":"B","date":"2018-03-19T01:35:46.000Z","volume":2000,"label":" ","price":10.36},{"type":"B","date":"2018-03-19T01:35:49.000Z","volume":2000,"label":" ","price":10.36},{"type":"B","date":"2018-03-19T01:35:58.000Z","volume":2000,"label":" ","price":10.36},{"type":"A","date":"2018-03-19T01:36:02.000Z","volume":2000,"label":" ","price":10.38},{"type":"A","date":"2018-03-19T01:36:02.000Z","volume":2000,"label":" ","price":10.38},{"type":"A","date":"2018-03-19T01:36:02.000Z","volume":2000,"label":" ","price":10.38},{"type":"A","date":"2018-03-19T01:36:02.000Z","volume":2000,"label":" ","price":10.38},{"type":"A","date":"2018-03-19T01:36:05.000Z","volume":2000,"label":" ","price":10.38},{"type":"A","date":"2018-03-19T01:36:05.000Z","volume":2000,"label":" ","price":10.38},{"type":"A","date":"2018-03-19T01:36:05.000Z","volume":2000,"label":" ","price":10.38},{"type":"B","date":"2018-03-19T01:36:23.000Z","volume":8000,"label":" ","price":10.38},{"type":"A","date":"2018-03-19T01:36:35.000Z","volume":26000,"label":" ","price":10.4},{"type":"B","date":"2018-03-19T01:36:39.000Z","volume":12000,"label":" ","price":10.38},{"type":"A","date":"2018-03-19T01:36:40.000Z","volume":12000,"label":" ","price":10.4},{"type":"A","date":"2018-03-19T01:36:40.000Z","volume":2000,"label":" ","price":10.42},{"type":"B","date":"2018-03-19T01:37:03.000Z","volume":6000,"label":" ","price":10.38},{"type":"U","date":"2018-03-19T01:37:10.000Z","volume":4000,"label":" ","price":10.4},{"type":"B","date":"2018-03-19T01:37:35.000Z","volume":4000,"label":" ","price":10.4},{"type":"B","date":"2018-03-19T01:37:35.000Z","volume":2000,"label":" ","price":10.4},{"type":"A","date":"2018-03-19T01:37:36.000Z","volume":12000,"label":" ","price":10.46},{"type":"A","date":"2018-03-19T01:38:03.000Z","volume":2000,"label":" ","price":10.46},{"type":"A","date":"2018-03-19T01:38:30.000Z","volume":18000,"label":" ","price":10.44},{"type":"A","date":"2018-03-19T01:38:33.000Z","volume":10000,"label":" ","price":10.44},{"type":"B","date":"2018-03-19T01:38:42.000Z","volume":8000,"label":" ","price":10.4},{"type":"B","date":"2018-03-19T01:38:46.000Z","volume":8000,"label":" ","price":10.4},{"type":"A","date":"2018-03-19T01:38:53.000Z","volume":2000,"label":" ","price":10.42},{"type":"B","date":"2018-03-19T01:39:59.000Z","volume":4000,"label":" ","price":10.4},{"type":"B","date":"2018-03-19T01:40:03.000Z","volume":82000,"label":" ","price":10.4},{"type":"B","date":"2018-03-19T01:40:13.000Z","volume":16000,"label":" ","price":10.38},{"type":"A","date":"2018-03-19T01:40:23.000Z","volume":10000,"label":" ","price":10.38},{"type":"A","date":"2018-03-19T01:40:31.000Z","volume":10000,"label":" ","price":10.38},{"type":"B","date":"2018-03-19T01:40:34.000Z","volume":2000,"label":" ","price":10.36},{"type":"B","date":"2018-03-19T01:40:55.000Z","volume":6000,"label":" ","price":10.36},{"type":"B","date":"2018-03-19T01:41:07.000Z","volume":6000,"label":"Y","price":10.36},{"type":"B","date":"2018-03-19T01:41:07.000Z","volume":20000,"label":" ","price":10.36},{"type":"B","date":"2018-03-19T01:41:07.000Z","volume":2000,"label":" ","price":10.34},{"type":"B","date":"2018-03-19T01:41:08.000Z","volume":2000,"label":" ","price":10.34},{"type":"A","date":"2018-03-19T01:41:08.000Z","volume":2000,"label":" ","price":10.34},{"type":"B","date":"2018-03-19T01:41:09.000Z","volume":20000,"label":" ","price":10.32},{"type":"A","date":"2018-03-19T01:41:10.000Z","volume":6000,"label":" ","price":10.34},{"type":"A","date":"2018-03-19T01:41:14.000Z","volume":14000,"label":" ","price":10.34},{"type":"A","date":"2018-03-19T01:41:14.000Z","volume":8000,"label":" ","price":10.34},{"type":"B","date":"2018-03-19T01:41:36.000Z","volume":6000,"label":" ","price":10.34},{"type":"B","date":"2018-03-19T01:41:37.000Z","volume":2000,"label":" ","price":10.34},{"type":"B","date":"2018-03-19T01:41:37.000Z","volume":2000,"label":" ","price":10.34},{"type":"B","date":"2018-03-19T01:41:53.000Z","volume":4000,"label":" ","price":10.34},{"type":"A","date":"2018-03-19T01:41:53.000Z","volume":4000,"label":" ","price":10.36},{"type":"A","date":"2018-03-19T01:41:55.000Z","volume":10000,"label":" ","price":10.36},{"type":"A","date":"2018-03-19T01:41:55.000Z","volume":12000,"label":" ","price":10.36},{"type":"B","date":"2018-03-19T01:41:55.000Z","volume":2000,"label":" ","price":10.34},{"type":"B","date":"2018-03-19T01:41:59.000Z","volume":4000,"label":" ","price":10.34},{"type":"B","date":"2018-03-19T01:42:21.000Z","volume":2000,"label":"Y","price":10.36},{"type":"A","date":"2018-03-19T01:42:25.000Z","volume":2000,"label":" ","price":10.38},{"type":"B","date":"2018-03-19T01:42:44.000Z","volume":8000,"label":" ","price":10.36},{"type":"B","date":"2018-03-19T01:42:44.000Z","volume":6000,"label":" ","price":10.36},{"type":"B","date":"2018-03-19T01:42:44.000Z","volume":2000,"label":"Y","price":10.34},{"type":"B","date":"2018-03-19T01:42:55.000Z","volume":36000,"label":" ","price":10.34},{"type":"B","date":"2018-03-19T01:42:55.000Z","volume":80000,"label":" ","price":10.32},{"type":"B","date":"2018-03-19T01:42:56.000Z","volume":8000,"label":" ","price":10.3},{"type":"A","date":"2018-03-19T01:42:56.000Z","volume":6000,"label":" ","price":10.32},{"type":"B","date":"2018-03-19T01:43:02.000Z","volume":20000,"label":" ","price":10.3},{"type":"B","date":"2018-03-19T01:43:02.000Z","volume":2000,"label":" ","price":10.3},{"type":"B","date":"2018-03-19T01:43:09.000Z","volume":6000,"label":" ","price":10.3},{"type":"B","date":"2018-03-19T01:43:10.000Z","volume":18000,"label":" ","price":10.3},{"type":"B","date":"2018-03-19T01:43:10.000Z","volume":2000,"label":" ","price":10.3},{"type":"B","date":"2018-03-19T01:43:11.000Z","volume":2000,"label":" ","price":10.3},{"type":"B","date":"2018-03-19T01:43:11.000Z","volume":36000,"label":" ","price":10.3},{"type":"B","date":"2018-03-19T01:43:12.000Z","volume":2000,"label":" ","price":10.28},{"type":"B","date":"2018-03-19T01:43:15.000Z","volume":114000,"label":" ","price":10.28},{"type":"B","date":"2018-03-19T01:43:15.000Z","volume":6000,"label":" ","price":10.26},{"type":"B","date":"2018-03-19T01:43:15.000Z","volume":2000,"label":" ","price":10.24},{"type":"A","date":"2018-03-19T01:43:15.000Z","volume":4000,"label":" ","price":10.26},{"type":"B","date":"2018-03-19T01:43:15.000Z","volume":2000,"label":" ","price":10.24},{"type":"A","date":"2018-03-19T01:43:21.000Z","volume":24000,"label":" ","price":10.26},{"type":"A","date":"2018-03-19T01:43:21.000Z","volume":96000,"label":" ","price":10.26},{"type":"A","date":"2018-03-19T01:43:21.000Z","volume":2000,"label":" ","price":10.26},{"type":"B","date":"2018-03-19T01:43:21.000Z","volume":8000,"label":" ","price":10.24},{"type":"A","date":"2018-03-19T01:43:22.000Z","volume":4000,"label":" ","price":10.28},{"type":"A","date":"2018-03-19T01:43:22.000Z","volume":6000,"label":" ","price":10.3},{"type":"A","date":"2018-03-19T01:43:22.000Z","volume":6000,"label":" ","price":10.32},{"type":"B","date":"2018-03-19T01:43:22.000Z","volume":2000,"label":" ","price":10.22},{"type":"B","date":"2018-03-19T01:43:30.000Z","volume":2000,"label":"Y","price":10.22},{"type":"U","date":"2018-03-19T01:43:30.000Z","volume":24000,"label":" ","price":10.24},{"type":"B","date":"2018-03-19T01:43:31.000Z","volume":2000,"label":" ","price":10.22},{"type":"A","date":"2018-03-19T01:43:35.000Z","volume":2000,"label":" ","price":10.3},{"type":"B","date":"2018-03-19T01:43:36.000Z","volume":4000,"label":" ","price":10.22},{"type":"U","date":"2018-03-19T01:43:51.000Z","volume":2000,"label":" ","price":10.26},{"type":"B","date":"2018-03-19T01:43:53.000Z","volume":10000,"label":" ","price":10.24},{"type":"A","date":"2018-03-19T01:44:15.000Z","volume":12000,"label":" ","price":10.26},{"type":"B","date":"2018-03-19T01:44:15.000Z","volume":2000,"label":" ","price":10.24},{"type":"B","date":"2018-03-19T01:44:19.000Z","volume":40000,"label":" ","price":10.24},{"type":"B","date":"2018-03-19T01:44:19.000Z","volume":2000,"label":" ","price":10.24},{"type":"B","date":"2018-03-19T01:44:26.000Z","volume":8000,"label":" ","price":10.24},{"type":"B","date":"2018-03-19T01:44:26.000Z","volume":2000,"label":" ","price":10.24},{"type":"A","date":"2018-03-19T01:44:27.000Z","volume":6000,"label":" ","price":10.26},{"type":"A","date":"2018-03-19T01:44:27.000Z","volume":12000,"label":" ","price":10.26},{"type":"A","date":"2018-03-19T01:44:38.000Z","volume":6000,"label":"Y","price":10.26},{"type":"A","date":"2018-03-19T01:44:38.000Z","volume":40000,"label":" ","price":10.26},{"type":"A","date":"2018-03-19T01:44:38.000Z","volume":6000,"label":" ","price":10.26},{"type":"A","date":"2018-03-19T01:44:38.000Z","volume":24000,"label":" ","price":10.28},{"type":"B","date":"2018-03-19T01:44:38.000Z","volume":4000,"label":" ","price":10.26},{"type":"B","date":"2018-03-19T01:44:38.000Z","volume":2000,"label":" ","price":10.26},{"type":"B","date":"2018-03-19T01:44:39.000Z","volume":10000,"label":" ","price":10.26},{"type":"B","date":"2018-03-19T01:44:41.000Z","volume":8000,"label":" ","price":10.26},{"type":"B","date":"2018-03-19T01:44:41.000Z","volume":2000,"label":" ","price":10.24},{"type":"B","date":"2018-03-19T01:45:03.000Z","volume":14000,"label":" ","price":10.26},{"type":"B","date":"2018-03-19T01:45:03.000Z","volume":6000,"label":" ","price":10.24},{"type":"A","date":"2018-03-19T01:45:04.000Z","volume":4000,"label":" ","price":10.28},{"type":"A","date":"2018-03-19T01:45:09.000Z","volume":12000,"label":" ","price":10.28},{"type":"B","date":"2018-03-19T01:45:09.000Z","volume":2000,"label":" ","price":10.26},{"type":"A","date":"2018-03-19T01:45:16.000Z","volume":14000,"label":" ","price":10.28},{"type":"A","date":"2018-03-19T01:45:16.000Z","volume":2000,"label":" ","price":10.28},{"type":"B","date":"2018-03-19T01:45:17.000Z","volume":2000,"label":" ","price":10.26},{"type":"B","date":"2018-03-19T01:45:29.000Z","volume":10000,"label":" ","price":10.26},{"type":"A","date":"2018-03-19T01:45:42.000Z","volume":16000,"label":" ","price":10.28},{"type":"B","date":"2018-03-19T01:45:43.000Z","volume":2000,"label":" ","price":10.26},{"type":"A","date":"2018-03-19T01:45:43.000Z","volume":4000,"label":" ","price":10.28},{"type":"A","date":"2018-03-19T01:45:48.000Z","volume":10000,"label":" ","price":10.28},{"type":"A","date":"2018-03-19T01:46:08.000Z","volume":2000,"label":" ","price":10.28},{"type":"A","date":"2018-03-19T01:46:08.000Z","volume":2000,"label":" ","price":10.28},{"type":"A","date":"2018-03-19T01:46:08.000Z","volume":2000,"label":" ","price":10.28},{"type":"A","date":"2018-03-19T01:46:08.000Z","volume":2000,"label":" ","price":10.28},{"type":"A","date":"2018-03-19T01:46:08.000Z","volume":2000,"label":" ","price":10.28},{"type":"A","date":"2018-03-19T01:46:09.000Z","volume":102000,"label":" ","price":10.28},{"type":"B","date":"2018-03-19T01:46:09.000Z","volume":8000,"label":" ","price":10.26},{"type":"A","date":"2018-03-19T01:46:11.000Z","volume":6000,"label":"Y","price":10.3},{"type":"A","date":"2018-03-19T01:46:11.000Z","volume":4000,"label":" ","price":10.3},{"type":"A","date":"2018-03-19T01:46:11.000Z","volume":2000,"label":" ","price":10.3},{"type":"A","date":"2018-03-19T01:46:15.000Z","volume":14000,"label":" ","price":10.3},{"type":"B","date":"2018-03-19T01:46:15.000Z","volume":2000,"label":" ","price":10.28},{"type":"B","date":"2018-03-19T01:46:18.000Z","volume":4000,"label":" ","price":10.28},{"type":"A","date":"2018-03-19T01:46:20.000Z","volume":2000,"label":" ","price":10.3},{"type":"B","date":"2018-03-19T01:46:21.000Z","volume":8000,"label":" ","price":10.28},{"type":"B","date":"2018-03-19T01:46:22.000Z","volume":2000,"label":" ","price":10.28},{"type":"A","date":"2018-03-19T01:46:23.000Z","volume":2000,"label":" ","price":10.3},{"type":"A","date":"2018-03-19T01:46:37.000Z","volume":2000,"label":" ","price":10.3},{"type":"A","date":"2018-03-19T01:46:37.000Z","volume":4000,"label":" ","price":10.3},{"type":"A","date":"2018-03-19T01:46:40.000Z","volume":2000,"label":" ","price":10.3},{"type":"A","date":"2018-03-19T01:46:42.000Z","volume":4000,"label":" ","price":10.3},{"type":"A","date":"2018-03-19T01:46:43.000Z","volume":28000,"label":" ","price":10.3},{"type":"A","date":"2018-03-19T01:46:43.000Z","volume":2000,"label":" ","price":10.3},{"type":"B","date":"2018-03-19T01:46:43.000Z","volume":2000,"label":" ","price":10.28},{"type":"A","date":"2018-03-19T01:46:43.000Z","volume":8000,"label":" ","price":10.3},{"type":"A","date":"2018-03-19T01:46:55.000Z","volume":12000,"label":" ","price":10.32},{"type":"B","date":"2018-03-19T01:46:55.000Z","volume":2000,"label":" ","price":10.3},{"type":"B","date":"2018-03-19T01:46:57.000Z","volume":10000,"label":" ","price":10.3},{"type":"B","date":"2018-03-19T01:46:57.000Z","volume":2000,"label":" ","price":10.3},{"type":"B","date":"2018-03-19T01:47:12.000Z","volume":156000,"label":" ","price":10.3},{"type":"B","date":"2018-03-19T01:47:12.000Z","volume":26000,"label":" ","price":10.28},{"type":"B","date":"2018-03-19T01:47:12.000Z","volume":14000,"label":" ","price":10.26},{"type":"A","date":"2018-03-19T01:47:18.000Z","volume":2000,"label":" ","price":10.3},{"type":"B","date":"2018-03-19T01:47:19.000Z","volume":4000,"label":" ","price":10.26},{"type":"B","date":"2018-03-19T01:47:22.000Z","volume":50000,"label":" ","price":10.26},{"type":"B","date":"2018-03-19T01:47:22.000Z","volume":40000,"label":" ","price":10.26},{"type":"B","date":"2018-03-19T01:47:23.000Z","volume":2000,"label":"Y","price":10.24},{"type":"B","date":"2018-03-19T01:47:23.000Z","volume":6000,"label":" ","price":10.24},{"type":"A","date":"2018-03-19T01:47:28.000Z","volume":4000,"label":" ","price":10.26},{"type":"A","date":"2018-03-19T01:47:50.000Z","volume":2000,"label":" ","price":10.26},{"type":"B","date":"2018-03-19T01:47:56.000Z","volume":6000,"label":" ","price":10.24},{"type":"B","date":"2018-03-19T01:48:07.000Z","volume":2000,"label":" ","price":10.24},{"type":"A","date":"2018-03-19T01:48:14.000Z","volume":20000,"label":" ","price":10.26},{"type":"B","date":"2018-03-19T01:48:15.000Z","volume":2000,"label":" ","price":10.24},{"type":"B","date":"2018-03-19T01:48:18.000Z","volume":94000,"label":" ","price":10.24},{"type":"B","date":"2018-03-19T01:48:18.000Z","volume":4000,"label":"Y","price":10.22},{"type":"B","date":"2018-03-19T01:48:18.000Z","volume":4000,"label":" ","price":10.22},{"type":"B","date":"2018-03-19T01:48:24.000Z","volume":6000,"label":"Y","price":10.22},{"type":"B","date":"2018-03-19T01:48:24.000Z","volume":8000,"label":" ","price":10.22},{"type":"A","date":"2018-03-19T01:48:35.000Z","volume":2000,"label":" ","price":10.24},{"type":"B","date":"2018-03-19T01:48:40.000Z","volume":6000,"label":"Y","price":10.22},{"type":"B","date":"2018-03-19T01:48:40.000Z","volume":60000,"label":" ","price":10.22},{"type":"B","date":"2018-03-19T01:48:40.000Z","volume":78000,"label":" ","price":10.2},{"type":"B","date":"2018-03-19T01:48:40.000Z","volume":10000,"label":" ","price":10.2},{"type":"B","date":"2018-03-19T01:48:43.000Z","volume":2000,"label":" ","price":10.2},{"type":"U","date":"2018-03-19T01:48:44.000Z","volume":8000,"label":" ","price":10.22},{"type":"A","date":"2018-03-19T01:48:51.000Z","volume":6000,"label":" ","price":10.22},{"type":"B","date":"2018-03-19T01:48:51.000Z","volume":2000,"label":" ","price":10.2},{"type":"B","date":"2018-03-19T01:48:52.000Z","volume":80000,"label":" ","price":10.2},{"type":"A","date":"2018-03-19T01:48:52.000Z","volume":2000,"label":" ","price":10.2},{"type":"B","date":"2018-03-19T01:48:52.000Z","volume":6000,"label":" ","price":10.18},{"type":"A","date":"2018-03-19T01:48:55.000Z","volume":10000,"label":" ","price":10.2},{"type":"A","date":"2018-03-19T01:48:57.000Z","volume":6000,"label":" ","price":10.2},{"type":"A","date":"2018-03-19T01:48:59.000Z","volume":84000,"label":" ","price":10.2},{"type":"A","date":"2018-03-19T01:48:59.000Z","volume":36000,"label":" ","price":10.2},{"type":"A","date":"2018-03-19T01:49:00.000Z","volume":2000,"label":" ","price":10.2},{"type":"B","date":"2018-03-19T01:49:00.000Z","volume":10000,"label":" ","price":10.18},{"type":"A","date":"2018-03-19T01:49:22.000Z","volume":2000,"label":" ","price":10.22},{"type":"B","date":"2018-03-19T01:49:25.000Z","volume":10000,"label":" ","price":10.2},{"type":"A","date":"2018-03-19T01:49:31.000Z","volume":4000,"label":" ","price":10.22},{"type":"B","date":"2018-03-19T01:49:31.000Z","volume":2000,"label":" ","price":10.2},{"type":"B","date":"2018-03-19T01:49:37.000Z","volume":12000,"label":" ","price":10.2},{"type":"B","date":"2018-03-19T01:49:40.000Z","volume":2000,"label":" ","price":10.2},{"type":"B","date":"2018-03-19T01:49:40.000Z","volume":14000,"label":" ","price":10.2},{"type":"B","date":"2018-03-19T01:49:40.000Z","volume":2000,"label":" ","price":10.2},{"type":"B","date":"2018-03-19T01:49:41.000Z","volume":46000,"label":" ","price":10.2},{"type":"B","date":"2018-03-19T01:49:42.000Z","volume":2000,"label":" ","price":10.18},{"type":"B","date":"2018-03-19T01:49:44.000Z","volume":10000,"label":" ","price":10.18},{"type":"B","date":"2018-03-19T01:49:44.000Z","volume":2000,"label":" ","price":10.18},{"type":"A","date":"2018-03-19T01:49:46.000Z","volume":2000,"label":" ","price":10.2},{"type":"A","date":"2018-03-19T01:49:50.000Z","volume":10000,"label":" ","price":10.2},{"type":"A","date":"2018-03-19T01:49:53.000Z","volume":2000,"label":" ","price":10.2},{"type":"B","date":"2018-03-19T01:49:55.000Z","volume":56000,"label":" ","price":10.18},{"type":"B","date":"2018-03-19T01:49:55.000Z","volume":4000,"label":" ","price":10.18},{"type":"B","date":"2018-03-19T01:49:56.000Z","volume":2000,"label":" ","price":10.18},{"type":"B","date":"2018-03-19T01:49:56.000Z","volume":34000,"label":" ","price":10.18},{"type":"B","date":"2018-03-19T01:49:56.000Z","volume":4000,"label":" ","price":10.16},{"type":"A","date":"2018-03-19T01:49:57.000Z","volume":2000,"label":" ","price":10.2},{"type":"A","date":"2018-03-19T01:50:02.000Z","volume":10000,"label":" ","price":10.2},{"type":"B","date":"2018-03-19T01:50:02.000Z","volume":14000,"label":"Y","price":10.16},{"type":"A","date":"2018-03-19T01:50:12.000Z","volume":6000,"label":" ","price":10.18},{"type":"A","date":"2018-03-19T01:50:15.000Z","volume":6000,"label":" ","price":10.18},{"type":"B","date":"2018-03-19T01:50:15.000Z","volume":2000,"label":"Y","price":10.16},{"type":"A","date":"2018-03-19T01:50:16.000Z","volume":2000,"label":" ","price":10.18},{"type":"A","date":"2018-03-19T01:50:17.000Z","volume":30000,"label":" ","price":10.18},{"type":"B","date":"2018-03-19T01:50:17.000Z","volume":2000,"label":"Y","price":10.16},{"type":"A","date":"2018-03-19T01:50:20.000Z","volume":2000,"label":" ","price":10.18},{"type":"B","date":"2018-03-19T01:50:21.000Z","volume":12000,"label":" ","price":10.16},{"type":"B","date":"2018-03-19T01:50:35.000Z","volume":40000,"label":" ","price":10.16},{"type":"B","date":"2018-03-19T01:50:35.000Z","volume":4000,"label":" ","price":10.14},{"type":"A","date":"2018-03-19T01:50:36.000Z","volume":14000,"label":" ","price":10.16},{"type":"A","date":"2018-03-19T01:50:57.000Z","volume":10000,"label":" ","price":10.16},{"type":"B","date":"2018-03-19T01:50:57.000Z","volume":2000,"label":" ","price":10.14},{"type":"B","date":"2018-03-19T01:50:58.000Z","volume":6000,"label":" ","price":10.14},{"type":"A","date":"2018-03-19T01:50:59.000Z","volume":2000,"label":" ","price":10.16},{"type":"B","date":"2018-03-19T01:50:59.000Z","volume":2000,"label":"Y","price":10.14},{"type":"B","date":"2018-03-19T01:50:59.000Z","volume":30000,"label":" ","price":10.14},{"type":"B","date":"2018-03-19T01:51:00.000Z","volume":2000,"label":" ","price":10.14},{"type":"A","date":"2018-03-19T01:51:02.000Z","volume":8000,"label":"Y","price":10.16},{"type":"B","date":"2018-03-19T01:51:07.000Z","volume":10000,"label":" ","price":10.14},{"type":"A","date":"2018-03-19T01:51:08.000Z","volume":2000,"label":" ","price":10.16},{"type":"B","date":"2018-03-19T01:51:25.000Z","volume":14000,"label":" ","price":10.14},{"type":"B","date":"2018-03-19T01:51:25.000Z","volume":2000,"label":"Y","price":10.14},{"type":"B","date":"2018-03-19T01:51:26.000Z","volume":2000,"label":" ","price":10.14},{"type":"A","date":"2018-03-19T01:51:29.000Z","volume":2000,"label":" ","price":10.16},{"type":"B","date":"2018-03-19T01:51:31.000Z","volume":10000,"label":" ","price":10.14},{"type":"A","date":"2018-03-19T01:51:34.000Z","volume":10000,"label":" ","price":10.16},{"type":"B","date":"2018-03-19T01:51:34.000Z","volume":2000,"label":" ","price":10.14},{"type":"B","date":"2018-03-19T01:51:39.000Z","volume":8000,"label":" ","price":10.14},{"type":"B","date":"2018-03-19T01:51:41.000Z","volume":4000,"label":" ","price":10.14},{"type":"A","date":"2018-03-19T01:51:42.000Z","volume":10000,"label":"Y","price":10.16},{"type":"B","date":"2018-03-19T01:51:44.000Z","volume":2000,"label":" ","price":10.14},{"type":"A","date":"2018-03-19T01:51:51.000Z","volume":8000,"label":" ","price":10.16},{"type":"B","date":"2018-03-19T01:51:51.000Z","volume":2000,"label":" ","price":10.14},{"type":"B","date":"2018-03-19T01:52:04.000Z","volume":10000,"label":" ","price":10.14},{"type":"B","date":"2018-03-19T01:52:17.000Z","volume":2000,"label":" ","price":10.14},{"type":"B","date":"2018-03-19T01:52:21.000Z","volume":2000,"label":" ","price":10.14},{"type":"B","date":"2018-03-19T01:52:25.000Z","volume":2000,"label":" ","price":10.14},{"type":"B","date":"2018-03-19T01:52:26.000Z","volume":6000,"label":" ","price":10.14},{"type":"B","date":"2018-03-19T01:52:29.000Z","volume":20000,"label":" ","price":10.14},{"type":"B","date":"2018-03-19T01:52:29.000Z","volume":2000,"label":" ","price":10.14},{"type":"B","date":"2018-03-19T01:52:33.000Z","volume":2000,"label":" ","price":10.14},{"type":"A","date":"2018-03-19T01:52:34.000Z","volume":182000,"label":" ","price":10.16},{"type":"A","date":"2018-03-19T01:52:34.000Z","volume":12000,"label":" ","price":10.18},{"type":"A","date":"2018-03-19T01:52:34.000Z","volume":6000,"label":" ","price":10.2},{"type":"B","date":"2018-03-19T01:52:35.000Z","volume":6000,"label":"Y","price":10.14},{"type":"B","date":"2018-03-19T01:52:35.000Z","volume":10000,"label":" ","price":10.14},{"type":"B","date":"2018-03-19T01:52:37.000Z","volume":2000,"label":" ","price":10.14},{"type":"A","date":"2018-03-19T01:52:47.000Z","volume":6000,"label":"Y","price":10.16},{"type":"A","date":"2018-03-19T01:52:47.000Z","volume":42000,"label":" ","price":10.16},{"type":"A","date":"2018-03-19T01:52:47.000Z","volume":12000,"label":"Y","price":10.18},{"type":"A","date":"2018-03-19T01:52:47.000Z","volume":100000,"label":" ","price":10.18},{"type":"A","date":"2018-03-19T01:52:47.000Z","volume":22000,"label":"Y","price":10.2},{"type":"A","date":"2018-03-19T01:52:47.000Z","volume":208000,"label":" ","price":10.2},{"type":"B","date":"2018-03-19T01:52:47.000Z","volume":26000,"label":" ","price":10.2},{"type":"B","date":"2018-03-19T01:52:48.000Z","volume":6000,"label":" ","price":10.2},{"type":"B","date":"2018-03-19T01:52:53.000Z","volume":2000,"label":" ","price":10.2},{"type":"B","date":"2018-03-19T01:52:53.000Z","volume":10000,"label":" ","price":10.2},{"type":"A","date":"2018-03-19T01:52:56.000Z","volume":2000,"label":" ","price":10.22},{"type":"B","date":"2018-03-19T01:52:56.000Z","volume":2000,"label":" ","price":10.2},{"type":"B","date":"2018-03-19T01:53:02.000Z","volume":42000,"label":" ","price":10.2},{"type":"B","date":"2018-03-19T01:53:02.000Z","volume":2000,"label":" ","price":10.18},{"type":"B","date":"2018-03-19T01:53:07.000Z","volume":20000,"label":" ","price":10.18},{"type":"B","date":"2018-03-19T01:53:07.000Z","volume":6000,"label":" ","price":10.18},{"type":"B","date":"2018-03-19T01:53:07.000Z","volume":2000,"label":" ","price":10.16},{"type":"B","date":"2018-03-19T01:53:19.000Z","volume":2000,"label":"Y","price":10.18},{"type":"B","date":"2018-03-19T01:53:19.000Z","volume":4000,"label":" ","price":10.14},{"type":"B","date":"2018-03-19T01:53:30.000Z","volume":22000,"label":"Y","price":10.16},{"type":"B","date":"2018-03-19T01:53:30.000Z","volume":6000,"label":" ","price":10.16},{"type":"B","date":"2018-03-19T01:53:30.000Z","volume":2000,"label":" ","price":10.14},{"type":"A","date":"2018-03-19T01:53:36.000Z","volume":10000,"label":" ","price":10.16},{"type":"A","date":"2018-03-19T01:53:38.000Z","volume":2000,"label":" ","price":10.16},{"type":"A","date":"2018-03-19T01:53:41.000Z","volume":66000,"label":" ","price":10.16},{"type":"B","date":"2018-03-19T01:53:41.000Z","volume":4000,"label":"Y","price":10.14},{"type":"A","date":"2018-03-19T01:53:41.000Z","volume":10000,"label":" ","price":10.2},{"type":"B","date":"2018-03-19T01:53:42.000Z","volume":2000,"label":"Y","price":10.14},{"type":"A","date":"2018-03-19T01:54:05.000Z","volume":12000,"label":" ","price":10.2},{"type":"A","date":"2018-03-19T01:54:07.000Z","volume":2000,"label":" ","price":10.2},{"type":"A","date":"2018-03-19T01:54:23.000Z","volume":10000,"label":" ","price":10.2},{"type":"B","date":"2018-03-19T01:54:27.000Z","volume":44000,"label":" ","price":10.16},{"type":"B","date":"2018-03-19T01:54:27.000Z","volume":14000,"label":" ","price":10.16},{"type":"B","date":"2018-03-19T01:54:27.000Z","volume":2000,"label":" ","price":10.16},{"type":"B","date":"2018-03-19T01:54:27.000Z","volume":2000,"label":" ","price":10.16},{"type":"B","date":"2018-03-19T01:54:27.000Z","volume":4000,"label":"Y","price":10.14},{"type":"A","date":"2018-03-19T01:54:27.000Z","volume":10000,"label":" ","price":10.2},{"type":"A","date":"2018-03-19T01:54:42.000Z","volume":4000,"label":" ","price":10.16},{"type":"A","date":"2018-03-19T01:54:43.000Z","volume":2000,"label":" ","price":10.16},{"type":"B","date":"2018-03-19T01:54:56.000Z","volume":2000,"label":" ","price":10.16},{"type":"A","date":"2018-03-19T01:54:59.000Z","volume":30000,"label":" ","price":10.18},{"type":"B","date":"2018-03-19T01:54:59.000Z","volume":2000,"label":" ","price":10.16},{"type":"B","date":"2018-03-19T01:55:17.000Z","volume":2000,"label":" ","price":10.16},{"type":"B","date":"2018-03-19T01:55:23.000Z","volume":2000,"label":" ","price":10.16},{"type":"B","date":"2018-03-19T01:55:23.000Z","volume":2000,"label":" ","price":10.16},{"type":"A","date":"2018-03-19T01:55:24.000Z","volume":4000,"label":" ","price":10.18},{"type":"A","date":"2018-03-19T01:55:36.000Z","volume":20000,"label":"Y","price":10.18},{"type":"A","date":"2018-03-19T01:55:36.000Z","volume":34000,"label":" ","price":10.18},{"type":"A","date":"2018-03-19T01:55:36.000Z","volume":8000,"label":"Y","price":10.2},{"type":"A","date":"2018-03-19T01:55:36.000Z","volume":38000,"label":" ","price":10.2},{"type":"B","date":"2018-03-19T01:55:36.000Z","volume":4000,"label":" ","price":10.16},{"type":"A","date":"2018-03-19T01:56:04.000Z","volume":4000,"label":" ","price":10.2},{"type":"B","date":"2018-03-19T01:56:04.000Z","volume":2000,"label":" ","price":10.18},{"type":"A","date":"2018-03-19T01:56:10.000Z","volume":30000,"label":" ","price":10.2},{"type":"B","date":"2018-03-19T01:56:10.000Z","volume":2000,"label":" ","price":10.18},{"type":"A","date":"2018-03-19T01:56:10.000Z","volume":44000,"label":" ","price":10.2},{"type":"B","date":"2018-03-19T01:56:10.000Z","volume":2000,"label":" ","price":10.18},{"type":"B","date":"2018-03-19T01:56:11.000Z","volume":2000,"label":" ","price":10.18},{"type":"A","date":"2018-03-19T01:56:12.000Z","volume":30000,"label":" ","price":10.2},{"type":"B","date":"2018-03-19T01:56:12.000Z","volume":4000,"label":" ","price":10.18},{"type":"B","date":"2018-03-19T01:56:20.000Z","volume":10000,"label":" ","price":10.18},{"type":"B","date":"2018-03-19T01:56:28.000Z","volume":4000,"label":" ","price":10.18},{"type":"A","date":"2018-03-19T01:56:35.000Z","volume":2000,"label":" ","price":10.2},{"type":"A","date":"2018-03-19T01:56:44.000Z","volume":42000,"label":" ","price":10.2},{"type":"A","date":"2018-03-19T01:56:44.000Z","volume":4000,"label":" ","price":10.2},{"type":"A","date":"2018-03-19T01:56:44.000Z","volume":64000,"label":" ","price":10.2},{"type":"B","date":"2018-03-19T01:56:44.000Z","volume":4000,"label":" ","price":10.18},{"type":"B","date":"2018-03-19T01:56:44.000Z","volume":4000,"label":" ","price":10.18},{"type":"U","date":"2018-03-19T01:57:03.000Z","volume":4000,"label":" ","price":10.2},{"type":"A","date":"2018-03-19T01:57:25.000Z","volume":14000,"label":" ","price":10.22},{"type":"B","date":"2018-03-19T01:57:25.000Z","volume":2000,"label":" ","price":10.2},{"type":"B","date":"2018-03-19T01:57:29.000Z","volume":2000,"label":" ","price":10.2},{"type":"A","date":"2018-03-19T01:57:32.000Z","volume":10000,"label":" ","price":10.22},{"type":"A","date":"2018-03-19T01:57:44.000Z","volume":18000,"label":" ","price":10.22},{"type":"B","date":"2018-03-19T01:57:44.000Z","volume":2000,"label":"Y","price":10.22},{"type":"A","date":"2018-03-19T01:57:58.000Z","volume":6000,"label":"Y","price":10.24},{"type":"A","date":"2018-03-19T01:57:58.000Z","volume":46000,"label":" ","price":10.24},{"type":"A","date":"2018-03-19T01:57:58.000Z","volume":98000,"label":" ","price":10.26},{"type":"B","date":"2018-03-19T01:57:58.000Z","volume":10000,"label":"Y","price":10.22},{"type":"A","date":"2018-03-19T01:58:13.000Z","volume":4000,"label":" ","price":10.24},{"type":"A","date":"2018-03-19T01:58:26.000Z","volume":22000,"label":" ","price":10.28},{"type":"A","date":"2018-03-19T01:58:26.000Z","volume":4000,"label":" ","price":10.28},{"type":"B","date":"2018-03-19T01:58:26.000Z","volume":2000,"label":" ","price":10.26},{"type":"A","date":"2018-03-19T01:58:30.000Z","volume":4000,"label":" ","price":10.28},{"type":"A","date":"2018-03-19T01:58:30.000Z","volume":8000,"label":" ","price":10.28},{"type":"B","date":"2018-03-19T01:58:30.000Z","volume":2000,"label":" ","price":10.26},{"type":"B","date":"2018-03-19T01:58:40.000Z","volume":2000,"label":" ","price":10.26},{"type":"A","date":"2018-03-19T01:58:49.000Z","volume":4000,"label":" ","price":10.28},{"type":"A","date":"2018-03-19T01:58:56.000Z","volume":2000,"label":" ","price":10.28},{"type":"A","date":"2018-03-19T01:59:06.000Z","volume":4000,"label":" ","price":10.28},{"type":"B","date":"2018-03-19T01:59:12.000Z","volume":4000,"label":" ","price":10.26},{"type":"A","date":"2018-03-19T01:59:13.000Z","volume":10000,"label":" ","price":10.28},{"type":"B","date":"2018-03-19T01:59:13.000Z","volume":2000,"label":" ","price":10.26},{"type":"A","date":"2018-03-19T01:59:23.000Z","volume":24000,"label":" ","price":10.28},{"type":"A","date":"2018-03-19T01:59:23.000Z","volume":6000,"label":" ","price":10.28},{"type":"B","date":"2018-03-19T01:59:24.000Z","volume":2000,"label":" ","price":10.26},{"type":"B","date":"2018-03-19T01:59:28.000Z","volume":2000,"label":" ","price":10.26},{"type":"A","date":"2018-03-19T01:59:46.000Z","volume":2000,"label":" ","price":10.3},{"type":"A","date":"2018-03-19T01:59:47.000Z","volume":32000,"label":" ","price":10.3},{"type":"B","date":"2018-03-19T01:59:47.000Z","volume":2000,"label":" ","price":10.26},{"type":"A","date":"2018-03-19T02:00:02.000Z","volume":2000,"label":" ","price":10.3},{"type":"B","date":"2018-03-19T02:00:05.000Z","volume":50000,"label":" ","price":10.28},{"type":"B","date":"2018-03-19T02:00:05.000Z","volume":4000,"label":" ","price":10.26},{"type":"B","date":"2018-03-19T02:00:19.000Z","volume":16000,"label":" ","price":10.28},{"type":"B","date":"2018-03-19T02:00:19.000Z","volume":2000,"label":" ","price":10.26},{"type":"B","date":"2018-03-19T02:00:22.000Z","volume":72000,"label":" ","price":10.26},{"type":"B","date":"2018-03-19T02:00:22.000Z","volume":4000,"label":" ","price":10.26},{"type":"A","date":"2018-03-19T02:00:37.000Z","volume":2000,"label":" ","price":10.28},{"type":"A","date":"2018-03-19T02:00:48.000Z","volume":4000,"label":" ","price":10.28},{"type":"B","date":"2018-03-19T02:00:48.000Z","volume":2000,"label":" ","price":10.26},{"type":"A","date":"2018-03-19T02:00:49.000Z","volume":4000,"label":" ","price":10.28},{"type":"A","date":"2018-03-19T02:00:49.000Z","volume":20000,"label":" ","price":10.28},{"type":"B","date":"2018-03-19T02:00:50.000Z","volume":2000,"label":" ","price":10.26},{"type":"A","date":"2018-03-19T02:00:56.000Z","volume":10000,"label":" ","price":10.28},{"type":"A","date":"2018-03-19T02:01:04.000Z","volume":2000,"label":" ","price":10.28},{"type":"A","date":"2018-03-19T02:01:04.000Z","volume":2000,"label":" ","price":10.28},{"type":"A","date":"2018-03-19T02:01:04.000Z","volume":2000,"label":" ","price":10.28},{"type":"A","date":"2018-03-19T02:01:04.000Z","volume":2000,"label":" ","price":10.28},{"type":"A","date":"2018-03-19T02:01:07.000Z","volume":12000,"label":" ","price":10.28},{"type":"B","date":"2018-03-19T02:01:08.000Z","volume":2000,"label":" ","price":10.26},{"type":"A","date":"2018-03-19T02:01:25.000Z","volume":4000,"label":" ","price":10.28},{"type":"B","date":"2018-03-19T02:01:26.000Z","volume":52000,"label":" ","price":10.26},{"type":"B","date":"2018-03-19T02:01:26.000Z","volume":4000,"label":" ","price":10.26},{"type":"B","date":"2018-03-19T02:01:34.000Z","volume":30000,"label":" ","price":10.26},{"type":"B","date":"2018-03-19T02:01:34.000Z","volume":2000,"label":" ","price":10.26},{"type":"B","date":"2018-03-19T02:01:55.000Z","volume":300000,"label":" ","price":10.26},{"type":"B","date":"2018-03-19T02:01:56.000Z","volume":22000,"label":" ","price":10.26},{"type":"B","date":"2018-03-19T02:02:00.000Z","volume":4000,"label":" ","price":10.26},{"type":"B","date":"2018-03-19T02:02:19.000Z","volume":20000,"label":" ","price":10.26},{"type":"B","date":"2018-03-19T02:02:19.000Z","volume":2000,"label":" ","price":10.26},{"type":"A","date":"2018-03-19T02:02:20.000Z","volume":2000,"label":" ","price":10.28},{"type":"A","date":"2018-03-19T02:02:35.000Z","volume":4000,"label":" ","price":10.28},{"type":"A","date":"2018-03-19T02:02:37.000Z","volume":10000,"label":" ","price":10.28},{"type":"B","date":"2018-03-19T02:02:37.000Z","volume":2000,"label":" ","price":10.26},{"type":"A","date":"2018-03-19T02:02:46.000Z","volume":26000,"label":" ","price":10.28},{"type":"B","date":"2018-03-19T02:02:46.000Z","volume":2000,"label":" ","price":10.26},{"type":"A","date":"2018-03-19T02:02:49.000Z","volume":28000,"label":" ","price":10.28},{"type":"B","date":"2018-03-19T02:02:50.000Z","volume":2000,"label":" ","price":10.26},{"type":"A","date":"2018-03-19T02:03:02.000Z","volume":2000,"label":" ","price":10.28},{"type":"A","date":"2018-03-19T02:03:09.000Z","volume":10000,"label":" ","price":10.28},{"type":"B","date":"2018-03-19T02:03:40.000Z","volume":500000,"label":" ","price":10.26},{"type":"B","date":"2018-03-19T02:03:40.000Z","volume":10000,"label":" ","price":10.26},{"type":"B","date":"2018-03-19T02:03:40.000Z","volume":16000,"label":" ","price":10.24},{"type":"B","date":"2018-03-19T02:03:40.000Z","volume":10000,"label":"Y","price":10.22},{"type":"B","date":"2018-03-19T02:03:40.000Z","volume":12000,"label":" ","price":10.22},{"type":"U","date":"2018-03-19T02:03:47.000Z","volume":2000,"label":" ","price":10.24},{"type":"B","date":"2018-03-19T02:03:52.000Z","volume":16000,"label":" ","price":10.22},{"type":"B","date":"2018-03-19T02:03:52.000Z","volume":2000,"label":" ","price":10.22},{"type":"B","date":"2018-03-19T02:03:55.000Z","volume":12000,"label":" ","price":10.24},{"type":"A","date":"2018-03-19T02:03:59.000Z","volume":16000,"label":"Y","price":10.24},{"type":"A","date":"2018-03-19T02:03:59.000Z","volume":10000,"label":" ","price":10.24},{"type":"A","date":"2018-03-19T02:03:59.000Z","volume":2000,"label":"Y","price":10.26},{"type":"A","date":"2018-03-19T02:03:59.000Z","volume":16000,"label":" ","price":10.26},{"type":"A","date":"2018-03-19T02:03:59.000Z","volume":12000,"label":"Y","price":10.28},{"type":"A","date":"2018-03-19T02:03:59.000Z","volume":94000,"label":" ","price":10.28},{"type":"B","date":"2018-03-19T02:03:59.000Z","volume":40000,"label":" ","price":10.28},{"type":"B","date":"2018-03-19T02:03:59.000Z","volume":10000,"label":" ","price":10.28},{"type":"B","date":"2018-03-19T02:03:59.000Z","volume":2000,"label":" ","price":10.28},{"type":"B","date":"2018-03-19T02:03:59.000Z","volume":2000,"label":" ","price":10.26},{"type":"U","date":"2018-03-19T02:04:43.000Z","volume":4000,"label":" ","price":10.26},{"type":"A","date":"2018-03-19T02:05:01.000Z","volume":50000,"label":" ","price":10.28},{"type":"A","date":"2018-03-19T02:05:01.000Z","volume":4000,"label":" ","price":10.28},{"type":"A","date":"2018-03-19T02:05:13.000Z","volume":54000,"label":" ","price":10.3},{"type":"B","date":"2018-03-19T02:05:14.000Z","volume":4000,"label":" ","price":10.28},{"type":"A","date":"2018-03-19T02:05:49.000Z","volume":2000,"label":" ","price":10.32},{"type":"B","date":"2018-03-19T02:06:00.000Z","volume":10000,"label":" ","price":10.3},{"type":"B","date":"2018-03-19T02:06:00.000Z","volume":2000,"label":" ","price":10.3},{"type":"B","date":"2018-03-19T02:06:07.000Z","volume":46000,"label":" ","price":10.3},{"type":"B","date":"2018-03-19T02:06:07.000Z","volume":2000,"label":" ","price":10.28},{"type":"A","date":"2018-03-19T02:06:07.000Z","volume":20000,"label":" ","price":10.3},{"type":"B","date":"2018-03-19T02:06:07.000Z","volume":2000,"label":" ","price":10.28},{"type":"A","date":"2018-03-19T02:06:10.000Z","volume":2000,"label":" ","price":10.3},{"type":"A","date":"2018-03-19T02:06:21.000Z","volume":62000,"label":" ","price":10.3},{"type":"A","date":"2018-03-19T02:06:21.000Z","volume":22000,"label":" ","price":10.32},{"type":"B","date":"2018-03-19T02:06:21.000Z","volume":6000,"label":"Y","price":10.28},{"type":"B","date":"2018-03-19T02:07:13.000Z","volume":46000,"label":" ","price":10.28},{"type":"B","date":"2018-03-19T02:07:13.000Z","volume":4000,"label":" ","price":10.26},{"type":"A","date":"2018-03-19T02:07:19.000Z","volume":28000,"label":" ","price":10.28},{"type":"B","date":"2018-03-19T02:07:19.000Z","volume":2000,"label":" ","price":10.26},{"type":"A","date":"2018-03-19T02:07:21.000Z","volume":2000,"label":" ","price":10.3},{"type":"A","date":"2018-03-19T02:07:23.000Z","volume":4000,"label":" ","price":10.3},{"type":"A","date":"2018-03-19T02:07:44.000Z","volume":38000,"label":" ","price":10.3},{"type":"B","date":"2018-03-19T02:07:44.000Z","volume":4000,"label":" ","price":10.28},{"type":"A","date":"2018-03-19T02:07:46.000Z","volume":4000,"label":"Y","price":10.3},{"type":"A","date":"2018-03-19T02:07:46.000Z","volume":6000,"label":" ","price":10.3},{"type":"A","date":"2018-03-19T02:07:47.000Z","volume":2000,"label":" ","price":10.3},{"type":"A","date":"2018-03-19T02:07:47.000Z","volume":26000,"label":" ","price":10.3},{"type":"B","date":"2018-03-19T02:07:47.000Z","volume":2000,"label":" ","price":10.28},{"type":"B","date":"2018-03-19T02:08:07.000Z","volume":34000,"label":" ","price":10.28},{"type":"A","date":"2018-03-19T02:08:07.000Z","volume":16000,"label":" ","price":10.28},{"type":"B","date":"2018-03-19T02:08:08.000Z","volume":4000,"label":" ","price":10.26},{"type":"A","date":"2018-03-19T02:08:10.000Z","volume":2000,"label":"Y","price":10.3},{"type":"B","date":"2018-03-19T02:08:41.000Z","volume":2000,"label":" ","price":10.28},{"type":"B","date":"2018-03-19T02:08:53.000Z","volume":34000,"label":" ","price":10.28},{"type":"B","date":"2018-03-19T02:08:53.000Z","volume":2000,"label":" ","price":10.26},{"type":"B","date":"2018-03-19T02:09:20.000Z","volume":600000,"label":" ","price":10.26},{"type":"B","date":"2018-03-19T02:09:20.000Z","volume":46000,"label":" ","price":10.26},{"type":"A","date":"2018-03-19T02:09:30.000Z","volume":2000,"label":" ","price":10.28},{"type":"B","date":"2018-03-19T02:09:35.000Z","volume":4000,"label":" ","price":10.26},{"type":"B","date":"2018-03-19T02:10:01.000Z","volume":12000,"label":" ","price":10.26},{"type":"B","date":"2018-03-19T02:10:06.000Z","volume":12000,"label":" ","price":10.26},{"type":"B","date":"2018-03-19T02:10:06.000Z","volume":2000,"label":" ","price":10.26},{"type":"B","date":"2018-03-19T02:10:09.000Z","volume":390000,"label":" ","price":10.26},{"type":"A","date":"2018-03-19T02:10:09.000Z","volume":6000,"label":" ","price":10.26},{"type":"B","date":"2018-03-19T02:10:09.000Z","volume":30000,"label":" ","price":10.24},{"type":"A","date":"2018-03-19T02:10:18.000Z","volume":6000,"label":" ","price":10.26},{"type":"A","date":"2018-03-19T02:10:23.000Z","volume":20000,"label":" ","price":10.26},{"type":"B","date":"2018-03-19T02:10:23.000Z","volume":2000,"label":" ","price":10.24},{"type":"A","date":"2018-03-19T02:10:36.000Z","volume":6000,"label":" ","price":10.26},{"type":"A","date":"2018-03-19T02:10:49.000Z","volume":4000,"label":"Y","price":10.26},{"type":"B","date":"2018-03-19T02:11:00.000Z","volume":8000,"label":" ","price":10.24},{"type":"A","date":"2018-03-19T02:11:01.000Z","volume":6000,"label":"Y","price":10.26},{"type":"B","date":"2018-03-19T02:11:04.000Z","volume":26000,"label":" ","price":10.24},{"type":"B","date":"2018-03-19T02:11:04.000Z","volume":124000,"label":" ","price":10.24},{"type":"B","date":"2018-03-19T02:11:05.000Z","volume":12000,"label":" ","price":10.22},{"type":"B","date":"2018-03-19T02:11:44.000Z","volume":2000,"label":" ","price":10.24},{"type":"A","date":"2018-03-19T02:12:23.000Z","volume":2000,"label":" ","price":10.26},{"type":"B","date":"2018-03-19T02:12:27.000Z","volume":10000,"label":" ","price":10.24},{"type":"B","date":"2018-03-19T02:13:07.000Z","volume":4000,"label":" ","price":10.24},{"type":"B","date":"2018-03-19T02:13:07.000Z","volume":2000,"label":" ","price":10.24},{"type":"A","date":"2018-03-19T02:13:13.000Z","volume":2000,"label":" ","price":10.26},{"type":"A","date":"2018-03-19T02:13:25.000Z","volume":52000,"label":" ","price":10.26},{"type":"A","date":"2018-03-19T02:13:25.000Z","volume":50000,"label":" ","price":10.26},{"type":"A","date":"2018-03-19T02:13:25.000Z","volume":24000,"label":" ","price":10.28},{"type":"B","date":"2018-03-19T02:13:25.000Z","volume":8000,"label":" ","price":10.24},{"type":"B","date":"2018-03-19T02:13:37.000Z","volume":2000,"label":" ","price":10.24},{"type":"B","date":"2018-03-19T02:13:37.000Z","volume":2000,"label":" ","price":10.24},{"type":"B","date":"2018-03-19T02:14:20.000Z","volume":16000,"label":" ","price":10.26},{"type":"B","date":"2018-03-19T02:14:20.000Z","volume":6000,"label":" ","price":10.24},{"type":"A","date":"2018-03-19T02:14:33.000Z","volume":4000,"label":" ","price":10.26},{"type":"A","date":"2018-03-19T02:15:06.000Z","volume":40000,"label":" ","price":10.26},{"type":"B","date":"2018-03-19T02:15:06.000Z","volume":4000,"label":" ","price":10.26},{"type":"B","date":"2018-03-19T02:15:12.000Z","volume":10000,"label":" ","price":10.26},{"type":"B","date":"2018-03-19T02:15:31.000Z","volume":10000,"label":" ","price":10.26},{"type":"B","date":"2018-03-19T02:15:31.000Z","volume":2000,"label":" ","price":10.26},{"type":"A","date":"2018-03-19T02:15:59.000Z","volume":16000,"label":" ","price":10.28},{"type":"B","date":"2018-03-19T02:16:01.000Z","volume":2000,"label":" ","price":10.26},{"type":"A","date":"2018-03-19T02:16:08.000Z","volume":30000,"label":" ","price":10.28},{"type":"A","date":"2018-03-19T02:16:09.000Z","volume":16000,"label":" ","price":10.28},{"type":"A","date":"2018-03-19T02:16:09.000Z","volume":40000,"label":" ","price":10.28},{"type":"B","date":"2018-03-19T02:16:09.000Z","volume":4000,"label":" ","price":10.26},{"type":"B","date":"2018-03-19T02:16:09.000Z","volume":4000,"label":" ","price":10.26},{"type":"B","date":"2018-03-19T02:16:39.000Z","volume":4000,"label":" ","price":10.28},{"type":"B","date":"2018-03-19T02:16:44.000Z","volume":24000,"label":" ","price":10.28},{"type":"A","date":"2018-03-19T02:16:44.000Z","volume":4000,"label":" ","price":10.28},{"type":"B","date":"2018-03-19T02:16:45.000Z","volume":2000,"label":" ","price":10.26},{"type":"A","date":"2018-03-19T02:16:54.000Z","volume":30000,"label":" ","price":10.28},{"type":"B","date":"2018-03-19T02:16:55.000Z","volume":2000,"label":" ","price":10.26},{"type":"B","date":"2018-03-19T02:17:14.000Z","volume":4000,"label":" ","price":10.26},{"type":"B","date":"2018-03-19T02:17:24.000Z","volume":4000,"label":" ","price":10.26},{"type":"A","date":"2018-03-19T02:17:27.000Z","volume":4000,"label":" ","price":10.28},{"type":"A","date":"2018-03-19T02:18:05.000Z","volume":4000,"label":" ","price":10.28},{"type":"B","date":"2018-03-19T02:18:05.000Z","volume":2000,"label":" ","price":10.26},{"type":"B","date":"2018-03-19T02:18:09.000Z","volume":8000,"label":" ","price":10.26},{"type":"A","date":"2018-03-19T02:18:36.000Z","volume":14000,"label":" ","price":10.28},{"type":"A","date":"2018-03-19T02:18:36.000Z","volume":40000,"label":" ","price":10.28},{"type":"B","date":"2018-03-19T02:18:37.000Z","volume":4000,"label":" ","price":10.26},{"type":"A","date":"2018-03-19T02:19:19.000Z","volume":6000,"label":" ","price":10.28},{"type":"A","date":"2018-03-19T02:19:47.000Z","volume":2000,"label":" ","price":10.28},{"type":"A","date":"2018-03-19T02:19:50.000Z","volume":10000,"label":" ","price":10.28},{"type":"B","date":"2018-03-19T02:19:50.000Z","volume":2000,"label":" ","price":10.26},{"type":"A","date":"2018-03-19T02:20:31.000Z","volume":72000,"label":" ","price":10.28},{"type":"B","date":"2018-03-19T02:20:31.000Z","volume":4000,"label":" ","price":10.26},{"type":"B","date":"2018-03-19T02:20:44.000Z","volume":2000,"label":" ","price":10.26},{"type":"A","date":"2018-03-19T02:20:45.000Z","volume":4000,"label":" ","price":10.3},{"type":"B","date":"2018-03-19T02:20:45.000Z","volume":2000,"label":" ","price":10.26},{"type":"A","date":"2018-03-19T02:21:18.000Z","volume":30000,"label":" ","price":10.3},{"type":"B","date":"2018-03-19T02:21:19.000Z","volume":2000,"label":" ","price":10.26},{"type":"U","date":"2018-03-19T02:21:32.000Z","volume":2000,"label":" ","price":10.28},{"type":"A","date":"2018-03-19T02:21:49.000Z","volume":30000,"label":" ","price":10.28},{"type":"B","date":"2018-03-19T02:21:49.000Z","volume":2000,"label":" ","price":10.26},{"type":"B","date":"2018-03-19T02:22:15.000Z","volume":48000,"label":" ","price":10.26},{"type":"B","date":"2018-03-19T02:22:15.000Z","volume":4000,"label":" ","price":10.26},{"type":"A","date":"2018-03-19T02:22:38.000Z","volume":2000,"label":" ","price":10.28},{"type":"B","date":"2018-03-19T02:22:45.000Z","volume":2000,"label":" ","price":10.26},{"type":"A","date":"2018-03-19T02:23:02.000Z","volume":60000,"label":" ","price":10.28},{"type":"B","date":"2018-03-19T02:23:02.000Z","volume":4000,"label":" ","price":10.26},{"type":"A","date":"2018-03-19T02:23:08.000Z","volume":4000,"label":" ","price":10.28},{"type":"A","date":"2018-03-19T02:23:44.000Z","volume":160000,"label":" ","price":10.28},{"type":"B","date":"2018-03-19T02:23:44.000Z","volume":12000,"label":" ","price":10.26},{"type":"B","date":"2018-03-19T02:23:46.000Z","volume":10000,"label":" ","price":10.26},{"type":"B","date":"2018-03-19T02:23:46.000Z","volume":2000,"label":" ","price":10.26},{"type":"A","date":"2018-03-19T02:24:02.000Z","volume":4000,"label":" ","price":10.3},{"type":"A","date":"2018-03-19T02:24:09.000Z","volume":26000,"label":" ","price":10.3},{"type":"B","date":"2018-03-19T02:24:09.000Z","volume":2000,"label":" ","price":10.26},{"type":"B","date":"2018-03-19T02:24:48.000Z","volume":52000,"label":" ","price":10.28},{"type":"B","date":"2018-03-19T02:24:48.000Z","volume":4000,"label":" ","price":10.26},{"type":"B","date":"2018-03-19T02:25:20.000Z","volume":4000,"label":" ","price":10.26},{"type":"B","date":"2018-03-19T02:25:25.000Z","volume":2000,"label":" ","price":10.26},{"type":"B","date":"2018-03-19T02:25:55.000Z","volume":2000,"label":" ","price":10.26},{"type":"B","date":"2018-03-19T02:26:03.000Z","volume":2000,"label":" ","price":10.26},{"type":"A","date":"2018-03-19T02:26:07.000Z","volume":2000,"label":" ","price":10.28},{"type":"B","date":"2018-03-19T02:26:17.000Z","volume":2000,"label":" ","price":10.26},{"type":"B","date":"2018-03-19T02:26:40.000Z","volume":2000,"label":" ","price":10.26},{"type":"B","date":"2018-03-19T02:26:50.000Z","volume":2000,"label":" ","price":10.26},{"type":"A","date":"2018-03-19T02:26:52.000Z","volume":2000,"label":" ","price":10.28},{"type":"B","date":"2018-03-19T02:26:59.000Z","volume":930000,"label":" ","price":10.26},{"type":"B","date":"2018-03-19T02:26:59.000Z","volume":24000,"label":" ","price":10.24},{"type":"A","date":"2018-03-19T02:26:59.000Z","volume":40000,"label":" ","price":10.26},{"type":"B","date":"2018-03-19T02:26:59.000Z","volume":72000,"label":" ","price":10.22},{"type":"B","date":"2018-03-19T02:26:59.000Z","volume":4000,"label":" ","price":10.22},{"type":"A","date":"2018-03-19T02:27:09.000Z","volume":20000,"label":" ","price":10.24},{"type":"B","date":"2018-03-19T02:27:09.000Z","volume":2000,"label":" ","price":10.22},{"type":"B","date":"2018-03-19T02:28:11.000Z","volume":4000,"label":" ","price":10.22},{"type":"B","date":"2018-03-19T02:28:40.000Z","volume":2000,"label":" ","price":10.22},{"type":"B","date":"2018-03-19T02:28:46.000Z","volume":10000,"label":" ","price":10.22},{"type":"A","date":"2018-03-19T02:28:56.000Z","volume":20000,"label":" ","price":10.24},{"type":"B","date":"2018-03-19T02:28:57.000Z","volume":30000,"label":" ","price":10.22},{"type":"B","date":"2018-03-19T02:28:57.000Z","volume":2000,"label":" ","price":10.22},{"type":"B","date":"2018-03-19T02:28:57.000Z","volume":2000,"label":" ","price":10.22},{"type":"B","date":"2018-03-19T02:29:15.000Z","volume":2000,"label":" ","price":10.22},{"type":"B","date":"2018-03-19T02:29:30.000Z","volume":2000,"label":" ","price":10.22},{"type":"B","date":"2018-03-19T02:29:34.000Z","volume":10000,"label":" ","price":10.22},{"type":"B","date":"2018-03-19T02:29:34.000Z","volume":2000,"label":" ","price":10.2},{"type":"U","date":"2018-03-19T02:29:43.000Z","volume":4000,"label":" ","price":10.22},{"type":"U","date":"2018-03-19T02:29:44.000Z","volume":2000,"label":" ","price":10.22},{"type":"A","date":"2018-03-19T02:29:49.000Z","volume":2000,"label":" ","price":10.22},{"type":"A","date":"2018-03-19T02:29:49.000Z","volume":6000,"label":" ","price":10.22},{"type":"A","date":"2018-03-19T02:29:49.000Z","volume":2000,"label":" ","price":10.22},{"type":"B","date":"2018-03-19T02:29:59.000Z","volume":2000,"label":" ","price":10.22},{"type":"A","date":"2018-03-19T02:30:03.000Z","volume":20000,"label":" ","price":10.24},{"type":"B","date":"2018-03-19T02:30:03.000Z","volume":2000,"label":" ","price":10.22},{"type":"U","date":"2018-03-19T02:31:09.000Z","volume":4000,"label":" ","price":10.24},{"type":"B","date":"2018-03-19T02:31:13.000Z","volume":36000,"label":" ","price":10.24},{"type":"B","date":"2018-03-19T02:31:13.000Z","volume":20000,"label":" ","price":10.22},{"type":"B","date":"2018-03-19T02:31:13.000Z","volume":4000,"label":" ","price":10.22},{"type":"B","date":"2018-03-19T02:31:13.000Z","volume":4000,"label":" ","price":10.22},{"type":"A","date":"2018-03-19T02:31:14.000Z","volume":4000,"label":" ","price":10.24},{"type":"B","date":"2018-03-19T02:31:14.000Z","volume":2000,"label":" ","price":10.2},{"type":"B","date":"2018-03-19T02:31:41.000Z","volume":8000,"label":" ","price":10.22},{"type":"B","date":"2018-03-19T02:32:30.000Z","volume":2000,"label":" ","price":10.22},{"type":"A","date":"2018-03-19T02:32:34.000Z","volume":12000,"label":" ","price":10.24},{"type":"B","date":"2018-03-19T02:33:00.000Z","volume":2000,"label":" ","price":10.22},{"type":"B","date":"2018-03-19T02:33:00.000Z","volume":2000,"label":" ","price":10.22},{"type":"B","date":"2018-03-19T02:33:10.000Z","volume":2000,"label":" ","price":10.22},{"type":"B","date":"2018-03-19T02:33:20.000Z","volume":2000,"label":" ","price":10.22},{"type":"B","date":"2018-03-19T02:33:29.000Z","volume":2000,"label":" ","price":10.22},{"type":"B","date":"2018-03-19T02:33:40.000Z","volume":2000,"label":" ","price":10.22},{"type":"A","date":"2018-03-19T02:33:48.000Z","volume":10000,"label":" ","price":10.24},{"type":"B","date":"2018-03-19T02:33:58.000Z","volume":26000,"label":" ","price":10.22},{"type":"B","date":"2018-03-19T02:33:58.000Z","volume":2000,"label":"Y","price":10.2},{"type":"B","date":"2018-03-19T02:34:10.000Z","volume":2000,"label":" ","price":10.2},{"type":"B","date":"2018-03-19T02:34:29.000Z","volume":2000,"label":" ","price":10.2},{"type":"B","date":"2018-03-19T02:34:29.000Z","volume":2000,"label":" ","price":10.2},{"type":"A","date":"2018-03-19T02:34:44.000Z","volume":2000,"label":" ","price":10.22},{"type":"B","date":"2018-03-19T02:34:45.000Z","volume":40000,"label":" ","price":10.2},{"type":"B","date":"2018-03-19T02:34:45.000Z","volume":4000,"label":" ","price":10.2},{"type":"A","date":"2018-03-19T02:34:47.000Z","volume":12000,"label":" ","price":10.22},{"type":"B","date":"2018-03-19T02:34:49.000Z","volume":2000,"label":" ","price":10.2},{"type":"B","date":"2018-03-19T02:34:53.000Z","volume":10000,"label":" ","price":10.2},{"type":"B","date":"2018-03-19T02:34:53.000Z","volume":2000,"label":" ","price":10.2},{"type":"B","date":"2018-03-19T02:34:54.000Z","volume":2000,"label":"Y","price":10.2},{"type":"B","date":"2018-03-19T02:34:58.000Z","volume":2000,"label":" ","price":10.2},{"type":"B","date":"2018-03-19T02:35:16.000Z","volume":2000,"label":" ","price":10.2},{"type":"A","date":"2018-03-19T02:35:26.000Z","volume":16000,"label":" ","price":10.22},{"type":"B","date":"2018-03-19T02:35:27.000Z","volume":2000,"label":" ","price":10.2},{"type":"A","date":"2018-03-19T02:35:34.000Z","volume":8000,"label":" ","price":10.22},{"type":"B","date":"2018-03-19T02:35:37.000Z","volume":4000,"label":"Y","price":10.2},{"type":"B","date":"2018-03-19T02:35:37.000Z","volume":76000,"label":" ","price":10.2},{"type":"B","date":"2018-03-19T02:35:37.000Z","volume":6000,"label":" ","price":10.2},{"type":"A","date":"2018-03-19T02:35:38.000Z","volume":2000,"label":" ","price":10.22},{"type":"B","date":"2018-03-19T02:35:46.000Z","volume":44000,"label":" ","price":10.2},{"type":"B","date":"2018-03-19T02:35:46.000Z","volume":2000,"label":" ","price":10.18},{"type":"A","date":"2018-03-19T02:36:01.000Z","volume":4000,"label":"Y","price":10.2},{"type":"B","date":"2018-03-19T02:36:03.000Z","volume":46000,"label":" ","price":10.18},{"type":"B","date":"2018-03-19T02:36:03.000Z","volume":4000,"label":" ","price":10.18},{"type":"B","date":"2018-03-19T02:36:43.000Z","volume":40000,"label":" ","price":10.18},{"type":"B","date":"2018-03-19T02:36:44.000Z","volume":4000,"label":" ","price":10.18},{"type":"A","date":"2018-03-19T02:37:04.000Z","volume":100000,"label":" ","price":10.2},{"type":"A","date":"2018-03-19T02:37:04.000Z","volume":42000,"label":" ","price":10.2},{"type":"A","date":"2018-03-19T02:37:04.000Z","volume":14000,"label":" ","price":10.22},{"type":"B","date":"2018-03-19T02:37:04.000Z","volume":6000,"label":" ","price":10.2},{"type":"B","date":"2018-03-19T02:37:05.000Z","volume":4000,"label":" ","price":10.2},{"type":"B","date":"2018-03-19T02:37:05.000Z","volume":2000,"label":" ","price":10.2},{"type":"B","date":"2018-03-19T02:37:23.000Z","volume":4000,"label":"Y","price":10.2},{"type":"B","date":"2018-03-19T02:37:23.000Z","volume":56000,"label":" ","price":10.2},{"type":"B","date":"2018-03-19T02:37:23.000Z","volume":4000,"label":" ","price":10.18},{"type":"A","date":"2018-03-19T02:37:30.000Z","volume":28000,"label":" ","price":10.2},{"type":"B","date":"2018-03-19T02:37:31.000Z","volume":2000,"label":" ","price":10.2},{"type":"B","date":"2018-03-19T02:37:31.000Z","volume":164000,"label":" ","price":10.2},{"type":"B","date":"2018-03-19T02:37:31.000Z","volume":12000,"label":" ","price":10.2},{"type":"A","date":"2018-03-19T02:37:55.000Z","volume":2000,"label":" ","price":10.24},{"type":"A","date":"2018-03-19T02:38:16.000Z","volume":10000,"label":" ","price":10.24},{"type":"A","date":"2018-03-19T02:38:34.000Z","volume":2000,"label":" ","price":10.24},{"type":"A","date":"2018-03-19T02:38:40.000Z","volume":10000,"label":" ","price":10.24},{"type":"B","date":"2018-03-19T02:38:40.000Z","volume":2000,"label":" ","price":10.22},{"type":"B","date":"2018-03-19T02:39:31.000Z","volume":10000,"label":" ","price":10.22},{"type":"B","date":"2018-03-19T02:39:34.000Z","volume":40000,"label":" ","price":10.22},{"type":"B","date":"2018-03-19T02:39:34.000Z","volume":4000,"label":" ","price":10.2},{"type":"A","date":"2018-03-19T02:39:34.000Z","volume":2000,"label":" ","price":10.22},{"type":"B","date":"2018-03-19T02:39:45.000Z","volume":2000,"label":" ","price":10.2},{"type":"B","date":"2018-03-19T02:40:15.000Z","volume":2000,"label":" ","price":10.2},{"type":"B","date":"2018-03-19T02:40:21.000Z","volume":18000,"label":" ","price":10.2},{"type":"B","date":"2018-03-19T02:40:21.000Z","volume":2000,"label":" ","price":10.2},{"type":"B","date":"2018-03-19T02:40:30.000Z","volume":2000,"label":" ","price":10.2},{"type":"B","date":"2018-03-19T02:41:00.000Z","volume":2000,"label":" ","price":10.2},{"type":"A","date":"2018-03-19T02:41:00.000Z","volume":4000,"label":" ","price":10.22},{"type":"B","date":"2018-03-19T02:41:30.000Z","volume":2000,"label":" ","price":10.2},{"type":"A","date":"2018-03-19T02:41:59.000Z","volume":32000,"label":" ","price":10.22},{"type":"B","date":"2018-03-19T02:41:59.000Z","volume":2000,"label":" ","price":10.22},{"type":"A","date":"2018-03-19T02:42:25.000Z","volume":12000,"label":" ","price":10.24},{"type":"B","date":"2018-03-19T02:42:26.000Z","volume":2000,"label":" ","price":10.22},{"type":"A","date":"2018-03-19T02:42:32.000Z","volume":4000,"label":"Y","price":10.24},{"type":"A","date":"2018-03-19T02:43:25.000Z","volume":10000,"label":" ","price":10.24},{"type":"A","date":"2018-03-19T02:43:26.000Z","volume":2000,"label":" ","price":10.24},{"type":"A","date":"2018-03-19T02:43:26.000Z","volume":2000,"label":" ","price":10.24},{"type":"A","date":"2018-03-19T02:43:26.000Z","volume":12000,"label":" ","price":10.26},{"type":"B","date":"2018-03-19T02:43:26.000Z","volume":2000,"label":" ","price":10.22},{"type":"B","date":"2018-03-19T02:43:58.000Z","volume":158000,"label":" ","price":10.22},{"type":"B","date":"2018-03-19T02:43:58.000Z","volume":2000,"label":" ","price":10.22},{"type":"A","date":"2018-03-19T02:43:58.000Z","volume":2000,"label":" ","price":10.22},{"type":"B","date":"2018-03-19T02:43:58.000Z","volume":12000,"label":" ","price":10.22},{"type":"A","date":"2018-03-19T02:45:06.000Z","volume":20000,"label":" ","price":10.24},{"type":"A","date":"2018-03-19T02:45:22.000Z","volume":30000,"label":" ","price":10.22},{"type":"B","date":"2018-03-19T02:45:22.000Z","volume":4000,"label":" ","price":10.2},{"type":"B","date":"2018-03-19T02:45:45.000Z","volume":2000,"label":" ","price":10.2},{"type":"A","date":"2018-03-19T02:45:50.000Z","volume":4000,"label":" ","price":10.22},{"type":"B","date":"2018-03-19T02:45:51.000Z","volume":800000,"label":" ","price":10.2},{"type":"B","date":"2018-03-19T02:45:52.000Z","volume":60000,"label":" ","price":10.18},{"type":"B","date":"2018-03-19T02:45:52.000Z","volume":118000,"label":" ","price":10.18},{"type":"B","date":"2018-03-19T02:45:52.000Z","volume":8000,"label":" ","price":10.18},{"type":"U","date":"2018-03-19T02:46:07.000Z","volume":12000,"label":" ","price":10.2},{"type":"B","date":"2018-03-19T02:46:07.000Z","volume":2000,"label":" ","price":10.18},{"type":"B","date":"2018-03-19T02:46:07.000Z","volume":2000,"label":" ","price":10.18},{"type":"A","date":"2018-03-19T02:46:15.000Z","volume":2000,"label":" ","price":10.2},{"type":"B","date":"2018-03-19T02:46:30.000Z","volume":2000,"label":" ","price":10.18},{"type":"B","date":"2018-03-19T02:46:58.000Z","volume":2000,"label":" ","price":10.18},{"type":"B","date":"2018-03-19T02:47:25.000Z","volume":2000,"label":" ","price":10.18},{"type":"B","date":"2018-03-19T02:47:55.000Z","volume":2000,"label":" ","price":10.18},{"type":"B","date":"2018-03-19T02:48:03.000Z","volume":88000,"label":" ","price":10.18},{"type":"B","date":"2018-03-19T02:48:03.000Z","volume":8000,"label":" ","price":10.16},{"type":"B","date":"2018-03-19T02:48:07.000Z","volume":4000,"label":" ","price":10.16},{"type":"B","date":"2018-03-19T02:48:09.000Z","volume":2000,"label":" ","price":10.16},{"type":"B","date":"2018-03-19T02:48:15.000Z","volume":20000,"label":" ","price":10.16},{"type":"B","date":"2018-03-19T02:48:15.000Z","volume":2000,"label":" ","price":10.16},{"type":"B","date":"2018-03-19T02:48:35.000Z","volume":14000,"label":" ","price":10.16},{"type":"B","date":"2018-03-19T02:48:40.000Z","volume":2000,"label":" ","price":10.16},{"type":"A","date":"2018-03-19T02:48:50.000Z","volume":12000,"label":" ","price":10.18},{"type":"B","date":"2018-03-19T02:48:50.000Z","volume":2000,"label":" ","price":10.16},{"type":"A","date":"2018-03-19T02:48:58.000Z","volume":8000,"label":"Y","price":10.18},{"type":"A","date":"2018-03-19T02:48:58.000Z","volume":130000,"label":" ","price":10.18},{"type":"U","date":"2018-03-19T02:48:58.000Z","volume":2000,"label":"X","price":10.18},{"type":"A","date":"2018-03-19T02:48:58.000Z","volume":14000,"label":" ","price":10.18},{"type":"A","date":"2018-03-19T02:48:58.000Z","volume":2000,"label":" ","price":10.18},{"type":"B","date":"2018-03-19T02:48:58.000Z","volume":10000,"label":" ","price":10.16},{"type":"A","date":"2018-03-19T02:49:05.000Z","volume":4000,"label":" ","price":10.18},{"type":"B","date":"2018-03-19T02:49:30.000Z","volume":2000,"label":" ","price":10.18},{"type":"B","date":"2018-03-19T02:49:30.000Z","volume":30000,"label":" ","price":10.18},{"type":"B","date":"2018-03-19T02:49:30.000Z","volume":2000,"label":" ","price":10.16},{"type":"A","date":"2018-03-19T02:50:34.000Z","volume":2000,"label":" ","price":10.18},{"type":"B","date":"2018-03-19T02:50:34.000Z","volume":4000,"label":" ","price":10.16},{"type":"B","date":"2018-03-19T02:50:34.000Z","volume":2000,"label":" ","price":10.16},{"type":"A","date":"2018-03-19T02:50:40.000Z","volume":2000,"label":" ","price":10.18},{"type":"A","date":"2018-03-19T02:50:50.000Z","volume":20000,"label":" ","price":10.18},{"type":"B","date":"2018-03-19T02:50:50.000Z","volume":2000,"label":" ","price":10.16},{"type":"B","date":"2018-03-19T02:51:00.000Z","volume":2000,"label":" ","price":10.16},{"type":"A","date":"2018-03-19T02:51:04.000Z","volume":10000,"label":" ","price":10.18},{"type":"A","date":"2018-03-19T02:51:08.000Z","volume":12000,"label":" ","price":10.18},{"type":"A","date":"2018-03-19T02:51:09.000Z","volume":6000,"label":" ","price":10.18},{"type":"B","date":"2018-03-19T02:51:09.000Z","volume":2000,"label":" ","price":10.16},{"type":"U","date":"2018-03-19T02:51:39.000Z","volume":4000,"label":" ","price":10.18},{"type":"A","date":"2018-03-19T02:51:40.000Z","volume":4000,"label":" ","price":10.18},{"type":"A","date":"2018-03-19T02:51:45.000Z","volume":12000,"label":" ","price":10.2},{"type":"A","date":"2018-03-19T02:52:08.000Z","volume":10000,"label":" ","price":10.2},{"type":"B","date":"2018-03-19T02:52:09.000Z","volume":2000,"label":" ","price":10.18},{"type":"B","date":"2018-03-19T02:53:30.000Z","volume":2000,"label":" ","price":10.18},{"type":"B","date":"2018-03-19T02:53:34.000Z","volume":8000,"label":" ","price":10.18},{"type":"B","date":"2018-03-19T02:53:37.000Z","volume":10000,"label":" ","price":10.18},{"type":"B","date":"2018-03-19T02:53:37.000Z","volume":2000,"label":" ","price":10.18},{"type":"B","date":"2018-03-19T02:54:00.000Z","volume":2000,"label":" ","price":10.18},{"type":"B","date":"2018-03-19T02:54:05.000Z","volume":10000,"label":" ","price":10.18},{"type":"A","date":"2018-03-19T02:54:16.000Z","volume":2000,"label":" ","price":10.2},{"type":"B","date":"2018-03-19T02:54:33.000Z","volume":2000,"label":" ","price":10.18},{"type":"A","date":"2018-03-19T02:54:45.000Z","volume":2000,"label":" ","price":10.2},{"type":"B","date":"2018-03-19T02:55:05.000Z","volume":2000,"label":" ","price":10.18},{"type":"A","date":"2018-03-19T02:55:17.000Z","volume":6000,"label":" ","price":10.2},{"type":"B","date":"2018-03-19T02:55:17.000Z","volume":2000,"label":" ","price":10.18},{"type":"B","date":"2018-03-19T02:55:35.000Z","volume":2000,"label":" ","price":10.18},{"type":"B","date":"2018-03-19T02:56:05.000Z","volume":2000,"label":" ","price":10.18},{"type":"B","date":"2018-03-19T02:56:20.000Z","volume":2000,"label":" ","price":10.18},{"type":"A","date":"2018-03-19T02:56:33.000Z","volume":2000,"label":" ","price":10.2},{"type":"A","date":"2018-03-19T02:56:43.000Z","volume":4000,"label":" ","price":10.2},{"type":"B","date":"2018-03-19T02:56:45.000Z","volume":2000,"label":" ","price":10.18},{"type":"A","date":"2018-03-19T02:57:00.000Z","volume":2000,"label":" ","price":10.2},{"type":"A","date":"2018-03-19T02:57:01.000Z","volume":16000,"label":" ","price":10.2},{"type":"B","date":"2018-03-19T02:57:01.000Z","volume":2000,"label":" ","price":10.18},{"type":"B","date":"2018-03-19T02:57:10.000Z","volume":2000,"label":" ","price":10.18},{"type":"A","date":"2018-03-19T02:57:23.000Z","volume":6000,"label":" ","price":10.2},{"type":"B","date":"2018-03-19T02:57:30.000Z","volume":2000,"label":" ","price":10.18},{"type":"B","date":"2018-03-19T02:57:39.000Z","volume":4000,"label":" ","price":10.18},{"type":"B","date":"2018-03-19T02:57:50.000Z","volume":2000,"label":" ","price":10.18},{"type":"B","date":"2018-03-19T02:57:53.000Z","volume":4000,"label":" ","price":10.18},{"type":"B","date":"2018-03-19T02:58:11.000Z","volume":30000,"label":" ","price":10.18},{"type":"B","date":"2018-03-19T02:58:11.000Z","volume":4000,"label":" ","price":10.18},{"type":"B","date":"2018-03-19T02:58:13.000Z","volume":2000,"label":" ","price":10.18},{"type":"A","date":"2018-03-19T02:58:28.000Z","volume":2000,"label":" ","price":10.2},{"type":"B","date":"2018-03-19T02:58:38.000Z","volume":2000,"label":" ","price":10.18},{"type":"B","date":"2018-03-19T02:58:52.000Z","volume":2000,"label":" ","price":10.18},{"type":"A","date":"2018-03-19T02:59:05.000Z","volume":2000,"label":" ","price":10.2},{"type":"B","date":"2018-03-19T02:59:15.000Z","volume":4000,"label":" ","price":10.18},{"type":"B","date":"2018-03-19T02:59:25.000Z","volume":2000,"label":" ","price":10.18},{"type":"A","date":"2018-03-19T02:59:28.000Z","volume":2000,"label":" ","price":10.2},{"type":"A","date":"2018-03-19T02:59:40.000Z","volume":22000,"label":" ","price":10.2},{"type":"B","date":"2018-03-19T02:59:40.000Z","volume":2000,"label":" ","price":10.18},{"type":"B","date":"2018-03-19T03:00:01.000Z","volume":2000,"label":" ","price":10.18},{"type":"B","date":"2018-03-19T03:00:11.000Z","volume":4000,"label":" ","price":10.18},{"type":"B","date":"2018-03-19T03:00:28.000Z","volume":6000,"label":" ","price":10.18},{"type":"B","date":"2018-03-19T03:00:28.000Z","volume":2000,"label":" ","price":10.18},{"type":"B","date":"2018-03-19T03:00:46.000Z","volume":2000,"label":" ","price":10.18},{"type":"B","date":"2018-03-19T03:00:49.000Z","volume":4000,"label":" ","price":10.18},{"type":"A","date":"2018-03-19T03:01:05.000Z","volume":2000,"label":" ","price":10.2},{"type":"B","date":"2018-03-19T03:01:12.000Z","volume":10000,"label":"Y","price":10.18},{"type":"B","date":"2018-03-19T03:01:12.000Z","volume":14000,"label":" ","price":10.18},{"type":"B","date":"2018-03-19T03:01:19.000Z","volume":2000,"label":" ","price":10.18},{"type":"A","date":"2018-03-19T03:01:40.000Z","volume":52000,"label":"Y","price":10.2},{"type":"B","date":"2018-03-19T03:01:50.000Z","volume":2000,"label":" ","price":10.18},{"type":"B","date":"2018-03-19T03:01:50.000Z","volume":2000,"label":"Y","price":10.18},{"type":"B","date":"2018-03-19T03:02:25.000Z","volume":2000,"label":" ","price":10.18},{"type":"B","date":"2018-03-19T03:02:28.000Z","volume":4000,"label":"Y","price":10.18},{"type":"A","date":"2018-03-19T03:02:31.000Z","volume":4000,"label":" ","price":10.2},{"type":"A","date":"2018-03-19T03:02:31.000Z","volume":20000,"label":" ","price":10.2},{"type":"A","date":"2018-03-19T03:02:53.000Z","volume":4000,"label":" ","price":10.2},{"type":"B","date":"2018-03-19T03:02:53.000Z","volume":2000,"label":"Y","price":10.18},{"type":"B","date":"2018-03-19T03:03:01.000Z","volume":2000,"label":" ","price":10.18},{"type":"B","date":"2018-03-19T03:03:32.000Z","volume":2000,"label":" ","price":10.18},{"type":"B","date":"2018-03-19T03:03:35.000Z","volume":2000,"label":" ","price":10.18},{"type":"B","date":"2018-03-19T03:03:50.000Z","volume":2000,"label":" ","price":10.18},{"type":"B","date":"2018-03-19T03:04:00.000Z","volume":4000,"label":"Y","price":10.18},{"type":"B","date":"2018-03-19T03:04:11.000Z","volume":6000,"label":" ","price":10.18},{"type":"B","date":"2018-03-19T03:04:22.000Z","volume":2000,"label":" ","price":10.18},{"type":"A","date":"2018-03-19T03:04:28.000Z","volume":2000,"label":" ","price":10.2},{"type":"B","date":"2018-03-19T03:05:00.000Z","volume":2000,"label":" ","price":10.18},{"type":"A","date":"2018-03-19T03:05:08.000Z","volume":22000,"label":" ","price":10.2},{"type":"B","date":"2018-03-19T03:05:08.000Z","volume":2000,"label":"Y","price":10.18},{"type":"A","date":"2018-03-19T03:05:21.000Z","volume":144000,"label":" ","price":10.2},{"type":"B","date":"2018-03-19T03:05:21.000Z","volume":2000,"label":"Y","price":10.18},{"type":"B","date":"2018-03-19T03:05:21.000Z","volume":8000,"label":" ","price":10.18},{"type":"A","date":"2018-03-19T03:05:32.000Z","volume":2000,"label":" ","price":10.2},{"type":"A","date":"2018-03-19T03:05:32.000Z","volume":2000,"label":" ","price":10.2},{"type":"B","date":"2018-03-19T03:05:32.000Z","volume":2000,"label":" ","price":10.18},{"type":"B","date":"2018-03-19T03:05:49.000Z","volume":66000,"label":" ","price":10.2},{"type":"B","date":"2018-03-19T03:05:49.000Z","volume":2000,"label":"Y","price":10.18},{"type":"B","date":"2018-03-19T03:05:49.000Z","volume":62000,"label":" ","price":10.18},{"type":"B","date":"2018-03-19T03:05:49.000Z","volume":8000,"label":" ","price":10.2},{"type":"B","date":"2018-03-19T03:06:03.000Z","volume":2000,"label":" ","price":10.2},{"type":"A","date":"2018-03-19T03:06:17.000Z","volume":58000,"label":" ","price":10.22},{"type":"A","date":"2018-03-19T03:06:17.000Z","volume":498000,"label":" ","price":10.24},{"type":"B","date":"2018-03-19T03:06:18.000Z","volume":42000,"label":" ","price":10.24},{"type":"B","date":"2018-03-19T03:06:20.000Z","volume":24000,"label":" ","price":10.24},{"type":"B","date":"2018-03-19T03:06:20.000Z","volume":2000,"label":" ","price":10.24},{"type":"A","date":"2018-03-19T03:06:43.000Z","volume":108000,"label":" ","price":10.26},{"type":"A","date":"2018-03-19T03:06:43.000Z","volume":26000,"label":" ","price":10.28},{"type":"A","date":"2018-03-19T03:06:43.000Z","volume":66000,"label":" ","price":10.3},{"type":"B","date":"2018-03-19T03:06:43.000Z","volume":16000,"label":" ","price":10.24},{"type":"B","date":"2018-03-19T03:07:02.000Z","volume":4000,"label":" ","price":10.24},{"type":"B","date":"2018-03-19T03:07:14.000Z","volume":4000,"label":" ","price":10.24},{"type":"B","date":"2018-03-19T03:07:59.000Z","volume":10000,"label":"Y","price":10.26},{"type":"A","date":"2018-03-19T03:08:20.000Z","volume":8000,"label":" ","price":10.28},{"type":"A","date":"2018-03-19T03:08:20.000Z","volume":4000,"label":" ","price":10.28},{"type":"B","date":"2018-03-19T03:08:21.000Z","volume":2000,"label":" ","price":10.26},{"type":"B","date":"2018-03-19T03:08:31.000Z","volume":18000,"label":" ","price":10.26},{"type":"B","date":"2018-03-19T03:08:31.000Z","volume":2000,"label":" ","price":10.26},{"type":"A","date":"2018-03-19T03:09:03.000Z","volume":6000,"label":" ","price":10.28},{"type":"A","date":"2018-03-19T03:09:29.000Z","volume":2000,"label":" ","price":10.28},{"type":"B","date":"2018-03-19T03:09:29.000Z","volume":2000,"label":" ","price":10.26},{"type":"B","date":"2018-03-19T03:09:32.000Z","volume":18000,"label":" ","price":10.26},{"type":"B","date":"2018-03-19T03:09:32.000Z","volume":4000,"label":" ","price":10.26},{"type":"B","date":"2018-03-19T03:09:49.000Z","volume":8000,"label":" ","price":10.26},{"type":"B","date":"2018-03-19T03:09:49.000Z","volume":2000,"label":" ","price":10.24},{"type":"B","date":"2018-03-19T03:10:01.000Z","volume":2000,"label":" ","price":10.24},{"type":"B","date":"2018-03-19T03:10:10.000Z","volume":8000,"label":" ","price":10.24},{"type":"A","date":"2018-03-19T03:10:37.000Z","volume":8000,"label":"Y","price":10.28},{"type":"A","date":"2018-03-19T03:10:46.000Z","volume":8000,"label":" ","price":10.28},{"type":"B","date":"2018-03-19T03:10:56.000Z","volume":6000,"label":" ","price":10.26},{"type":"B","date":"2018-03-19T03:10:57.000Z","volume":2000,"label":" ","price":10.26},{"type":"B","date":"2018-03-19T03:11:02.000Z","volume":8000,"label":" ","price":10.26},{"type":"A","date":"2018-03-19T03:11:10.000Z","volume":2000,"label":" ","price":10.26},{"type":"A","date":"2018-03-19T03:11:18.000Z","volume":20000,"label":" ","price":10.26},{"type":"B","date":"2018-03-19T03:11:18.000Z","volume":2000,"label":" ","price":10.24},{"type":"A","date":"2018-03-19T03:11:24.000Z","volume":6000,"label":" ","price":10.26},{"type":"B","date":"2018-03-19T03:11:35.000Z","volume":220000,"label":" ","price":10.24},{"type":"B","date":"2018-03-19T03:11:35.000Z","volume":46000,"label":" ","price":10.24},{"type":"B","date":"2018-03-19T03:11:35.000Z","volume":20000,"label":" ","price":10.24},{"type":"A","date":"2018-03-19T03:11:47.000Z","volume":2000,"label":" ","price":10.26},{"type":"B","date":"2018-03-19T03:11:55.000Z","volume":4000,"label":" ","price":10.24},{"type":"B","date":"2018-03-19T03:12:17.000Z","volume":4000,"label":" ","price":10.24},{"type":"B","date":"2018-03-19T03:12:17.000Z","volume":2000,"label":" ","price":10.24},{"type":"A","date":"2018-03-19T03:12:50.000Z","volume":4000,"label":" ","price":10.26},{"type":"B","date":"2018-03-19T03:12:50.000Z","volume":2000,"label":" ","price":10.24},{"type":"B","date":"2018-03-19T03:13:00.000Z","volume":2000,"label":" ","price":10.24},{"type":"B","date":"2018-03-19T03:13:19.000Z","volume":2000,"label":" ","price":10.24},{"type":"A","date":"2018-03-19T03:13:19.000Z","volume":18000,"label":" ","price":10.26},{"type":"A","date":"2018-03-19T03:13:21.000Z","volume":2000,"label":" ","price":10.26},{"type":"A","date":"2018-03-19T03:13:28.000Z","volume":4000,"label":" ","price":10.26},{"type":"B","date":"2018-03-19T03:13:28.000Z","volume":2000,"label":" ","price":10.24},{"type":"B","date":"2018-03-19T03:13:30.000Z","volume":4000,"label":" ","price":10.24},{"type":"A","date":"2018-03-19T03:13:43.000Z","volume":14000,"label":" ","price":10.26},{"type":"B","date":"2018-03-19T03:14:00.000Z","volume":2000,"label":" ","price":10.24},{"type":"A","date":"2018-03-19T03:14:12.000Z","volume":2000,"label":" ","price":10.26},{"type":"B","date":"2018-03-19T03:14:17.000Z","volume":4000,"label":" ","price":10.24},{"type":"B","date":"2018-03-19T03:14:17.000Z","volume":2000,"label":" ","price":10.24},{"type":"B","date":"2018-03-19T03:14:40.000Z","volume":2000,"label":" ","price":10.24},{"type":"B","date":"2018-03-19T03:15:10.000Z","volume":4000,"label":" ","price":10.24},{"type":"A","date":"2018-03-19T03:15:11.000Z","volume":20000,"label":" ","price":10.26},{"type":"B","date":"2018-03-19T03:15:11.000Z","volume":2000,"label":" ","price":10.24},{"type":"A","date":"2018-03-19T03:15:27.000Z","volume":44000,"label":" ","price":10.26},{"type":"A","date":"2018-03-19T03:15:27.000Z","volume":2000,"label":" ","price":10.28},{"type":"B","date":"2018-03-19T03:15:27.000Z","volume":2000,"label":" ","price":10.24},{"type":"B","date":"2018-03-19T03:16:06.000Z","volume":6000,"label":" ","price":10.26},{"type":"B","date":"2018-03-19T03:16:06.000Z","volume":2000,"label":" ","price":10.26},{"type":"A","date":"2018-03-19T03:16:30.000Z","volume":18000,"label":" ","price":10.28},{"type":"A","date":"2018-03-19T03:16:31.000Z","volume":20000,"label":" ","price":10.28},{"type":"B","date":"2018-03-19T03:16:32.000Z","volume":2000,"label":" ","price":10.26},{"type":"B","date":"2018-03-19T03:16:39.000Z","volume":4000,"label":" ","price":10.26},{"type":"A","date":"2018-03-19T03:17:07.000Z","volume":8000,"label":" ","price":10.28},{"type":"A","date":"2018-03-19T03:18:06.000Z","volume":10000,"label":" ","price":10.28},{"type":"B","date":"2018-03-19T03:18:06.000Z","volume":2000,"label":" ","price":10.26},{"type":"A","date":"2018-03-19T03:18:09.000Z","volume":6000,"label":" ","price":10.28},{"type":"A","date":"2018-03-19T03:18:13.000Z","volume":100000,"label":"Y","price":10.28},{"type":"A","date":"2018-03-19T03:18:13.000Z","volume":32000,"label":" ","price":10.28},{"type":"B","date":"2018-03-19T03:18:13.000Z","volume":2000,"label":" ","price":10.28},{"type":"B","date":"2018-03-19T03:18:13.000Z","volume":2000,"label":"Y","price":10.28},{"type":"B","date":"2018-03-19T03:18:43.000Z","volume":4000,"label":" ","price":10.28},{"type":"A","date":"2018-03-19T03:19:20.000Z","volume":18000,"label":" ","price":10.3},{"type":"A","date":"2018-03-19T03:19:20.000Z","volume":184000,"label":" ","price":10.3},{"type":"B","date":"2018-03-19T03:19:20.000Z","volume":16000,"label":" ","price":10.28},{"type":"B","date":"2018-03-19T03:19:25.000Z","volume":10000,"label":"Y","price":10.28},{"type":"B","date":"2018-03-19T03:19:25.000Z","volume":70000,"label":" ","price":10.28},{"type":"B","date":"2018-03-19T03:19:25.000Z","volume":20000,"label":" ","price":10.28},{"type":"B","date":"2018-03-19T03:19:25.000Z","volume":6000,"label":" ","price":10.28},{"type":"B","date":"2018-03-19T03:19:40.000Z","volume":48000,"label":" ","price":10.28},{"type":"B","date":"2018-03-19T03:19:40.000Z","volume":2000,"label":" ","price":10.28},{"type":"B","date":"2018-03-19T03:19:40.000Z","volume":4000,"label":" ","price":10.26},{"type":"A","date":"2018-03-19T03:20:09.000Z","volume":4000,"label":"Y","price":10.28},{"type":"A","date":"2018-03-19T03:20:09.000Z","volume":6000,"label":" ","price":10.28},{"type":"B","date":"2018-03-19T03:21:54.000Z","volume":28000,"label":" ","price":10.28},{"type":"B","date":"2018-03-19T03:21:54.000Z","volume":4000,"label":" ","price":10.26},{"type":"A","date":"2018-03-19T03:22:10.000Z","volume":12000,"label":" ","price":10.28},{"type":"A","date":"2018-03-19T03:22:29.000Z","volume":6000,"label":" ","price":10.28},{"type":"B","date":"2018-03-19T03:22:43.000Z","volume":2000,"label":" ","price":10.26},{"type":"B","date":"2018-03-19T03:22:57.000Z","volume":50000,"label":" ","price":10.26},{"type":"B","date":"2018-03-19T03:22:57.000Z","volume":4000,"label":" ","price":10.26},{"type":"B","date":"2018-03-19T03:22:57.000Z","volume":4000,"label":" ","price":10.24},{"type":"U","date":"2018-03-19T03:23:05.000Z","volume":4000,"label":" ","price":10.26},{"type":"A","date":"2018-03-19T03:23:22.000Z","volume":74000,"label":" ","price":10.28},{"type":"B","date":"2018-03-19T03:23:22.000Z","volume":6000,"label":" ","price":10.26},{"type":"A","date":"2018-03-19T03:24:04.000Z","volume":72000,"label":" ","price":10.3},{"type":"B","date":"2018-03-19T03:24:04.000Z","volume":6000,"label":" ","price":10.26},{"type":"A","date":"2018-03-19T03:24:35.000Z","volume":2000,"label":" ","price":10.28},{"type":"A","date":"2018-03-19T03:24:35.000Z","volume":16000,"label":" ","price":10.28},{"type":"B","date":"2018-03-19T03:24:35.000Z","volume":2000,"label":" ","price":10.26},{"type":"A","date":"2018-03-19T03:24:37.000Z","volume":88000,"label":" ","price":10.28},{"type":"A","date":"2018-03-19T03:24:37.000Z","volume":212000,"label":" ","price":10.3},{"type":"A","date":"2018-03-19T03:24:37.000Z","volume":70000,"label":" ","price":10.3},{"type":"B","date":"2018-03-19T03:24:38.000Z","volume":28000,"label":" ","price":10.28},{"type":"B","date":"2018-03-19T03:25:08.000Z","volume":6000,"label":" ","price":10.28},{"type":"B","date":"2018-03-19T03:25:32.000Z","volume":64000,"label":" ","price":10.28},{"type":"A","date":"2018-03-19T03:25:32.000Z","volume":8000,"label":" ","price":10.28},{"type":"U","date":"2018-03-19T03:25:32.000Z","volume":2000,"label":" ","price":10.28},{"type":"B","date":"2018-03-19T03:25:32.000Z","volume":4000,"label":" ","price":10.26},{"type":"B","date":"2018-03-19T03:25:32.000Z","volume":2000,"label":" ","price":10.26},{"type":"A","date":"2018-03-19T03:25:55.000Z","volume":82000,"label":" ","price":10.28},{"type":"B","date":"2018-03-19T03:25:55.000Z","volume":6000,"label":" ","price":10.26},{"type":"A","date":"2018-03-19T03:26:51.000Z","volume":4000,"label":" ","price":10.28},{"type":"A","date":"2018-03-19T03:27:19.000Z","volume":26000,"label":" ","price":10.28},{"type":"B","date":"2018-03-19T03:27:19.000Z","volume":2000,"label":" ","price":10.28},{"type":"A","date":"2018-03-19T03:27:33.000Z","volume":8000,"label":" ","price":10.3},{"type":"B","date":"2018-03-19T03:28:06.000Z","volume":92000,"label":" ","price":10.28},{"type":"B","date":"2018-03-19T03:28:06.000Z","volume":10000,"label":" ","price":10.28},{"type":"B","date":"2018-03-19T03:28:06.000Z","volume":8000,"label":" ","price":10.26},{"type":"A","date":"2018-03-19T03:29:03.000Z","volume":16000,"label":" ","price":10.28},{"type":"B","date":"2018-03-19T03:29:04.000Z","volume":2000,"label":" ","price":10.26},{"type":"A","date":"2018-03-19T03:30:00.000Z","volume":6000,"label":" ","price":10.28},{"type":"A","date":"2018-03-19T03:30:00.000Z","volume":150000,"label":" ","price":10.3},{"type":"B","date":"2018-03-19T03:30:01.000Z","volume":10000,"label":" ","price":10.26},{"type":"B","date":"2018-03-19T03:31:06.000Z","volume":10000,"label":" ","price":10.28},{"type":"B","date":"2018-03-19T03:31:06.000Z","volume":2000,"label":" ","price":10.28},{"type":"A","date":"2018-03-19T03:31:15.000Z","volume":2000,"label":" ","price":10.3},{"type":"B","date":"2018-03-19T03:32:11.000Z","volume":2000,"label":" ","price":10.28},{"type":"B","date":"2018-03-19T03:32:45.000Z","volume":2000,"label":" ","price":10.28},{"type":"B","date":"2018-03-19T03:32:59.000Z","volume":68000,"label":" ","price":10.28},{"type":"B","date":"2018-03-19T03:32:59.000Z","volume":6000,"label":" ","price":10.26},{"type":"B","date":"2018-03-19T03:33:24.000Z","volume":2000,"label":" ","price":10.26},{"type":"A","date":"2018-03-19T03:33:25.000Z","volume":2000,"label":" ","price":10.28},{"type":"B","date":"2018-03-19T03:33:43.000Z","volume":2000,"label":" ","price":10.26},{"type":"A","date":"2018-03-19T03:33:50.000Z","volume":2000,"label":" ","price":10.28},{"type":"A","date":"2018-03-19T03:34:03.000Z","volume":2000,"label":" ","price":10.28},{"type":"A","date":"2018-03-19T03:34:24.000Z","volume":80000,"label":" ","price":10.28},{"type":"A","date":"2018-03-19T03:34:24.000Z","volume":102000,"label":" ","price":10.28},{"type":"B","date":"2018-03-19T03:34:24.000Z","volume":14000,"label":" ","price":10.26},{"type":"B","date":"2018-03-19T03:34:25.000Z","volume":50000,"label":"Y","price":10.26},{"type":"B","date":"2018-03-19T03:34:25.000Z","volume":90000,"label":" ","price":10.26},{"type":"B","date":"2018-03-19T03:34:25.000Z","volume":30000,"label":" ","price":10.26},{"type":"B","date":"2018-03-19T03:34:25.000Z","volume":2000,"label":"Y","price":10.24},{"type":"B","date":"2018-03-19T03:34:25.000Z","volume":6000,"label":" ","price":10.24},{"type":"B","date":"2018-03-19T03:35:05.000Z","volume":18000,"label":" ","price":10.26},{"type":"A","date":"2018-03-19T03:35:05.000Z","volume":2000,"label":" ","price":10.26},{"type":"B","date":"2018-03-19T03:35:05.000Z","volume":2000,"label":" ","price":10.24},{"type":"A","date":"2018-03-19T03:35:08.000Z","volume":4000,"label":" ","price":10.26},{"type":"B","date":"2018-03-19T03:35:11.000Z","volume":4000,"label":" ","price":10.24},{"type":"A","date":"2018-03-19T03:35:11.000Z","volume":8000,"label":" ","price":10.26},{"type":"B","date":"2018-03-19T03:35:11.000Z","volume":2000,"label":" ","price":10.24},{"type":"A","date":"2018-03-19T03:35:13.000Z","volume":2000,"label":" ","price":10.28},{"type":"A","date":"2018-03-19T03:36:38.000Z","volume":6000,"label":"Y","price":10.28},{"type":"B","date":"2018-03-19T03:37:03.000Z","volume":4000,"label":" ","price":10.26},{"type":"A","date":"2018-03-19T03:37:09.000Z","volume":20000,"label":" ","price":10.28},{"type":"B","date":"2018-03-19T03:37:09.000Z","volume":2000,"label":" ","price":10.26},{"type":"A","date":"2018-03-19T03:38:06.000Z","volume":10000,"label":" ","price":10.28},{"type":"A","date":"2018-03-19T03:38:06.000Z","volume":6000,"label":" ","price":10.28},{"type":"A","date":"2018-03-19T03:38:06.000Z","volume":4000,"label":" ","price":10.28},{"type":"B","date":"2018-03-19T03:40:29.000Z","volume":62000,"label":" ","price":10.28},{"type":"B","date":"2018-03-19T03:40:29.000Z","volume":6000,"label":" ","price":10.28},{"type":"B","date":"2018-03-19T03:41:02.000Z","volume":2000,"label":" ","price":10.26},{"type":"B","date":"2018-03-19T03:41:14.000Z","volume":2000,"label":" ","price":10.26},{"type":"A","date":"2018-03-19T03:41:17.000Z","volume":14000,"label":" ","price":10.28},{"type":"A","date":"2018-03-19T03:41:25.000Z","volume":2000,"label":" ","price":10.28},{"type":"A","date":"2018-03-19T03:42:00.000Z","volume":2000,"label":" ","price":10.28},{"type":"A","date":"2018-03-19T03:43:09.000Z","volume":32000,"label":" ","price":10.28},{"type":"B","date":"2018-03-19T03:43:09.000Z","volume":4000,"label":" ","price":10.26},{"type":"B","date":"2018-03-19T03:43:45.000Z","volume":2000,"label":" ","price":10.26},{"type":"B","date":"2018-03-19T03:43:51.000Z","volume":4000,"label":" ","price":10.26},{"type":"A","date":"2018-03-19T03:44:10.000Z","volume":2000,"label":" ","price":10.28},{"type":"B","date":"2018-03-19T03:45:20.000Z","volume":10000,"label":" ","price":10.26},{"type":"B","date":"2018-03-19T03:45:39.000Z","volume":4000,"label":" ","price":10.26},{"type":"B","date":"2018-03-19T03:46:05.000Z","volume":2000,"label":" ","price":10.26},{"type":"B","date":"2018-03-19T03:46:06.000Z","volume":2000,"label":" ","price":10.26},{"type":"B","date":"2018-03-19T03:46:55.000Z","volume":2000,"label":" ","price":10.26},{"type":"B","date":"2018-03-19T03:47:31.000Z","volume":4000,"label":" ","price":10.26},{"type":"A","date":"2018-03-19T03:47:31.000Z","volume":10000,"label":" ","price":10.28},{"type":"B","date":"2018-03-19T03:48:40.000Z","volume":2000,"label":" ","price":10.26},{"type":"B","date":"2018-03-19T03:49:26.000Z","volume":4000,"label":" ","price":10.26},{"type":"B","date":"2018-03-19T03:49:55.000Z","volume":2000,"label":" ","price":10.26},{"type":"A","date":"2018-03-19T03:49:55.000Z","volume":12000,"label":" ","price":10.28},{"type":"B","date":"2018-03-19T03:49:55.000Z","volume":2000,"label":" ","price":10.26},{"type":"A","date":"2018-03-19T03:50:32.000Z","volume":6000,"label":" ","price":10.28},{"type":"B","date":"2018-03-19T03:50:51.000Z","volume":10000,"label":" ","price":10.26},{"type":"B","date":"2018-03-19T03:50:51.000Z","volume":2000,"label":" ","price":10.26},{"type":"A","date":"2018-03-19T03:51:24.000Z","volume":4000,"label":" ","price":10.28},{"type":"A","date":"2018-03-19T03:52:02.000Z","volume":6000,"label":" ","price":10.28},{"type":"A","date":"2018-03-19T03:52:18.000Z","volume":22000,"label":" ","price":10.28},{"type":"B","date":"2018-03-19T03:52:18.000Z","volume":2000,"label":" ","price":10.26},{"type":"B","date":"2018-03-19T03:52:29.000Z","volume":6000,"label":" ","price":10.26},{"type":"A","date":"2018-03-19T03:53:14.000Z","volume":18000,"label":" ","price":10.28},{"type":"B","date":"2018-03-19T03:53:14.000Z","volume":2000,"label":" ","price":10.26},{"type":"B","date":"2018-03-19T03:54:53.000Z","volume":4000,"label":" ","price":10.26},{"type":"A","date":"2018-03-19T03:55:14.000Z","volume":8000,"label":" ","price":10.28},{"type":"A","date":"2018-03-19T03:55:20.000Z","volume":2000,"label":" ","price":10.28},{"type":"A","date":"2018-03-19T03:55:20.000Z","volume":2000,"label":" ","price":10.3},{"type":"A","date":"2018-03-19T03:55:20.000Z","volume":6000,"label":" ","price":10.3},{"type":"B","date":"2018-03-19T03:56:22.000Z","volume":10000,"label":" ","price":10.28},{"type":"B","date":"2018-03-19T03:56:23.000Z","volume":2000,"label":" ","price":10.28},{"type":"B","date":"2018-03-19T03:56:53.000Z","volume":10000,"label":" ","price":10.28},{"type":"A","date":"2018-03-19T03:57:14.000Z","volume":84000,"label":" ","price":10.3},{"type":"B","date":"2018-03-19T03:57:14.000Z","volume":6000,"label":" ","price":10.28},{"type":"A","date":"2018-03-19T03:58:11.000Z","volume":4000,"label":" ","price":10.3},{"type":"B","date":"2018-03-19T03:58:11.000Z","volume":2000,"label":" ","price":10.28},{"type":"A","date":"2018-03-19T03:58:14.000Z","volume":68000,"label":" ","price":10.3},{"type":"B","date":"2018-03-19T03:58:14.000Z","volume":4000,"label":" ","price":10.28},{"type":"B","date":"2018-03-19T05:00:00.000Z","volume":4000,"label":" ","price":10.28},{"type":"B","date":"2018-03-19T05:00:01.000Z","volume":2000,"label":" ","price":10.28},{"type":"A","date":"2018-03-19T05:00:03.000Z","volume":2000,"label":" ","price":10.3},{"type":"B","date":"2018-03-19T05:00:18.000Z","volume":4000,"label":" ","price":10.28},{"type":"B","date":"2018-03-19T05:00:18.000Z","volume":2000,"label":" ","price":10.28},{"type":"B","date":"2018-03-19T05:00:24.000Z","volume":8000,"label":" ","price":10.28},{"type":"B","date":"2018-03-19T05:00:31.000Z","volume":58000,"label":" ","price":10.28},{"type":"B","date":"2018-03-19T05:00:31.000Z","volume":4000,"label":"Y","price":10.26},{"type":"B","date":"2018-03-19T05:00:40.000Z","volume":2000,"label":" ","price":10.26},{"type":"A","date":"2018-03-19T05:00:42.000Z","volume":56000,"label":" ","price":10.28},{"type":"B","date":"2018-03-19T05:00:42.000Z","volume":4000,"label":" ","price":10.26},{"type":"A","date":"2018-03-19T05:00:42.000Z","volume":30000,"label":" ","price":10.3},{"type":"B","date":"2018-03-19T05:00:43.000Z","volume":2000,"label":" ","price":10.26},{"type":"B","date":"2018-03-19T05:01:05.000Z","volume":10000,"label":" ","price":10.28},{"type":"B","date":"2018-03-19T05:01:05.000Z","volume":2000,"label":"Y","price":10.28},{"type":"B","date":"2018-03-19T05:01:24.000Z","volume":10000,"label":" ","price":10.28},{"type":"A","date":"2018-03-19T05:01:41.000Z","volume":12000,"label":" ","price":10.28},{"type":"A","date":"2018-03-19T05:01:41.000Z","volume":44000,"label":" ","price":10.28},{"type":"B","date":"2018-03-19T05:01:41.000Z","volume":4000,"label":" ","price":10.26},{"type":"B","date":"2018-03-19T05:02:16.000Z","volume":4000,"label":" ","price":10.26},{"type":"B","date":"2018-03-19T05:03:24.000Z","volume":10000,"label":" ","price":10.26},{"type":"B","date":"2018-03-19T05:04:00.000Z","volume":2000,"label":" ","price":10.26},{"type":"B","date":"2018-03-19T05:04:00.000Z","volume":2000,"label":" ","price":10.26}