[{"type":"B","date":"2018-04-23T01:30:07.000Z","volume":48000,"label":" ","price":0.175},{"type":"U","date":"2018-04-23T01:33:02.000Z","volume":48000,"label":" ","price":0.176},{"type":"B","date":"2018-04-23T01:34:42.000Z","volume":5400000,"label":" ","price":0.175},{"type":"B","date":"2018-04-23T01:34:42.000Z","volume":40000,"label":" ","price":0.175},{"type":"B","date":"2018-04-23T01:34:42.000Z","volume":40000,"label":" ","price":0.173},{"type":"U","date":"2018-04-23T01:34:42.000Z","volume":40000,"label":" ","price":0.174},{"type":"U","date":"2018-04-23T01:34:57.000Z","volume":40000,"label":" ","price":0.17},{"type":"U","date":"2018-04-23T01:35:10.000Z","volume":24000,"label":" ","price":0.17},{"type":"B","date":"2018-04-23T01:37:28.000Z","volume":24000,"label":" ","price":0.17},{"type":"B","date":"2018-04-23T01:37:35.000Z","volume":8000,"label":" ","price":0.168},{"type":"B","date":"2018-04-23T01:37:44.000Z","volume":224000,"label":" ","price":0.166},{"type":"B","date":"2018-04-23T01:37:44.000Z","volume":40000,"label":" ","price":0.165},{"type":"U","date":"2018-04-23T01:37:47.000Z","volume":8000,"label":" ","price":0.165},{"type":"A","date":"2018-04-23T01:37:47.000Z","volume":32000,"label":" ","price":0.166},{"type":"U","date":"2018-04-23T01:39:32.000Z","volume":40000,"label":" ","price":0.167},{"type":"A","date":"2018-04-23T01:39:32.000Z","volume":40000,"label":" ","price":0.168},{"type":"B","date":"2018-04-23T01:39:57.000Z","volume":32000,"label":" ","price":0.167},{"type":"B","date":"2018-04-23T01:40:02.000Z","volume":56000,"label":" ","price":0.166},{"type":"U","date":"2018-04-23T01:40:03.000Z","volume":40000,"label":" ","price":0.167},{"type":"B","date":"2018-04-23T01:41:03.000Z","volume":16000,"label":" ","price":0.163},{"type":"B","date":"2018-04-23T01:41:03.000Z","volume":56000,"label":" ","price":0.163},{"type":"B","date":"2018-04-23T01:41:03.000Z","volume":32000,"label":" ","price":0.163},{"type":"A","date":"2018-04-23T01:41:16.000Z","volume":200000,"label":" ","price":0.167},{"type":"A","date":"2018-04-23T01:41:20.000Z","volume":72000,"label":" ","price":0.167},{"type":"U","date":"2018-04-23T01:42:32.000Z","volume":16000,"label":" ","price":0.167},{"type":"A","date":"2018-04-23T01:45:00.000Z","volume":56000,"label":" ","price":0.17},{"type":"B","date":"2018-04-23T01:46:13.000Z","volume":80000,"label":" ","price":0.167},{"type":"B","date":"2018-04-23T01:46:13.000Z","volume":40000,"label":" ","price":0.165},{"type":"A","date":"2018-04-23T01:46:14.000Z","volume":112000,"label":" ","price":0.171},{"type":"B","date":"2018-04-23T01:46:19.000Z","volume":24000,"label":"Y","price":0.171},{"type":"B","date":"2018-04-23T01:48:49.000Z","volume":16000,"label":"Y","price":0.166},{"type":"B","date":"2018-04-23T01:48:49.000Z","volume":80000,"label":" ","price":0.166},{"type":"B","date":"2018-04-23T01:50:47.000Z","volume":8000,"label":" ","price":0.167},{"type":"B","date":"2018-04-23T01:51:02.000Z","volume":32000,"label":" ","price":0.166},{"type":"B","date":"2018-04-23T01:51:02.000Z","volume":1560000,"label":" ","price":0.165},{"type":"A","date":"2018-04-23T01:51:34.000Z","volume":48000,"label":" ","price":0.167},{"type":"A","date":"2018-04-23T01:51:35.000Z","volume":16000,"label":" ","price":0.169},{"type":"A","date":"2018-04-23T01:51:35.000Z","volume":24000,"label":" ","price":0.17},{"type":"B","date":"2018-04-23T01:51:40.000Z","volume":16000,"label":" ","price":0.171},{"type":"B","date":"2018-04-23T01:53:25.000Z","volume":56000,"label":" ","price":0.168},{"type":"B","date":"2018-04-23T01:54:50.000Z","volume":8000,"label":"Y","price":0.167},{"type":"A","date":"2018-04-23T01:54:50.000Z","volume":16000,"label":" ","price":0.167},{"type":"A","date":"2018-04-23T01:54:51.000Z","volume":8000,"label":" ","price":0.167},{"type":"B","date":"2018-04-23T01:54:57.000Z","volume":24000,"label":" ","price":0.167},{"type":"A","date":"2018-04-23T01:55:48.000Z","volume":8000,"label":" ","price":0.167},{"type":"B","date":"2018-04-23T01:56:25.000Z","volume":32000,"label":" ","price":0.167},{"type":"A","date":"2018-04-23T01:56:25.000Z","volume":8000,"label":" ","price":0.167},{"type":"B","date":"2018-04-23T01:59:41.000Z","volume":48000,"label":" ","price":0.167},{"type":"B","date":"2018-04-23T01:59:45.000Z","volume":40000,"label":" ","price":0.167},{"type":"B","date":"2018-04-23T01:59:45.000Z","volume":80000,"label":" ","price":0.166},{"type":"B","date":"2018-04-23T01:59:45.000Z","volume":880000,"label":" ","price":0.165},{"type":"A","date":"2018-04-23T01:59:46.000Z","volume":16000,"label":" ","price":0.168},{"type":"U","date":"2018-04-23T02:00:11.000Z","volume":16000,"label":" ","price":0.168},{"type":"A","date":"2018-04-23T02:02:22.000Z","volume":96000,"label":" ","price":0.167},{"type":"B","date":"2018-04-23T02:02:36.000Z","volume":16000,"label":"Y","price":0.165},{"type":"A","date":"2018-04-23T02:03:17.000Z","volume":24000,"label":" ","price":0.167},{"type":"A","date":"2018-04-23T02:08:06.000Z","volume":56000,"label":" ","price":0.167},{"type":"B","date":"2018-04-23T02:08:08.000Z","volume":240000,"label":" ","price":0.165},{"type":"B","date":"2018-04-23T02:08:37.000Z","volume":264000,"label":" ","price":0.165},{"type":"A","date":"2018-04-23T02:12:37.000Z","volume":80000,"label":" ","price":0.165},{"type":"B","date":"2018-04-23T02:16:25.000Z","volume":120000,"label":"Y","price":0.165},{"type":"B","date":"2018-04-23T02:16:25.000Z","volume":72000,"label":" ","price":0.164},{"type":"U","date":"2018-04-23T02:17:09.000Z","volume":40000,"label":" ","price":0.164},{"type":"A","date":"2018-04-23T02:17:34.000Z","volume":104000,"label":" ","price":0.164},{"type":"A","date":"2018-04-23T02:17:34.000Z","volume":168000,"label":" ","price":0.165},{"type":"B","date":"2018-04-23T02:18:38.000Z","volume":8000,"label":" ","price":0.166},{"type":"B","date":"2018-04-23T02:18:38.000Z","volume":8000,"label":" ","price":0.166},{"type":"B","date":"2018-04-23T02:22:32.000Z","volume":48000,"label":" ","price":0.165},{"type":"B","date":"2018-04-23T02:25:01.000Z","volume":80000,"label":"Y","price":0.165},{"type":"B","date":"2018-04-23T02:25:01.000Z","volume":40000,"label":" ","price":0.165},{"type":"B","date":"2018-04-23T02:25:01.000Z","volume":200000,"label":"Y","price":0.164},{"type":"B","date":"2018-04-23T02:25:01.000Z","volume":80000,"label":" ","price":0.164},{"type":"B","date":"2018-04-23T02:25:01.000Z","volume":264000,"label":" ","price":0.163},{"type":"B","date":"2018-04-23T02:25:01.000Z","volume":184000,"label":" ","price":0.162},{"type":"B","date":"2018-04-23T02:25:01.000Z","volume":8000,"label":" ","price":0.161},{"type":"A","date":"2018-04-23T02:25:01.000Z","volume":48000,"label":" ","price":0.163},{"type":"A","date":"2018-04-23T02:25:06.000Z","volume":16000,"label":" ","price":0.162},{"type":"U","date":"2018-04-23T02:32:00.000Z","volume":8000,"label":" ","price":0.164},{"type":"A","date":"2018-04-23T02:35:03.000Z","volume":40000,"label":" ","price":0.163},{"type":"B","date":"2018-04-23T02:36:03.000Z","volume":608000,"label":" ","price":0.162},{"type":"B","date":"2018-04-23T02:36:03.000Z","volume":208000,"label":" ","price":0.161},{"type":"B","date":"2018-04-23T02:36:03.000Z","volume":144000,"label":" ","price":0.16},{"type":"B","date":"2018-04-23T02:36:04.000Z","volume":136000,"label":" ","price":0.16},{"type":"B","date":"2018-04-23T02:36:09.000Z","volume":96000,"label":" ","price":0.159},{"type":"B","date":"2018-04-23T02:36:14.000Z","volume":56000,"label":" ","price":0.158},{"type":"A","date":"2018-04-23T02:36:19.000Z","volume":80000,"label":" ","price":0.158},{"type":"A","date":"2018-04-23T02:36:25.000Z","volume":8000,"label":" ","price":0.158},{"type":"B","date":"2018-04-23T02:36:25.000Z","volume":8000,"label":" ","price":0.158},{"type":"B","date":"2018-04-23T02:36:25.000Z","volume":8000,"label":"Y","price":0.158},{"type":"A","date":"2018-04-23T02:36:43.000Z","volume":8000,"label":" ","price":0.16},{"type":"A","date":"2018-04-23T02:36:43.000Z","volume":16000,"label":"Y","price":0.16},{"type":"B","date":"2018-04-23T02:37:19.000Z","volume":120000,"label":" ","price":0.158},{"type":"B","date":"2018-04-23T02:37:19.000Z","volume":16000,"label":" ","price":0.157},{"type":"B","date":"2018-04-23T02:37:19.000Z","volume":360000,"label":" ","price":0.156},{"type":"B","date":"2018-04-23T02:37:19.000Z","volume":80000,"label":" ","price":0.155},{"type":"B","date":"2018-04-23T02:37:19.000Z","volume":104000,"label":" ","price":0.153},{"type":"B","date":"2018-04-23T02:37:19.000Z","volume":280000,"label":" ","price":0.15},{"type":"U","date":"2018-04-23T02:37:35.000Z","volume":24000,"label":" ","price":0.154},{"type":"A","date":"2018-04-23T02:38:15.000Z","volume":48000,"label":" ","price":0.159},{"type":"A","date":"2018-04-23T02:38:16.000Z","volume":40000,"label":"Y","price":0.162},{"type":"A","date":"2018-04-23T02:38:16.000Z","volume":8000,"label":"Y","price":0.162},{"type":"B","date":"2018-04-23T02:38:22.000Z","volume":8000,"label":" ","price":0.157},{"type":"B","date":"2018-04-23T02:39:20.000Z","volume":24000,"label":" ","price":0.157},{"type":"B","date":"2018-04-23T02:39:20.000Z","volume":120000,"label":"Y","price":0.156},{"type":"B","date":"2018-04-23T02:39:20.000Z","volume":96000,"label":" ","price":0.156},{"type":"U","date":"2018-04-23T02:40:08.000Z","volume":104000,"label":" ","price":0.157},{"type":"B","date":"2018-04-23T02:41:04.000Z","volume":8000,"label":" ","price":0.158},{"type":"B","date":"2018-04-23T02:41:14.000Z","volume":32000,"label":" ","price":0.157},{"type":"B","date":"2018-04-23T02:41:42.000Z","volume":168000,"label":" ","price":0.157},{"type":"B","date":"2018-04-23T02:41:42.000Z","volume":40000,"label":" ","price":0.157},{"type":"A","date":"2018-04-23T02:41:42.000Z","volume":64000,"label":" ","price":0.157},{"type":"B","date":"2018-04-23T02:41:42.000Z","volume":8000,"label":" ","price":0.156},{"type":"A","date":"2018-04-23T02:41:43.000Z","volume":96000,"label":" ","price":0.158},{"type":"A","date":"2018-04-23T02:41:47.000Z","volume":160000,"label":" ","price":0.158},{"type":"A","date":"2018-04-23T02:41:47.000Z","volume":288000,"label":" ","price":0.158},{"type":"B","date":"2018-04-23T02:41:47.000Z","volume":8000,"label":" ","price":0.157},{"type":"A","date":"2018-04-23T02:43:10.000Z","volume":8000,"label":" ","price":0.159},{"type":"B","date":"2018-04-23T02:43:10.000Z","volume":8000,"label":" ","price":0.158},{"type":"B","date":"2018-04-23T02:45:10.000Z","volume":104000,"label":" ","price":0.158},{"type":"B","date":"2018-04-23T02:46:50.000Z","volume":16000,"label":" ","price":0.159},{"type":"A","date":"2018-04-23T02:50:38.000Z","volume":16000,"label":" ","price":0.16},{"type":"B","date":"2018-04-23T02:52:29.000Z","volume":8000,"label":" ","price":0.16},{"type":"A","date":"2018-04-23T03:07:32.000Z","volume":8000,"label":" ","price":0.161},{"type":"A","date":"2018-04-23T03:07:32.000Z","volume":64000,"label":" ","price":0.161},{"type":"A","date":"2018-04-23T03:07:32.000Z","volume":8000,"label":" ","price":0.161},{"type":"B","date":"2018-04-23T03:07:45.000Z","volume":120000,"label":" ","price":0.158},{"type":"U","date":"2018-04-23T03:09:41.000Z","volume":8000,"label":" ","price":0.16},{"type":"A","date":"2018-04-23T03:15:01.000Z","volume":24000,"label":" ","price":0.161},{"type":"B","date":"2018-04-23T03:15:01.000Z","volume":8000,"label":" ","price":0.159},{"type":"A","date":"2018-04-23T03:16:13.000Z","volume":24000,"label":" ","price":0.161},{"type":"B","date":"2018-04-23T03:20:20.000Z","volume":40000,"label":" ","price":0.159},{"type":"B","date":"2018-04-23T03:21:05.000Z","volume":8000,"label":" ","price":0.158},{"type":"U","date":"2018-04-23T03:21:05.000Z","volume":8000,"label":" ","price":0.158},{"type":"A","date":"2018-04-23T03:21:07.000Z","volume":40000,"label":"Y","price":0.159},{"type":"A","date":"2018-04-23T03:21:07.000Z","volume":16000,"label":" ","price":0.159},{"type":"B","date":"2018-04-23T03:21:34.000Z","volume":88000,"label":" ","price":0.157},{"type":"B","date":"2018-04-23T03:21:34.000Z","volume":16000,"label":" ","price":0.156},{"type":"B","date":"2018-04-23T03:21:34.000Z","volume":104000,"label":" ","price":0.155},{"type":"U","date":"2018-04-23T03:21:35.000Z","volume":24000,"label":" ","price":0.158},{"type":"U","date":"2018-04-23T03:24:47.000Z","volume":2000,"label":"D","price":0.146},{"type":"B","date":"2018-04-23T03:31:46.000Z","volume":48000,"label":" ","price":0.157},{"type":"A","date":"2018-04-23T03:31:46.000Z","volume":8000,"label":" ","price":0.157},{"type":"A","date":"2018-04-23T03:31:47.000Z","volume":8000,"label":" ","price":0.157},{"type":"A","date":"2018-04-23T03:31:47.000Z","volume":96000,"label":" ","price":0.158},{"type":"A","date":"2018-04-23T03:36:00.000Z","volume":32000,"label":"Y","price":0.158},{"type":"A","date":"2018-04-23T03:36:00.000Z","volume":208000,"label":" ","price":0.158},{"type":"A","date":"2018-04-23T03:40:09.000Z","volume":40000,"label":" ","price":0.159},{"type":"B","date":"2018-04-23T03:40:09.000Z","volume":8000,"label":" ","price":0.158},{"type":"B","date":"2018-04-23T03:41:04.000Z","volume":56000,"label":" ","price":0.158},{"type":"B","date":"2018-04-23T03:43:08.000Z","volume":176000,"label":" ","price":0.158},{"type":"A","date":"2018-04-23T03:53:33.000Z","volume":240000,"label":" ","price":0.158},{"type":"B","date":"2018-04-23T03:53:33.000Z","volume":8000,"label":" ","price":0.157},{"type":"B","date":"2018-04-23T05:00:05.000Z","volume":80000,"label":"Y","price":0.158},{"type":"B","date":"2018-04-23T05:10:09.000Z","volume":24000,"label":"Y","price":0.158},{"type":"B","date":"2018-04-23T05:10:35.000Z","volume":880000,"label":" ","price":0.158},{"type":"B","date":"2018-04-23T05:10:35.000Z","volume":8000,"label":" ","price":0.158},{"type":"B","date":"2018-04-23T05:11:03.000Z","volume":8000,"label":" ","price":0.158},{"type":"B","date":"2018-04-23T05:11:56.000Z","volume":40000,"label":" ","price":0.158},{"type":"B","date":"2018-04-23T05:18:34.000Z","volume":56000,"label":" ","price":0.158},{"type":"B","date":"2018-04-23T05:18:34.000Z","volume":8000,"label":" ","price":0.157},{"type":"B","date":"2018-04-23T05:19:42.000Z","volume":32000,"label":" ","price":0.157},{"type":"B","date":"2018-04-23T05:31:07.000Z","volume":16000,"label":" ","price":0.156},{"type":"A","date":"2018-04-23T05:35:30.000Z","volume":24000,"label":" ","price":0.156},{"type":"B","date":"2018-04-23T05:36:05.000Z","volume":48000,"label":" ","price":0.155},{"type":"B","date":"2018-04-23T05:36:14.000Z","volume":160000,"label":" ","price":0.155},{"type":"B","date":"2018-04-23T05:36:14.000Z","volume":16000,"label":" ","price":0.155},{"type":"B","date":"2018-04-23T05:38:11.000Z","volume":24000,"label":" ","price":0.154},{"type":"A","date":"2018-04-23T05:38:34.000Z","volume":40000,"label":" ","price":0.155},{"type":"A","date":"2018-04-23T05:41:40.000Z","volume":248000,"label":" ","price":0.155},{"type":"B","date":"2018-04-23T05:41:40.000Z","volume":8000,"label":" ","price":0.155},{"type":"B","date":"2018-04-23T05:41:55.000Z","volume":40000,"label":" ","price":0.155},{"type":"B","date":"2018-04-23T05:45:12.000Z","volume":24000,"label":" ","price":0.155},{"type":"B","date":"2018-04-23T05:46:48.000Z","volume":80000,"label":" ","price":0.154},{"type":"B","date":"2018-04-23T05:48:47.000Z","volume":32000,"label":" ","price":0.154},{"type":"B","date":"2018-04-23T05:48:47.000Z","volume":8000,"label":" ","price":0.153},{"type":"A","date":"2018-04-23T05:49:49.000Z","volume":120000,"label":" ","price":0.155},{"type":"B","date":"2018-04-23T06:01:21.000Z","volume":80000,"label":"Y","price":0.154},{"type":"B","date":"2018-04-23T06:01:21.000Z","volume":232000,"label":" ","price":0.154},{"type":"B","date":"2018-04-23T06:01:21.000Z","volume":8000,"label":" ","price":0.153},{"type":"A","date":"2018-04-23T06:11:33.000Z","volume":80000,"label":" ","price":0.155},{"type":"A","date":"2018-04-23T06:13:31.000Z","volume":200000,"label":" ","price":0.155},{"type":"A","date":"2018-04-23T06:15:41.000Z","volume":56000,"label":" ","price":0.154},{"type":"A","date":"2018-04-23T06:15:41.000Z","volume":8000,"label":" ","price":0.154},{"type":"B","date":"2018-04-23T06:15:41.000Z","volume":8000,"label":" ","price":0.153},{"type":"A","date":"2018-04-23T06:16:58.000Z","volume":96000,"label":" ","price":0.155},{"type":"A","date":"2018-04-23T06:17:40.000Z","volume":24000,"label":" ","price":0.155},{"type":"A","date":"2018-04-23T06:22:23.000Z","volume":40000,"label":" ","price":0.155},{"type":"B","date":"2018-04-23T06:22:39.000Z","volume":160000,"label":" ","price":0.155},{"type":"A","date":"2018-04-23T06:26:11.000Z","volume":40000,"label":" ","price":0.155},{"type":"A","date":"2018-04-23T06:27:57.000Z","volume":320000,"label":" ","price":0.155},{"type":"B","date":"2018-04-23T06:27:57.000Z","volume":8000,"label":" ","price":0.154},{"type":"B","date":"2018-04-23T06:28:51.000Z","volume":32000,"label":" ","price":0.154},{"type":"A","date":"2018-04-23T06:32:12.000Z","volume":384000,"label":" ","price":0.154},{"type":"A","date":"2018-04-23T06:32:12.000Z","volume":120000,"label":" ","price":0.155},{"type":"A","date":"2018-04-23T06:32:12.000Z","volume":8000,"label":" ","price":0.154},{"type":"B","date":"2018-04-23T06:32:12.000Z","volume":8000,"label":" ","price":0.154},{"type":"A","date":"2018-04-23T06:35:36.000Z","volume":80000,"label":" ","price":0.155},{"type":"A","date":"2018-04-23T06:36:44.000Z","volume":88000,"label":" ","price":0.155},{"type":"A","date":"2018-04-23T06:39:08.000Z","volume":496000,"label":" ","price":0.155},{"type":"B","date":"2018-04-23T06:39:08.000Z","volume":8000,"label":" ","price":0.155},{"type":"B","date":"2018-04-23T06:39:46.000Z","volume":80000,"label":" ","price":0.155},{"type":"B","date":"2018-04-23T06:39:46.000Z","volume":8000,"label":" ","price":0.154},{"type":"A","date":"2018-04-23T06:40:33.000Z","volume":528000,"label":" ","price":0.155},{"type":"A","date":"2018-04-23T06:40:33.000Z","volume":8000,"label":" ","price":0.155},{"type":"B","date":"2018-04-23T06:40:34.000Z","volume":2056000,"label":" ","price":0.155},{"type":"B","date":"2018-04-23T06:40:34.000Z","volume":40000,"label":" ","price":0.154},{"type":"B","date":"2018-04-23T06:46:21.000Z","volume":1544000,"label":" ","price":0.153},{"type":"B","date":"2018-04-23T06:46:21.000Z","volume":8000,"label":" ","price":0.152},{"type":"B","date":"2018-04-23T06:46:24.000Z","volume":24000,"label":" ","price":0.152},{"type":"A","date":"2018-04-23T06:48:11.000Z","volume":168000,"label":" ","price":0.153},{"type":"A","date":"2018-04-23T06:48:11.000Z","volume":480000,"label":" ","price":0.154},{"type":"B","date":"2018-04-23T06:48:11.000Z","volume":16000,"label":" ","price":0.154},{"type":"B","date":"2018-04-23T06:48:22.000Z","volume":336000,"label":" ","price":0.154},{"type":"B","date":"2018-04-23T06:48:22.000Z","volume":8000,"label":" ","price":0.152},{"type":"B","date":"2018-04-23T06:48:41.000Z","volume":40000,"label":" ","price":0.153},{"type":"B","date":"2018-04-23T06:49:10.000Z","volume":984000,"label":" ","price":0.152},{"type":"B","date":"2018-04-23T06:49:11.000Z","volume":16000,"label":" ","price":0.152},{"type":"A","date":"2018-04-23T06:57:06.000Z","volume":416000,"label":" ","price":0.152},{"type":"B","date":"2018-04-23T06:57:06.000Z","volume":8000,"label":" ","price":0.152},{"type":"B","date":"2018-04-23T06:57:10.000Z","volume":104000,"label":" ","price":0.152},{"type":"B","date":"2018-04-23T06:57:21.000Z","volume":288000,"label":" ","price":0.152},{"type":"A","date":"2018-04-23T07:00:38.000Z","volume":456000,"label":" ","price":0.152},{"type":"B","date":"2018-04-23T07:02:23.000Z","volume":544000,"label":" ","price":0.152},{"type":"B","date":"2018-04-23T07:03:52.000Z","volume":328000,"label":" ","price":0.151},{"type":"A","date":"2018-04-23T07:04:20.000Z","volume":64000,"label":" ","price":0.152},{"type":"A","date":"2018-04-23T07:06:07.000Z","volume":144000,"label":" ","price":0.151},{"type":"B","date":"2018-04-23T07:07:56.000Z","volume":440000,"label":" ","price":0.15},{"type":"A","date":"2018-04-23T07:08:29.000Z","volume":72000,"label":" ","price":0.151},{"type":"A","date":"2018-04-23T07:09:41.000Z","volume":80000,"label":" ","price":0.152},{"type":"A","date":"2018-04-23T07:11:57.000Z","volume":120000,"label":" ","price":0.152},{"type":"A","date":"2018-04-23T07:12:08.000Z","volume":48000,"label":" ","price":0.152},{"type":"B","date":"2018-04-23T07:12:31.000Z","volume":1960000,"label":" ","price":0.151},{"type":"B","date":"2018-04-23T07:13:53.000Z","volume":80000,"label":" ","price":0.151},{"type":"A","date":"2018-04-23T07:15:14.000Z","volume":88000,"label":" ","price":0.151},{"type":"B","date":"2018-04-23T07:15:17.000Z","volume":8000,"label":" ","price":0.151},{"type":"B","date":"2018-04-23T07:15:34.000Z","volume":80000,"label":" ","price":0.151},{"type":"B","date":"2018-04-23T07:15:34.000Z","volume":1136000,"label":" ","price":0.15},{"type":"B","date":"2018-04-23T07:16:01.000Z","volume":136000,"label":" ","price":0.148},{"type":"A","date":"2018-04-23T07:16:02.000Z","volume":112000,"label":" ","price":0.15},{"type":"B","date":"2018-04-23T07:16:11.000Z","volume":80000,"label":" ","price":0.147},{"type":"A","date":"2018-04-23T07:18:02.000Z","volume":536000,"label":" ","price":0.149},{"type":"B","date":"2018-04-23T07:18:03.000Z","volume":504000,"label":" ","price":0.148},{"type":"B","date":"2018-04-23T07:18:23.000Z","volume":216000,"label":" ","price":0.148},{"type":"B","date":"2018-04-23T07:18:23.000Z","volume":88000,"label":" ","price":0.148},{"type":"B","date":"2018-04-23T07:18:28.000Z","volume":40000,"label":" ","price":0.148},{"type":"B","date":"2018-04-23T07:22:39.000Z","volume":160000,"label":" ","price":0.147},{"type":"A","date":"2018-04-23T07:22:40.000Z","volume":64000,"label":" ","price":0.148},{"type":"A","date":"2018-04-23T07:26:30.000Z","volume":40000,"label":" ","price":0.148},{"type":"A","date":"2018-04-23T07:26:37.000Z","volume":8000,"label":"Y","price":0.148},{"type":"A","date":"2018-04-23T07:26:37.000Z","volume":240000,"label":" ","price":0.148},{"type":"A","date":"2018-04-23T07:30:42.000Z","volume":240000,"label":" ","price":0.149},{"type":"B","date":"2018-04-23T07:32:05.000Z","volume":40000,"label":" ","price":0.149},{"type":"A","date":"2018-04-23T07:33:03.000Z","volume":224000,"label":" ","price":0.15},{"type":"A","date":"2018-04-23T07:33:12.000Z","volume":16000,"label":" ","price":0.15},{"type":"B","date":"2018-04-23T07:34:40.000Z","volume":24000,"label":"Y","price":0.149},{"type":"B","date":"2018-04-23T07:34:40.000Z","volume":976000,"label":" ","price":0.149},{"type":"B","date":"2018-04-23T07:34:40.000Z","volume":128000,"label":" ","price":0.149},{"type":"B","date":"2018-04-23T07:35:39.000Z","volume":624000,"label":" ","price":0.149},{"type":"A","date":"2018-04-23T07:35:52.000Z","volume":120000,"label":" ","price":0.149},{"type":"A","date":"2018-04-23T07:38:49.000Z","volume":160000,"label":" ","price":0.149},{"type":"A","date":"2018-04-23T07:39:08.000Z","volume":72000,"label":" ","price":0.149},{"type":"A","date":"2018-04-23T07:39:44.000Z","volume":200000,"label":" ","price":0.149},{"type":"A","date":"2018-04-23T07:39:52.000Z","volume":120000,"label":" ","price":0.149},{"type":"A","date":"2018-04-23T07:41:34.000Z","volume":104000,"label":" ","price":0.149},{"type":"A","date":"2018-04-23T07:41:41.000Z","volume":64000,"label":" ","price":0.149},{"type":"A","date":"2018-04-23T07:42:45.000Z","volume":320000,"label":" ","price":0.149},{"type":"A","date":"2018-04-23T07:42:57.000Z","volume":120000,"label":" ","price":0.149},{"type":"A","date":"2018-04-23T07:45:57.000Z","volume":32000,"label":" ","price":0.15},{"type":"B","date":"2018-04-23T07:47:22.000Z","volume":88000,"label":" ","price":0.149},{"type":"A","date":"2018-04-23T07:48:16.000Z","volume":8000,"label":" ","price":0.149},{"type":"B","date":"2018-04-23T07:49:40.000Z","volume":200000,"label":" ","price":0.148},{"type":"B","date":"2018-04-23T07:50:12.000Z","volume":256000,"label":" ","price":0.148},{"type":"A","date":"2018-04-23T07:51:09.000Z","volume":24000,"label":" ","price":0.148},{"type":"B","date":"2018-04-23T07:52:08.000Z","volume":272000,"label":" ","price":0.148},{"type":"A","date":"2018-04-23T07:54:23.000Z","volume":80000,"label":" ","price":0.148},{"type":"A","date":"2018-04-23T07:54:57.000Z","volume":8000,"label":" ","price":0.148},{"type":"A","date":"2018-04-23T07:55:29.000Z","volume":16000,"label":" ","price":0.148},{"type":"B","date":"2018-04-23T07:55:29.000Z","volume":56000,"label":" ","price":0.148},{"type":"B","date":"2018-04-23T07:56:02.000Z","volume":24000,"label":" ","price":0.148},{"type":"A","date":"2018-04-23T07:57:35.000Z","volume":64000,"label":" ","price":0.148},{"type":"A","date":"2018-04-23T07:57:35.000Z","volume":656000,"label":" ","price":0.149},{"type":"A","date":"2018-04-23T07:58:35.000Z","volume":320000,"label":" ","price":0.149},{"type":"A","date":"2018-04-23T07:58:36.000Z","volume":120000,"label":" ","price":0.149},{"type":"A","date":"2018-04-23T07:58:42.000Z","volume":104000,"label":" ","price":0.149},{"type":"A","date":"2018-04-23T07:58:43.000Z","volume":8000,"label":" ","price":0.149},{"type":"A","date":"2018-04-23T07:58:53.000Z","volume":16000,"label":" ","price":0.149},{"type":"A","date":"2018-04-23T07:59:21.000Z","volume":120000,"label":" ","price":0.149}]