[{"type":"A","date":"2018-03-14T07:59:45.000Z","volume":60000,"price":11.12,"category":"ubbull"},{"type":"A","date":"2018-03-14T07:59:28.000Z","volume":36000,"price":11.12,"category":"ubbull"},{"type":"A","date":"2018-03-14T07:59:28.000Z","volume":40000,"price":11.12,"category":"ubbull"},{"type":"A","date":"2018-03-14T07:55:44.000Z","volume":34000,"price":11.1,"category":"ubbull"},{"type":"A","date":"2018-03-14T07:55:27.000Z","volume":92000,"price":11.08,"category":"ubbull"},{"type":"A","date":"2018-03-14T07:54:51.000Z","volume":42000,"price":11.06,"category":"ubbull"},{"type":"A","date":"2018-03-14T07:50:49.000Z","volume":50000,"price":11.1,"category":"ubbull"},{"type":"A","date":"2018-03-14T07:48:01.000Z","volume":58000,"price":11.08,"category":"ubbull"},{"type":"A","date":"2018-03-14T07:42:47.000Z","volume":72000,"price":11.04,"category":"ubbull"},{"type":"A","date":"2018-03-14T07:36:14.000Z","volume":42000,"price":11.04,"category":"ubbull"},{"type":"A","date":"2018-03-14T07:35:21.000Z","volume":40000,"price":11.04,"category":"ubbull"},{"type":"A","date":"2018-03-14T07:34:37.000Z","volume":72000,"price":11.02,"category":"ubbull"},{"type":"A","date":"2018-03-14T07:30:21.000Z","volume":100000,"price":11.06,"category":"ubbull"},{"type":"A","date":"2018-03-14T07:21:12.000Z","volume":50000,"price":11.02,"category":"ubbull"},{"type":"A","date":"2018-03-14T07:15:15.000Z","volume":46000,"price":11.04,"category":"ubbull"},{"type":"A","date":"2018-03-14T07:13:06.000Z","volume":60000,"price":11.02,"category":"ubbull"},{"type":"A","date":"2018-03-14T06:55:03.000Z","volume":122000,"price":11,"category":"ubbull"},{"type":"A","date":"2018-03-14T06:54:30.000Z","volume":36000,"price":11,"category":"ubbull"},{"type":"A","date":"2018-03-14T06:42:47.000Z","volume":42000,"price":10.98,"category":"ubbull"},{"type":"A","date":"2018-03-14T06:42:47.000Z","volume":74000,"price":10.98,"category":"ubbull"},{"type":"A","date":"2018-03-14T06:42:42.000Z","volume":40000,"price":10.98,"category":"ubbull"},{"type":"A","date":"2018-03-14T06:39:28.000Z","volume":56000,"price":11,"category":"ubbull"},{"type":"A","date":"2018-03-14T06:36:17.000Z","volume":70000,"price":11.04,"category":"ubbull"},{"type":"A","date":"2018-03-14T06:30:51.000Z","volume":34000,"price":11.04,"category":"ubbull"},{"type":"A","date":"2018-03-14T06:15:49.000Z","volume":60000,"price":11.04,"category":"ubbull"},{"type":"A","date":"2018-03-14T06:14:47.000Z","volume":58000,"price":11.02,"category":"ubbull"},{"type":"A","date":"2018-03-14T06:14:16.000Z","volume":34000,"price":11.04,"category":"ubbull"},{"type":"A","date":"2018-03-14T06:07:35.000Z","volume":56000,"price":11.06,"category":"ubbull"},{"type":"A","date":"2018-03-14T06:02:21.000Z","volume":32000,"price":11.08,"category":"ubbull"},{"type":"A","date":"2018-03-14T06:02:18.000Z","volume":56000,"price":11.08,"category":"ubbull"},{"type":"A","date":"2018-03-14T06:01:37.000Z","volume":40000,"price":11.08,"category":"ubbull"},{"type":"A","date":"2018-03-14T06:01:05.000Z","volume":50000,"price":11.06,"category":"ubbull"},{"type":"A","date":"2018-03-14T06:00:18.000Z","volume":30000,"price":11.06,"category":"ubbull"},{"type":"A","date":"2018-03-14T05:57:31.000Z","volume":48000,"price":11.08,"category":"ubbull"},{"type":"A","date":"2018-03-14T05:57:15.000Z","volume":80000,"price":11.06,"category":"ubbull"},{"type":"A","date":"2018-03-14T05:56:15.000Z","volume":68000,"price":11.02,"category":"ubbull"},{"type":"A","date":"2018-03-14T05:55:52.000Z","volume":30000,"price":11,"category":"ubbull"},{"type":"A","date":"2018-03-14T05:55:52.000Z","volume":176000,"price":11,"category":"ubbull"},{"type":"A","date":"2018-03-14T05:55:52.000Z","volume":212000,"price":11,"category":"ubbull"},{"type":"A","date":"2018-03-14T05:55:52.000Z","volume":56000,"price":11,"category":"ubbull"},{"type":"A","date":"2018-03-14T05:55:52.000Z","volume":76000,"price":11,"category":"ubbull"},{"type":"A","date":"2018-03-14T05:51:19.000Z","volume":34000,"price":10.98,"category":"ubbull"},{"type":"A","date":"2018-03-14T05:49:31.000Z","volume":44000,"price":10.96,"category":"ubbull"},{"type":"A","date":"2018-03-14T05:49:31.000Z","volume":68000,"price":10.96,"category":"ubbull"},{"type":"A","date":"2018-03-14T05:48:22.000Z","volume":30000,"price":10.94,"category":"ubbull"},{"type":"A","date":"2018-03-14T05:47:38.000Z","volume":72000,"price":10.94,"category":"ubbull"},{"type":"A","date":"2018-03-14T05:45:28.000Z","volume":30000,"price":10.96,"category":"ubbull"},{"type":"A","date":"2018-03-14T05:41:28.000Z","volume":56000,"price":10.96,"category":"ubbull"},{"type":"A","date":"2018-03-14T05:40:22.000Z","volume":42000,"price":10.94,"category":"ubbull"},{"type":"A","date":"2018-03-14T05:40:22.000Z","volume":80000,"price":10.94,"category":"ubbull"},{"type":"A","date":"2018-03-14T05:39:58.000Z","volume":44000,"price":10.94,"category":"ubbull"},{"type":"A","date":"2018-03-14T05:39:05.000Z","volume":148000,"price":10.92,"category":"ubbull"},{"type":"A","date":"2018-03-14T05:32:10.000Z","volume":30000,"price":10.9,"category":"ubbull"},{"type":"A","date":"2018-03-14T05:32:08.000Z","volume":30000,"price":10.9,"category":"ubbull"},{"type":"A","date":"2018-03-14T05:32:07.000Z","volume":30000,"price":10.9,"category":"ubbull"},{"type":"A","date":"2018-03-14T05:32:04.000Z","volume":30000,"price":10.9,"category":"ubbull"},{"type":"A","date":"2018-03-14T05:31:45.000Z","volume":100000,"price":10.9,"category":"ubbull"},{"type":"A","date":"2018-03-14T05:28:28.000Z","volume":66000,"price":10.88,"category":"ubbull"},{"type":"A","date":"2018-03-14T05:28:25.000Z","volume":48000,"price":10.88,"category":"ubbull"},{"type":"A","date":"2018-03-14T05:27:17.000Z","volume":32000,"price":10.88,"category":"ubbull"},{"type":"A","date":"2018-03-14T05:26:33.000Z","volume":34000,"price":10.88,"category":"ubbull"},{"type":"A","date":"2018-03-14T05:23:47.000Z","volume":178000,"price":10.88,"category":"ubbull"},{"type":"A","date":"2018-03-14T05:18:48.000Z","volume":32000,"price":10.9,"category":"ubbull"},{"type":"A","date":"2018-03-14T05:18:15.000Z","volume":42000,"price":10.9,"category":"ubbull"},{"type":"A","date":"2018-03-14T05:17:52.000Z","volume":46000,"price":10.9,"category":"ubbull"},{"type":"A","date":"2018-03-14T05:16:41.000Z","volume":50000,"price":10.9,"category":"ubbull"},{"type":"A","date":"2018-03-14T05:13:11.000Z","volume":32000,"price":10.94,"category":"ubbull"},{"type":"A","date":"2018-03-14T05:12:49.000Z","volume":60000,"price":10.92,"category":"ubbull"},{"type":"A","date":"2018-03-14T05:12:49.000Z","volume":96000,"price":10.9,"category":"ubbull"},{"type":"A","date":"2018-03-14T05:12:49.000Z","volume":350000,"price":10.9,"category":"ubbull"},{"type":"A","date":"2018-03-14T05:11:17.000Z","volume":30000,"price":10.88,"category":"ubbull"},{"type":"A","date":"2018-03-14T05:10:46.000Z","volume":52000,"price":10.88,"category":"ubbull"},{"type":"A","date":"2018-03-14T05:10:46.000Z","volume":220000,"price":10.88,"category":"ubbull"},{"type":"A","date":"2018-03-14T05:09:45.000Z","volume":42000,"price":10.86,"category":"ubbull"},{"type":"A","date":"2018-03-14T05:09:45.000Z","volume":34000,"price":10.86,"category":"ubbull"},{"type":"A","date":"2018-03-14T05:09:44.000Z","volume":76000,"price":10.86,"category":"ubbull"},{"type":"A","date":"2018-03-14T05:04:53.000Z","volume":44000,"price":10.86,"category":"ubbull"},{"type":"A","date":"2018-03-14T05:03:55.000Z","volume":226000,"price":10.84,"category":"ubbull"},{"type":"A","date":"2018-03-14T05:03:44.000Z","volume":52000,"price":10.84,"category":"ubbull"},{"type":"A","date":"2018-03-14T05:01:01.000Z","volume":44000,"price":10.82,"category":"ubbull"},{"type":"A","date":"2018-03-14T05:00:01.000Z","volume":110000,"price":10.84,"category":"ubbull"},{"type":"A","date":"2018-03-14T03:33:22.000Z","volume":30000,"price":10.86,"category":"ubbull"},{"type":"A","date":"2018-03-14T03:30:47.000Z","volume":46000,"price":10.84,"category":"ubbull"},{"type":"A","date":"2018-03-14T03:30:47.000Z","volume":40000,"price":10.84,"category":"ubbull"},{"type":"A","date":"2018-03-14T03:29:51.000Z","volume":30000,"price":10.82,"category":"ubbull"},{"type":"A","date":"2018-03-14T03:29:35.000Z","volume":38000,"price":10.8,"category":"ubbull"},{"type":"A","date":"2018-03-14T03:14:06.000Z","volume":92000,"price":10.82,"category":"ubbull"},{"type":"A","date":"2018-03-14T03:12:21.000Z","volume":90000,"price":10.8,"category":"ubbull"},{"type":"A","date":"2018-03-14T03:09:23.000Z","volume":32000,"price":10.78,"category":"ubbull"},{"type":"A","date":"2018-03-14T03:03:17.000Z","volume":38000,"price":10.8,"category":"ubbull"},{"type":"A","date":"2018-03-14T02:47:26.000Z","volume":42000,"price":10.86,"category":"ubbull"},{"type":"A","date":"2018-03-14T02:47:18.000Z","volume":50000,"price":10.84,"category":"ubbull"},{"type":"A","date":"2018-03-14T02:41:44.000Z","volume":50000,"price":10.82,"category":"ubbull"},{"type":"A","date":"2018-03-14T02:36:05.000Z","volume":44000,"price":10.8,"category":"ubbull"},{"type":"A","date":"2018-03-14T02:32:14.000Z","volume":50000,"price":10.8,"category":"ubbull"},{"type":"A","date":"2018-03-14T02:29:47.000Z","volume":122000,"price":10.78,"category":"ubbull"},{"type":"A","date":"2018-03-14T02:29:47.000Z","volume":58000,"price":10.78,"category":"ubbull"},{"type":"A","date":"2018-03-14T02:29:46.000Z","volume":72000,"price":10.76,"category":"ubbull"},{"type":"A","date":"2018-03-14T02:27:22.000Z","volume":78000,"price":10.74,"category":"ubbull"},{"type":"A","date":"2018-03-14T02:23:15.000Z","volume":86000,"price":10.72,"category":"ubbull"},{"type":"A","date":"2018-03-14T02:21:07.000Z","volume":30000,"price":10.74,"category":"ubbull"},{"type":"A","date":"2018-03-14T02:18:08.000Z","volume":48000,"price":10.74,"category":"ubbull"},{"type":"A","date":"2018-03-14T02:15:02.000Z","volume":32000,"price":10.76,"category":"ubbull"},{"type":"A","date":"2018-03-14T02:08:21.000Z","volume":54000,"price":10.76,"category":"ubbull"},{"type":"A","date":"2018-03-14T02:08:09.000Z","volume":30000,"price":10.76,"category":"ubbull"},{"type":"A","date":"2018-03-14T02:04:22.000Z","volume":74000,"price":10.76,"category":"ubbull"},{"type":"A","date":"2018-03-14T02:04:21.000Z","volume":106000,"price":10.74,"category":"ubbull"},{"type":"A","date":"2018-03-14T02:02:39.000Z","volume":40000,"price":10.72,"category":"ubbull"},{"type":"A","date":"2018-03-14T02:00:54.000Z","volume":46000,"price":10.7,"category":"ubbull"},{"type":"A","date":"2018-03-14T02:00:30.000Z","volume":30000,"price":10.7,"category":"ubbull"},{"type":"A","date":"2018-03-14T01:52:27.000Z","volume":34000,"price":10.7,"category":"ubbull"},{"type":"A","date":"2018-03-14T01:51:11.000Z","volume":80000,"price":10.68,"category":"ubbull"},{"type":"A","date":"2018-03-14T01:45:30.000Z","volume":80000,"price":10.72,"category":"ubbull"},{"type":"A","date":"2018-03-14T01:42:18.000Z","volume":120000,"price":10.74,"category":"ubbull"},{"type":"A","date":"2018-03-14T01:42:12.000Z","volume":70000,"price":10.72,"category":"ubbull"},{"type":"A","date":"2018-03-14T01:40:15.000Z","volume":30000,"price":10.72,"category":"ubbull"},{"type":"A","date":"2018-03-14T01:38:28.000Z","volume":44000,"price":10.72,"category":"ubbull"},{"type":"A","date":"2018-03-14T01:38:18.000Z","volume":66000,"price":10.7,"category":"ubbull"},{"type":"A","date":"2018-03-14T01:36:56.000Z","volume":74000,"price":10.68,"category":"ubbull"},{"type":"A","date":"2018-03-14T01:36:03.000Z","volume":74000,"price":10.64,"category":"ubbull"},{"type":"A","date":"2018-03-14T01:36:03.000Z","volume":40000,"price":10.64,"category":"ubbull"},{"type":"A","date":"2018-03-14T01:36:03.000Z","volume":74000,"price":10.64,"category":"ubbull"},{"type":"A","date":"2018-03-14T01:32:16.000Z","volume":34000,"price":10.8,"category":"ubbull"},{"type":"A","date":"2018-03-14T01:30:53.000Z","volume":48000,"price":10.8,"category":"ubbull"},{"type":"A","date":"2018-03-14T01:30:30.000Z","volume":50000,"price":10.84,"category":"ubbull"},{"type":"A","date":"2018-03-14T01:30:09.000Z","volume":40000,"price":10.8,"category":"ubbull"},{"type":"A","date":"2018-03-14T07:58:58.000Z","volume":12000,"price":11.12,"category":"bbull"},{"type":"A","date":"2018-03-14T07:58:49.000Z","volume":14000,"price":11.12,"category":"bbull"},{"type":"A","date":"2018-03-14T07:56:47.000Z","volume":20000,"price":11.1,"category":"bbull"},{"type":"A","date":"2018-03-14T07:56:47.000Z","volume":28000,"price":11.1,"category":"bbull"},{"type":"A","date":"2018-03-14T07:53:29.000Z","volume":20000,"price":11.1,"category":"bbull"},{"type":"A","date":"2018-03-14T07:52:28.000Z","volume":20000,"price":11.1,"category":"bbull"},{"type":"A","date":"2018-03-14T07:50:05.000Z","volume":22000,"price":11.08,"category":"bbull"},{"type":"A","date":"2018-03-14T07:48:29.000Z","volume":20000,"price":11.08,"category":"bbull"},{"type":"A","date":"2018-03-14T07:45:15.000Z","volume":28000,"price":11.06,"category":"bbull"},{"type":"A","date":"2018-03-14T07:44:53.000Z","volume":20000,"price":11.06,"category":"bbull"},{"type":"A","date":"2018-03-14T07:44:29.000Z","volume":20000,"price":11.06,"category":"bbull"},{"type":"A","date":"2018-03-14T07:42:50.000Z","volume":20000,"price":11.06,"category":"bbull"},{"type":"A","date":"2018-03-14T07:42:31.000Z","volume":18000,"price":11.04,"category":"bbull"},{"type":"A","date":"2018-03-14T07:24:03.000Z","volume":20000,"price":11.06,"category":"bbull"},{"type":"A","date":"2018-03-14T07:23:35.000Z","volume":18000,"price":11.04,"category":"bbull"},{"type":"A","date":"2018-03-14T07:23:28.000Z","volume":28000,"price":11.04,"category":"bbull"},{"type":"A","date":"2018-03-14T07:20:33.000Z","volume":20000,"price":11.02,"category":"bbull"},{"type":"A","date":"2018-03-14T07:16:42.000Z","volume":20000,"price":11.02,"category":"bbull"},{"type":"A","date":"2018-03-14T07:14:21.000Z","volume":14000,"price":11.04,"category":"bbull"},{"type":"A","date":"2018-03-14T07:10:09.000Z","volume":12000,"price":11,"category":"bbull"},{"type":"A","date":"2018-03-14T07:10:09.000Z","volume":20000,"price":11,"category":"bbull"},{"type":"A","date":"2018-03-14T07:09:22.000Z","volume":20000,"price":11,"category":"bbull"},{"type":"A","date":"2018-03-14T07:02:40.000Z","volume":20000,"price":11,"category":"bbull"},{"type":"A","date":"2018-03-14T07:01:56.000Z","volume":12000,"price":11,"category":"bbull"},{"type":"A","date":"2018-03-14T07:01:43.000Z","volume":26000,"price":11,"category":"bbull"},{"type":"A","date":"2018-03-14T06:56:14.000Z","volume":20000,"price":11,"category":"bbull"},{"type":"A","date":"2018-03-14T06:42:26.000Z","volume":12000,"price":10.98,"category":"bbull"},{"type":"A","date":"2018-03-14T06:41:59.000Z","volume":12000,"price":10.98,"category":"bbull"},{"type":"A","date":"2018-03-14T06:39:47.000Z","volume":16000,"price":11,"category":"bbull"},{"type":"A","date":"2018-03-14T06:38:12.000Z","volume":18000,"price":11.04,"category":"bbull"},{"type":"A","date":"2018-03-14T06:36:17.000Z","volume":28000,"price":11.06,"category":"bbull"},{"type":"A","date":"2018-03-14T06:30:51.000Z","volume":14000,"price":11.04,"category":"bbull"},{"type":"A","date":"2018-03-14T06:22:05.000Z","volume":18000,"price":11.04,"category":"bbull"},{"type":"A","date":"2018-03-14T06:21:17.000Z","volume":18000,"price":11.04,"category":"bbull"},{"type":"A","date":"2018-03-14T06:21:11.000Z","volume":20000,"price":11.04,"category":"bbull"},{"type":"A","date":"2018-03-14T06:20:11.000Z","volume":26000,"price":11.04,"category":"bbull"},{"type":"A","date":"2018-03-14T06:18:46.000Z","volume":20000,"price":11.06,"category":"bbull"},{"type":"A","date":"2018-03-14T06:17:00.000Z","volume":12000,"price":11.06,"category":"bbull"},{"type":"A","date":"2018-03-14T06:15:22.000Z","volume":18000,"price":11.02,"category":"bbull"},{"type":"A","date":"2018-03-14T06:15:18.000Z","volume":14000,"price":11.02,"category":"bbull"},{"type":"A","date":"2018-03-14T06:14:41.000Z","volume":12000,"price":11.02,"category":"bbull"},{"type":"A","date":"2018-03-14T06:09:19.000Z","volume":22000,"price":11.06,"category":"bbull"},{"type":"A","date":"2018-03-14T06:07:35.000Z","volume":24000,"price":11.06,"category":"bbull"},{"type":"A","date":"2018-03-14T06:07:35.000Z","volume":12000,"price":11.06,"category":"bbull"},{"type":"A","date":"2018-03-14T06:03:32.000Z","volume":20000,"price":11.1,"category":"bbull"},{"type":"A","date":"2018-03-14T06:01:13.000Z","volume":16000,"price":11.06,"category":"bbull"},{"type":"A","date":"2018-03-14T06:00:48.000Z","volume":20000,"price":11.06,"category":"bbull"},{"type":"A","date":"2018-03-14T05:59:53.000Z","volume":12000,"price":11.06,"category":"bbull"},{"type":"A","date":"2018-03-14T05:59:13.000Z","volume":20000,"price":11.06,"category":"bbull"},{"type":"A","date":"2018-03-14T05:58:25.000Z","volume":22000,"price":11.08,"category":"bbull"},{"type":"A","date":"2018-03-14T05:58:25.000Z","volume":18000,"price":11.08,"category":"bbull"},{"type":"A","date":"2018-03-14T05:57:57.000Z","volume":22000,"price":11.08,"category":"bbull"},{"type":"A","date":"2018-03-14T05:57:31.000Z","volume":26000,"price":11.08,"category":"bbull"},{"type":"A","date":"2018-03-14T05:56:28.000Z","volume":16000,"price":11.04,"category":"bbull"},{"type":"A","date":"2018-03-14T05:56:27.000Z","volume":20000,"price":11.04,"category":"bbull"},{"type":"A","date":"2018-03-14T05:56:26.000Z","volume":16000,"price":11.04,"category":"bbull"},{"type":"A","date":"2018-03-14T05:55:52.000Z","volume":24000,"price":11,"category":"bbull"},{"type":"A","date":"2018-03-14T05:55:52.000Z","volume":24000,"price":11,"category":"bbull"},{"type":"A","date":"2018-03-14T05:52:44.000Z","volume":12000,"price":11,"category":"bbull"},{"type":"A","date":"2018-03-14T05:51:19.000Z","volume":24000,"price":10.98,"category":"bbull"},{"type":"A","date":"2018-03-14T05:50:35.000Z","volume":18000,"price":10.98,"category":"bbull"},{"type":"A","date":"2018-03-14T05:49:57.000Z","volume":20000,"price":10.98,"category":"bbull"},{"type":"A","date":"2018-03-14T05:49:31.000Z","volume":12000,"price":10.96,"category":"bbull"},{"type":"A","date":"2018-03-14T05:44:09.000Z","volume":20000,"price":10.96,"category":"bbull"},{"type":"A","date":"2018-03-14T05:44:04.000Z","volume":24000,"price":10.96,"category":"bbull"},{"type":"A","date":"2018-03-14T05:40:20.000Z","volume":24000,"price":10.94,"category":"bbull"},{"type":"A","date":"2018-03-14T05:39:22.000Z","volume":18000,"price":10.92,"category":"bbull"},{"type":"A","date":"2018-03-14T05:23:40.000Z","volume":18000,"price":10.88,"category":"bbull"},{"type":"A","date":"2018-03-14T05:18:28.000Z","volume":20000,"price":10.9,"category":"bbull"},{"type":"A","date":"2018-03-14T05:14:49.000Z","volume":26000,"price":10.94,"category":"bbull"},{"type":"A","date":"2018-03-14T05:11:29.000Z","volume":16000,"price":10.88,"category":"bbull"},{"type":"A","date":"2018-03-14T05:08:16.000Z","volume":20000,"price":10.86,"category":"bbull"},{"type":"A","date":"2018-03-14T05:07:25.000Z","volume":12000,"price":10.86,"category":"bbull"},{"type":"A","date":"2018-03-14T05:04:48.000Z","volume":20000,"price":10.86,"category":"bbull"},{"type":"A","date":"2018-03-14T05:03:47.000Z","volume":20000,"price":10.84,"category":"bbull"},{"type":"A","date":"2018-03-14T05:00:36.000Z","volume":16000,"price":10.84,"category":"bbull"},{"type":"A","date":"2018-03-14T03:37:05.000Z","volume":20000,"price":10.86,"category":"bbull"},{"type":"A","date":"2018-03-14T03:36:58.000Z","volume":20000,"price":10.86,"category":"bbull"},{"type":"A","date":"2018-03-14T03:35:31.000Z","volume":14000,"price":10.86,"category":"bbull"},{"type":"A","date":"2018-03-14T03:34:38.000Z","volume":28000,"price":10.86,"category":"bbull"},{"type":"A","date":"2018-03-14T03:32:30.000Z","volume":20000,"price":10.86,"category":"bbull"},{"type":"A","date":"2018-03-14T03:29:51.000Z","volume":20000,"price":10.82,"category":"bbull"},{"type":"A","date":"2018-03-14T03:29:38.000Z","volume":14000,"price":10.8,"category":"bbull"},{"type":"A","date":"2018-03-14T03:24:14.000Z","volume":14000,"price":10.8,"category":"bbull"},{"type":"A","date":"2018-03-14T03:22:57.000Z","volume":20000,"price":10.8,"category":"bbull"},{"type":"A","date":"2018-03-14T03:22:22.000Z","volume":14000,"price":10.8,"category":"bbull"},{"type":"A","date":"2018-03-14T02:54:57.000Z","volume":20000,"price":10.86,"category":"bbull"},{"type":"A","date":"2018-03-14T02:36:22.000Z","volume":16000,"price":10.82,"category":"bbull"},{"type":"A","date":"2018-03-14T02:34:01.000Z","volume":26000,"price":10.8,"category":"bbull"},{"type":"A","date":"2018-03-14T02:30:15.000Z","volume":22000,"price":10.8,"category":"bbull"},{"type":"A","date":"2018-03-14T02:30:15.000Z","volume":22000,"price":10.8,"category":"bbull"},{"type":"A","date":"2018-03-14T02:23:01.000Z","volume":14000,"price":10.72,"category":"bbull"},{"type":"A","date":"2018-03-14T02:16:18.000Z","volume":12000,"price":10.72,"category":"bbull"},{"type":"A","date":"2018-03-14T02:15:36.000Z","volume":22000,"price":10.74,"category":"bbull"},{"type":"A","date":"2018-03-14T02:02:39.000Z","volume":28000,"price":10.72,"category":"bbull"},{"type":"A","date":"2018-03-14T02:01:28.000Z","volume":16000,"price":10.7,"category":"bbull"},{"type":"A","date":"2018-03-14T02:01:19.000Z","volume":12000,"price":10.7,"category":"bbull"},{"type":"A","date":"2018-03-14T02:00:54.000Z","volume":18000,"price":10.7,"category":"bbull"},{"type":"A","date":"2018-03-14T02:00:30.000Z","volume":26000,"price":10.7,"category":"bbull"},{"type":"A","date":"2018-03-14T01:57:51.000Z","volume":20000,"price":10.7,"category":"bbull"},{"type":"A","date":"2018-03-14T01:52:30.000Z","volume":16000,"price":10.72,"category":"bbull"},{"type":"A","date":"2018-03-14T01:52:27.000Z","volume":22000,"price":10.7,"category":"bbull"},{"type":"A","date":"2018-03-14T01:49:38.000Z","volume":16000,"price":10.7,"category":"bbull"},{"type":"A","date":"2018-03-14T01:49:34.000Z","volume":28000,"price":10.7,"category":"bbull"},{"type":"A","date":"2018-03-14T01:44:08.000Z","volume":20000,"price":10.74,"category":"bbull"},{"type":"A","date":"2018-03-14T01:40:28.000Z","volume":20000,"price":10.72,"category":"bbull"},{"type":"A","date":"2018-03-14T01:39:52.000Z","volume":14000,"price":10.72,"category":"bbull"},{"type":"A","date":"2018-03-14T01:38:18.000Z","volume":28000,"price":10.7,"category":"bbull"},{"type":"A","date":"2018-03-14T01:38:17.000Z","volume":20000,"price":10.7,"category":"bbull"},{"type":"A","date":"2018-03-14T01:36:06.000Z","volume":28000,"price":10.66,"category":"bbull"},{"type":"A","date":"2018-03-14T01:32:16.000Z","volume":16000,"price":10.8,"category":"bbull"},{"type":"A","date":"2018-03-14T01:31:49.000Z","volume":14000,"price":10.8,"category":"bbull"},{"type":"A","date":"2018-03-14T01:31:46.000Z","volume":20000,"price":10.8,"category":"bbull"},{"type":"A","date":"2018-03-14T01:30:26.000Z","volume":12000,"price":10.84,"category":"bbull"},{"type":"A","date":"2018-03-14T01:30:09.000Z","volume":14000,"price":10.82,"category":"bbull"},{"type":"A","date":"2018-03-14T07:59:55.000Z","volume":2000,"price":11.12,"category":"rbull"},{"type":"A","date":"2018-03-14T07:59:20.000Z","volume":2000,"price":11.12,"category":"rbull"},{"type":"A","date":"2018-03-14T07:59:01.000Z","volume":2000,"price":11.12,"category":"rbull"},{"type":"A","date":"2018-03-14T07:58:00.000Z","volume":2000,"price":11.12,"category":"rbull"},{"type":"A","date":"2018-03-14T07:57:45.000Z","volume":2000,"price":11.12,"category":"rbull"},{"type":"A","date":"2018-03-14T07:57:18.000Z","volume":2000,"price":11.12,"category":"rbull"},{"type":"A","date":"2018-03-14T07:56:22.000Z","volume":2000,"price":11.1,"category":"rbull"},{"type":"A","date":"2018-03-14T07:55:29.000Z","volume":2000,"price":11.1,"category":"rbull"},{"type":"A","date":"2018-03-14T07:54:51.000Z","volume":2000,"price":11.06,"category":"rbull"},{"type":"A","date":"2018-03-14T07:54:19.000Z","volume":2000,"price":11.12,"category":"rbull"},{"type":"A","date":"2018-03-14T07:53:48.000Z","volume":2000,"price":11.12,"category":"rbull"},{"type":"A","date":"2018-03-14T07:53:27.000Z","volume":2000,"price":11.1,"category":"rbull"},{"type":"A","date":"2018-03-14T07:53:05.000Z","volume":2000,"price":11.1,"category":"rbull"},{"type":"A","date":"2018-03-14T07:52:50.000Z","volume":2000,"price":11.1,"category":"rbull"},{"type":"A","date":"2018-03-14T07:52:32.000Z","volume":2000,"price":11.1,"category":"rbull"},{"type":"A","date":"2018-03-14T07:52:27.000Z","volume":2000,"price":11.1,"category":"rbull"},{"type":"A","date":"2018-03-14T07:51:49.000Z","volume":2000,"price":11.1,"category":"rbull"},{"type":"A","date":"2018-03-14T07:51:26.000Z","volume":2000,"price":11.1,"category":"rbull"},{"type":"A","date":"2018-03-14T07:50:50.000Z","volume":2000,"price":11.1,"category":"rbull"},{"type":"A","date":"2018-03-14T07:50:27.000Z","volume":2000,"price":11.1,"category":"rbull"},{"type":"A","date":"2018-03-14T07:50:07.000Z","volume":2000,"price":11.08,"category":"rbull"},{"type":"A","date":"2018-03-14T07:46:05.000Z","volume":2000,"price":11.06,"category":"rbull"},{"type":"A","date":"2018-03-14T07:38:37.000Z","volume":2000,"price":11.04,"category":"rbull"},{"type":"A","date":"2018-03-14T07:38:25.000Z","volume":2000,"price":11.04,"category":"rbull"},{"type":"A","date":"2018-03-14T07:38:19.000Z","volume":2000,"price":11.04,"category":"rbull"},{"type":"A","date":"2018-03-14T07:32:17.000Z","volume":2000,"price":11.08,"category":"rbull"},{"type":"A","date":"2018-03-14T07:30:53.000Z","volume":2000,"price":11.08,"category":"rbull"},{"type":"A","date":"2018-03-14T07:30:35.000Z","volume":2000,"price":11.08,"category":"rbull"},{"type":"A","date":"2018-03-14T07:30:27.000Z","volume":2000,"price":11.06,"category":"rbull"},{"type":"A","date":"2018-03-14T07:30:13.000Z","volume":2000,"price":11.06,"category":"rbull"},{"type":"A","date":"2018-03-14T07:30:13.000Z","volume":2000,"price":11.06,"category":"rbull"},{"type":"A","date":"2018-03-14T07:29:34.000Z","volume":2000,"price":11.06,"category":"rbull"},{"type":"A","date":"2018-03-14T07:29:25.000Z","volume":2000,"price":11.06,"category":"rbull"},{"type":"A","date":"2018-03-14T07:29:15.000Z","volume":2000,"price":11.06,"category":"rbull"},{"type":"A","date":"2018-03-14T07:29:05.000Z","volume":2000,"price":11.06,"category":"rbull"},{"type":"A","date":"2018-03-14T07:28:57.000Z","volume":2000,"price":11.06,"category":"rbull"},{"type":"A","date":"2018-03-14T07:28:49.000Z","volume":2000,"price":11.06,"category":"rbull"},{"type":"A","date":"2018-03-14T07:28:48.000Z","volume":2000,"price":11.06,"category":"rbull"},{"type":"A","date":"2018-03-14T07:28:42.000Z","volume":2000,"price":11.06,"category":"rbull"},{"type":"A","date":"2018-03-14T07:28:29.000Z","volume":2000,"price":11.06,"category":"rbull"},{"type":"A","date":"2018-03-14T07:28:23.000Z","volume":2000,"price":11.06,"category":"rbull"},{"type":"A","date":"2018-03-14T07:28:08.000Z","volume":2000,"price":11.06,"category":"rbull"},{"type":"A","date":"2018-03-14T07:28:02.000Z","volume":2000,"price":11.06,"category":"rbull"},{"type":"A","date":"2018-03-14T07:27:54.000Z","volume":2000,"price":11.06,"category":"rbull"},{"type":"A","date":"2018-03-14T07:27:46.000Z","volume":2000,"price":11.06,"category":"rbull"},{"type":"A","date":"2018-03-14T07:27:41.000Z","volume":2000,"price":11.06,"category":"rbull"},{"type":"A","date":"2018-03-14T07:27:36.000Z","volume":2000,"price":11.06,"category":"rbull"},{"type":"A","date":"2018-03-14T07:27:35.000Z","volume":2000,"price":11.06,"category":"rbull"},{"type":"A","date":"2018-03-14T07:27:23.000Z","volume":2000,"price":11.06,"category":"rbull"},{"type":"A","date":"2018-03-14T07:25:15.000Z","volume":2000,"price":11.06,"category":"rbull"},{"type":"A","date":"2018-03-14T07:25:08.000Z","volume":2000,"price":11.06,"category":"rbull"},{"type":"A","date":"2018-03-14T07:24:04.000Z","volume":2000,"price":11.06,"category":"rbull"},{"type":"A","date":"2018-03-14T07:23:35.000Z","volume":2000,"price":11.04,"category":"rbull"},{"type":"A","date":"2018-03-14T07:23:13.000Z","volume":2000,"price":11.04,"category":"rbull"},{"type":"A","date":"2018-03-14T07:23:01.000Z","volume":2000,"price":11.04,"category":"rbull"},{"type":"A","date":"2018-03-14T07:22:45.000Z","volume":2000,"price":11.04,"category":"rbull"},{"type":"A","date":"2018-03-14T07:21:46.000Z","volume":2000,"price":11.04,"category":"rbull"},{"type":"A","date":"2018-03-14T07:21:11.000Z","volume":2000,"price":11.02,"category":"rbull"},{"type":"A","date":"2018-03-14T07:21:02.000Z","volume":2000,"price":11.02,"category":"rbull"},{"type":"A","date":"2018-03-14T07:20:54.000Z","volume":2000,"price":11.02,"category":"rbull"},{"type":"A","date":"2018-03-14T07:20:48.000Z","volume":2000,"price":11.02,"category":"rbull"},{"type":"A","date":"2018-03-14T07:20:45.000Z","volume":2000,"price":11.02,"category":"rbull"},{"type":"A","date":"2018-03-14T07:20:36.000Z","volume":2000,"price":11.02,"category":"rbull"},{"type":"A","date":"2018-03-14T07:20:28.000Z","volume":2000,"price":11.02,"category":"rbull"},{"type":"A","date":"2018-03-14T07:20:18.000Z","volume":2000,"price":11.02,"category":"rbull"},{"type":"A","date":"2018-03-14T07:20:10.000Z","volume":2000,"price":11.02,"category":"rbull"},{"type":"A","date":"2018-03-14T07:20:02.000Z","volume":2000,"price":11.02,"category":"rbull"},{"type":"A","date":"2018-03-14T07:19:53.000Z","volume":2000,"price":11.02,"category":"rbull"},{"type":"A","date":"2018-03-14T07:19:47.000Z","volume":2000,"price":11.02,"category":"rbull"},{"type":"A","date":"2018-03-14T07:19:36.000Z","volume":2000,"price":11.02,"category":"rbull"},{"type":"A","date":"2018-03-14T07:19:29.000Z","volume":2000,"price":11.02,"category":"rbull"},{"type":"A","date":"2018-03-14T07:19:21.000Z","volume":2000,"price":11.02,"category":"rbull"},{"type":"A","date":"2018-03-14T07:19:12.000Z","volume":2000,"price":11.02,"category":"rbull"},{"type":"A","date":"2018-03-14T07:18:50.000Z","volume":2000,"price":11.02,"category":"rbull"},{"type":"A","date":"2018-03-14T07:18:43.000Z","volume":2000,"price":11.02,"category":"rbull"},{"type":"A","date":"2018-03-14T07:18:32.000Z","volume":2000,"price":11.02,"category":"rbull"},{"type":"A","date":"2018-03-14T07:18:24.000Z","volume":2000,"price":11.02,"category":"rbull"},{"type":"A","date":"2018-03-14T07:18:17.000Z","volume":2000,"price":11.02,"category":"rbull"},{"type":"A","date":"2018-03-14T07:18:11.000Z","volume":2000,"price":11.02,"category":"rbull"},{"type":"A","date":"2018-03-14T07:18:05.000Z","volume":2000,"price":11.02,"category":"rbull"},{"type":"A","date":"2018-03-14T07:18:02.000Z","volume":2000,"price":11.02,"category":"rbull"},{"type":"A","date":"2018-03-14T07:18:01.000Z","volume":2000,"price":11.02,"category":"rbull"},{"type":"A","date":"2018-03-14T07:17:53.000Z","volume":2000,"price":11.02,"category":"rbull"},{"type":"A","date":"2018-03-14T07:17:45.000Z","volume":2000,"price":11.02,"category":"rbull"},{"type":"A","date":"2018-03-14T07:17:29.000Z","volume":2000,"price":11.02,"category":"rbull"},{"type":"A","date":"2018-03-14T07:16:49.000Z","volume":2000,"price":11.02,"category":"rbull"},{"type":"A","date":"2018-03-14T07:16:42.000Z","volume":2000,"price":11.02,"category":"rbull"},{"type":"A","date":"2018-03-14T07:16:22.000Z","volume":2000,"price":11.02,"category":"rbull"},{"type":"A","date":"2018-03-14T07:15:20.000Z","volume":2000,"price":11.02,"category":"rbull"},{"type":"A","date":"2018-03-14T07:15:14.000Z","volume":2000,"price":11.04,"category":"rbull"},{"type":"A","date":"2018-03-14T07:14:42.000Z","volume":2000,"price":11.04,"category":"rbull"},{"type":"A","date":"2018-03-14T07:13:31.000Z","volume":2000,"price":11.02,"category":"rbull"},{"type":"A","date":"2018-03-14T07:12:40.000Z","volume":2000,"price":11.02,"category":"rbull"},{"type":"A","date":"2018-03-14T07:12:24.000Z","volume":2000,"price":11.02,"category":"rbull"},{"type":"A","date":"2018-03-14T07:04:10.000Z","volume":2000,"price":11,"category":"rbull"},{"type":"A","date":"2018-03-14T07:00:26.000Z","volume":2000,"price":11,"category":"rbull"},{"type":"A","date":"2018-03-14T06:51:45.000Z","volume":2000,"price":11,"category":"rbull"},{"type":"A","date":"2018-03-14T06:46:39.000Z","volume":2000,"price":11,"category":"rbull"},{"type":"A","date":"2018-03-14T06:46:22.000Z","volume":2000,"price":11,"category":"rbull"},{"type":"A","date":"2018-03-14T06:41:10.000Z","volume":2000,"price":10.98,"category":"rbull"},{"type":"A","date":"2018-03-14T06:36:17.000Z","volume":2000,"price":11.04,"category":"rbull"},{"type":"A","date":"2018-03-14T06:30:51.000Z","volume":2000,"price":11.04,"category":"rbull"},{"type":"A","date":"2018-03-14T06:30:51.000Z","volume":2000,"price":11.04,"category":"rbull"},{"type":"A","date":"2018-03-14T06:27:30.000Z","volume":2000,"price":11.04,"category":"rbull"},{"type":"A","date":"2018-03-14T06:26:39.000Z","volume":2000,"price":11.04,"category":"rbull"},{"type":"A","date":"2018-03-14T06:26:09.000Z","volume":2000,"price":11.06,"category":"rbull"},{"type":"A","date":"2018-03-14T06:23:29.000Z","volume":2000,"price":11.06,"category":"rbull"},{"type":"A","date":"2018-03-14T06:21:03.000Z","volume":2000,"price":11.04,"category":"rbull"},{"type":"A","date":"2018-03-14T06:18:47.000Z","volume":2000,"price":11.06,"category":"rbull"},{"type":"A","date":"2018-03-14T06:18:47.000Z","volume":2000,"price":11.06,"category":"rbull"},{"type":"A","date":"2018-03-14T06:18:46.000Z","volume":2000,"price":11.06,"category":"rbull"},{"type":"A","date":"2018-03-14T06:18:33.000Z","volume":2000,"price":11.06,"category":"rbull"},{"type":"A","date":"2018-03-14T06:17:40.000Z","volume":2000,"price":11.06,"category":"rbull"},{"type":"A","date":"2018-03-14T06:15:18.000Z","volume":2000,"price":11.02,"category":"rbull"},{"type":"A","date":"2018-03-14T06:14:56.000Z","volume":2000,"price":11.02,"category":"rbull"},{"type":"A","date":"2018-03-14T06:14:43.000Z","volume":2000,"price":11.02,"category":"rbull"},{"type":"A","date":"2018-03-14T06:12:17.000Z","volume":2000,"price":11.06,"category":"rbull"},{"type":"A","date":"2018-03-14T06:09:04.000Z","volume":2000,"price":11.06,"category":"rbull"},{"type":"A","date":"2018-03-14T06:08:55.000Z","volume":2000,"price":11.06,"category":"rbull"},{"type":"A","date":"2018-03-14T06:06:22.000Z","volume":2000,"price":11.08,"category":"rbull"},{"type":"A","date":"2018-03-14T06:04:04.000Z","volume":2000,"price":11.1,"category":"rbull"},{"type":"A","date":"2018-03-14T06:03:33.000Z","volume":2000,"price":11.1,"category":"rbull"},{"type":"A","date":"2018-03-14T06:03:18.000Z","volume":2000,"price":11.1,"category":"rbull"},{"type":"A","date":"2018-03-14T06:03:07.000Z","volume":2000,"price":11.1,"category":"rbull"},{"type":"A","date":"2018-03-14T06:03:06.000Z","volume":2000,"price":11.1,"category":"rbull"},{"type":"A","date":"2018-03-14T06:02:43.000Z","volume":2000,"price":11.1,"category":"rbull"},{"type":"A","date":"2018-03-14T06:02:11.000Z","volume":2000,"price":11.08,"category":"rbull"},{"type":"A","date":"2018-03-14T06:01:42.000Z","volume":2000,"price":11.08,"category":"rbull"},{"type":"A","date":"2018-03-14T06:01:37.000Z","volume":2000,"price":11.08,"category":"rbull"},{"type":"A","date":"2018-03-14T06:01:12.000Z","volume":2000,"price":11.06,"category":"rbull"},{"type":"A","date":"2018-03-14T05:58:45.000Z","volume":2000,"price":11.08,"category":"rbull"},{"type":"A","date":"2018-03-14T05:56:14.000Z","volume":2000,"price":11.02,"category":"rbull"},{"type":"A","date":"2018-03-14T05:55:52.000Z","volume":2000,"price":11,"category":"rbull"},{"type":"A","date":"2018-03-14T05:54:47.000Z","volume":2000,"price":11,"category":"rbull"},{"type":"A","date":"2018-03-14T05:51:07.000Z","volume":2000,"price":10.98,"category":"rbull"},{"type":"A","date":"2018-03-14T05:50:48.000Z","volume":2000,"price":10.98,"category":"rbull"},{"type":"A","date":"2018-03-14T05:50:37.000Z","volume":2000,"price":10.98,"category":"rbull"},{"type":"A","date":"2018-03-14T05:50:35.000Z","volume":2000,"price":10.98,"category":"rbull"},{"type":"A","date":"2018-03-14T05:48:45.000Z","volume":2000,"price":10.96,"category":"rbull"},{"type":"A","date":"2018-03-14T05:48:13.000Z","volume":2000,"price":10.94,"category":"rbull"},{"type":"A","date":"2018-03-14T05:47:55.000Z","volume":2000,"price":10.94,"category":"rbull"},{"type":"A","date":"2018-03-14T05:47:38.000Z","volume":2000,"price":10.94,"category":"rbull"},{"type":"A","date":"2018-03-14T05:45:28.000Z","volume":2000,"price":10.96,"category":"rbull"},{"type":"A","date":"2018-03-14T05:44:11.000Z","volume":2000,"price":10.96,"category":"rbull"},{"type":"A","date":"2018-03-14T05:42:14.000Z","volume":2000,"price":10.98,"category":"rbull"},{"type":"A","date":"2018-03-14T05:41:37.000Z","volume":2000,"price":10.98,"category":"rbull"},{"type":"A","date":"2018-03-14T05:41:06.000Z","volume":2000,"price":10.96,"category":"rbull"},{"type":"A","date":"2018-03-14T05:41:01.000Z","volume":2000,"price":10.96,"category":"rbull"},{"type":"A","date":"2018-03-14T05:40:44.000Z","volume":2000,"price":10.96,"category":"rbull"},{"type":"A","date":"2018-03-14T05:35:40.000Z","volume":2000,"price":10.92,"category":"rbull"},{"type":"A","date":"2018-03-14T05:28:25.000Z","volume":2000,"price":10.88,"category":"rbull"},{"type":"A","date":"2018-03-14T05:23:40.000Z","volume":2000,"price":10.88,"category":"rbull"},{"type":"A","date":"2018-03-14T05:18:23.000Z","volume":2000,"price":10.9,"category":"rbull"},{"type":"A","date":"2018-03-14T05:14:49.000Z","volume":2000,"price":10.94,"category":"rbull"},{"type":"A","date":"2018-03-14T05:13:26.000Z","volume":2000,"price":10.94,"category":"rbull"},{"type":"A","date":"2018-03-14T05:11:44.000Z","volume":2000,"price":10.88,"category":"rbull"},{"type":"A","date":"2018-03-14T05:10:06.000Z","volume":2000,"price":10.88,"category":"rbull"},{"type":"A","date":"2018-03-14T05:09:45.000Z","volume":2000,"price":10.86,"category":"rbull"},{"type":"A","date":"2018-03-14T05:08:20.000Z","volume":2000,"price":10.86,"category":"rbull"},{"type":"A","date":"2018-03-14T05:06:48.000Z","volume":2000,"price":10.86,"category":"rbull"},{"type":"A","date":"2018-03-14T05:06:20.000Z","volume":2000,"price":10.88,"category":"rbull"},{"type":"A","date":"2018-03-14T05:00:36.000Z","volume":2000,"price":10.84,"category":"rbull"},{"type":"A","date":"2018-03-14T05:00:07.000Z","volume":2000,"price":10.84,"category":"rbull"},{"type":"A","date":"2018-03-14T05:00:04.000Z","volume":2000,"price":10.84,"category":"rbull"},{"type":"A","date":"2018-03-14T05:00:01.000Z","volume":2000,"price":10.84,"category":"rbull"},{"type":"A","date":"2018-03-14T03:55:33.000Z","volume":2000,"price":10.84,"category":"rbull"},{"type":"A","date":"2018-03-14T03:53:49.000Z","volume":2000,"price":10.84,"category":"rbull"},{"type":"A","date":"2018-03-14T03:49:44.000Z","volume":2000,"price":10.84,"category":"rbull"},{"type":"A","date":"2018-03-14T03:49:10.000Z","volume":2000,"price":10.84,"category":"rbull"},{"type":"A","date":"2018-03-14T03:39:54.000Z","volume":2000,"price":10.84,"category":"rbull"},{"type":"A","date":"2018-03-14T03:29:35.000Z","volume":2000,"price":10.8,"category":"rbull"},{"type":"A","date":"2018-03-14T03:28:28.000Z","volume":2000,"price":10.8,"category":"rbull"},{"type":"A","date":"2018-03-14T03:28:22.000Z","volume":2000,"price":10.8,"category":"rbull"},{"type":"A","date":"2018-03-14T03:27:33.000Z","volume":2000,"price":10.8,"category":"rbull"},{"type":"A","date":"2018-03-14T03:24:11.000Z","volume":2000,"price":10.8,"category":"rbull"},{"type":"A","date":"2018-03-14T03:15:19.000Z","volume":2000,"price":10.82,"category":"rbull"},{"type":"A","date":"2018-03-14T03:09:23.000Z","volume":2000,"price":10.78,"category":"rbull"},{"type":"A","date":"2018-03-14T03:08:03.000Z","volume":2000,"price":10.8,"category":"rbull"},{"type":"A","date":"2018-03-14T02:59:31.000Z","volume":2000,"price":10.82,"category":"rbull"},{"type":"A","date":"2018-03-14T02:57:42.000Z","volume":2000,"price":10.86,"category":"rbull"},{"type":"A","date":"2018-03-14T02:57:10.000Z","volume":2000,"price":10.86,"category":"rbull"},{"type":"A","date":"2018-03-14T02:55:21.000Z","volume":2000,"price":10.86,"category":"rbull"},{"type":"A","date":"2018-03-14T02:49:27.000Z","volume":2000,"price":10.86,"category":"rbull"},{"type":"A","date":"2018-03-14T02:48:51.000Z","volume":2000,"price":10.86,"category":"rbull"},{"type":"A","date":"2018-03-14T02:43:35.000Z","volume":2000,"price":10.84,"category":"rbull"},{"type":"A","date":"2018-03-14T02:41:44.000Z","volume":2000,"price":10.82,"category":"rbull"},{"type":"A","date":"2018-03-14T02:32:07.000Z","volume":2000,"price":10.8,"category":"rbull"},{"type":"A","date":"2018-03-14T02:29:46.000Z","volume":2000,"price":10.76,"category":"rbull"},{"type":"A","date":"2018-03-14T02:29:38.000Z","volume":2000,"price":10.76,"category":"rbull"},{"type":"A","date":"2018-03-14T02:23:05.000Z","volume":2000,"price":10.72,"category":"rbull"},{"type":"A","date":"2018-03-14T02:16:38.000Z","volume":2000,"price":10.72,"category":"rbull"},{"type":"A","date":"2018-03-14T02:13:28.000Z","volume":2000,"price":10.76,"category":"rbull"},{"type":"A","date":"2018-03-14T02:13:01.000Z","volume":2000,"price":10.76,"category":"rbull"},{"type":"A","date":"2018-03-14T02:13:01.000Z","volume":2000,"price":10.76,"category":"rbull"},{"type":"A","date":"2018-03-14T02:09:41.000Z","volume":2000,"price":10.76,"category":"rbull"},{"type":"A","date":"2018-03-14T02:04:53.000Z","volume":2000,"price":10.78,"category":"rbull"},{"type":"A","date":"2018-03-14T02:03:56.000Z","volume":2000,"price":10.74,"category":"rbull"},{"type":"A","date":"2018-03-14T02:03:26.000Z","volume":2000,"price":10.74,"category":"rbull"},{"type":"A","date":"2018-03-14T02:02:00.000Z","volume":2000,"price":10.7,"category":"rbull"},{"type":"A","date":"2018-03-14T02:00:54.000Z","volume":2000,"price":10.7,"category":"rbull"},{"type":"A","date":"2018-03-14T02:00:48.000Z","volume":2000,"price":10.7,"category":"rbull"},{"type":"A","date":"2018-03-14T01:57:44.000Z","volume":2000,"price":10.7,"category":"rbull"},{"type":"A","date":"2018-03-14T01:57:40.000Z","volume":2000,"price":10.7,"category":"rbull"},{"type":"A","date":"2018-03-14T01:57:33.000Z","volume":2000,"price":10.7,"category":"rbull"},{"type":"A","date":"2018-03-14T01:56:59.000Z","volume":2000,"price":10.7,"category":"rbull"},{"type":"A","date":"2018-03-14T01:56:34.000Z","volume":2000,"price":10.72,"category":"rbull"},{"type":"A","date":"2018-03-14T01:54:58.000Z","volume":2000,"price":10.74,"category":"rbull"},{"type":"A","date":"2018-03-14T01:50:37.000Z","volume":2000,"price":10.68,"category":"rbull"},{"type":"A","date":"2018-03-14T01:48:36.000Z","volume":2000,"price":10.7,"category":"rbull"},{"type":"A","date":"2018-03-14T01:47:37.000Z","volume":2000,"price":10.74,"category":"rbull"},{"type":"A","date":"2018-03-14T01:45:30.000Z","volume":2000,"price":10.72,"category":"rbull"},{"type":"A","date":"2018-03-14T01:44:06.000Z","volume":2000,"price":10.74,"category":"rbull"},{"type":"A","date":"2018-03-14T01:43:59.000Z","volume":2000,"price":10.74,"category":"rbull"},{"type":"A","date":"2018-03-14T01:42:00.000Z","volume":2000,"price":10.72,"category":"rbull"},{"type":"A","date":"2018-03-14T01:39:37.000Z","volume":2000,"price":10.72,"category":"rbull"},{"type":"A","date":"2018-03-14T01:38:44.000Z","volume":2000,"price":10.74,"category":"rbull"},{"type":"A","date":"2018-03-14T01:38:18.000Z","volume":2000,"price":10.7,"category":"rbull"},{"type":"A","date":"2018-03-14T01:37:44.000Z","volume":2000,"price":10.7,"category":"rbull"},{"type":"A","date":"2018-03-14T01:36:54.000Z","volume":2000,"price":10.68,"category":"rbull"},{"type":"A","date":"2018-03-14T01:35:47.000Z","volume":2000,"price":10.64,"category":"rbull"},{"type":"A","date":"2018-03-14T01:35:34.000Z","volume":2000,"price":10.64,"category":"rbull"},{"type":"A","date":"2018-03-14T01:35:26.000Z","volume":2000,"price":10.64,"category":"rbull"},{"type":"A","date":"2018-03-14T01:34:43.000Z","volume":2000,"price":10.64,"category":"rbull"},{"type":"A","date":"2018-03-14T01:31:33.000Z","volume":2000,"price":10.8,"category":"rbull"},{"type":"A","date":"2018-03-14T01:30:58.000Z","volume":2000,"price":10.82,"category":"rbull"},{"type":"A","date":"2018-03-14T01:30:53.000Z","volume":2000,"price":10.82,"category":"rbull"},{"type":"B","date":"2018-03-14T07:59:52.000Z","volume":2000,"price":11.08,"category":"rbear"},{"type":"B","date":"2018-03-14T07:59:52.000Z","volume":2000,"price":11.1,"category":"rbear"},{"type":"B","date":"2018-03-14T07:59:50.000Z","volume":2000,"price":11.1,"category":"rbear"},{"type":"B","date":"2018-03-14T07:59:42.000Z","volume":2000,"price":11.1,"category":"rbear"},{"type":"B","date":"2018-03-14T07:59:21.000Z","volume":2000,"price":11.1,"category":"rbear"},{"type":"B","date":"2018-03-14T07:59:08.000Z","volume":2000,"price":11.1,"category":"rbear"},{"type":"B","date":"2018-03-14T07:59:03.000Z","volume":2000,"price":11.1,"category":"rbear"},{"type":"B","date":"2018-03-14T07:59:03.000Z","volume":2000,"price":11.1,"category":"rbear"},{"type":"B","date":"2018-03-14T07:58:54.000Z","volume":2000,"price":11.1,"category":"rbear"},{"type":"B","date":"2018-03-14T07:58:47.000Z","volume":2000,"price":11.1,"category":"rbear"},{"type":"B","date":"2018-03-14T07:58:41.000Z","volume":2000,"price":11.1,"category":"rbear"},{"type":"B","date":"2018-03-14T07:58:31.000Z","volume":2000,"price":11.1,"category":"rbear"},{"type":"B","date":"2018-03-14T07:58:21.000Z","volume":2000,"price":11.1,"category":"rbear"},{"type":"B","date":"2018-03-14T07:58:09.000Z","volume":2000,"price":11.1,"category":"rbear"},{"type":"B","date":"2018-03-14T07:58:07.000Z","volume":2000,"price":11.1,"category":"rbear"},{"type":"B","date":"2018-03-14T07:57:50.000Z","volume":2000,"price":11.1,"category":"rbear"},{"type":"B","date":"2018-03-14T07:57:39.000Z","volume":2000,"price":11.1,"category":"rbear"},{"type":"B","date":"2018-03-14T07:57:20.000Z","volume":2000,"price":11.1,"category":"rbear"},{"type":"B","date":"2018-03-14T07:56:47.000Z","volume":2000,"price":11.08,"category":"rbear"},{"type":"B","date":"2018-03-14T07:56:37.000Z","volume":2000,"price":11.08,"category":"rbear"},{"type":"B","date":"2018-03-14T07:55:25.000Z","volume":2000,"price":11.06,"category":"rbear"},{"type":"B","date":"2018-03-14T07:55:15.000Z","volume":2000,"price":11.06,"category":"rbear"},{"type":"B","date":"2018-03-14T07:54:34.000Z","volume":2000,"price":11.06,"category":"rbear"},{"type":"B","date":"2018-03-14T07:54:14.000Z","volume":2000,"price":11.1,"category":"rbear"},{"type":"B","date":"2018-03-14T07:54:04.000Z","volume":2000,"price":11.1,"category":"rbear"},{"type":"B","date":"2018-03-14T07:53:23.000Z","volume":2000,"price":11.08,"category":"rbear"},{"type":"B","date":"2018-03-14T07:52:24.000Z","volume":2000,"price":11.08,"category":"rbear"},{"type":"B","date":"2018-03-14T07:52:14.000Z","volume":2000,"price":11.08,"category":"rbear"},{"type":"B","date":"2018-03-14T07:51:54.000Z","volume":2000,"price":11.08,"category":"rbear"},{"type":"B","date":"2018-03-14T07:51:43.000Z","volume":2000,"price":11.08,"category":"rbear"},{"type":"B","date":"2018-03-14T07:51:34.000Z","volume":2000,"price":11.08,"category":"rbear"},{"type":"B","date":"2018-03-14T07:51:14.000Z","volume":2000,"price":11.08,"category":"rbear"},{"type":"B","date":"2018-03-14T07:50:53.000Z","volume":2000,"price":11.08,"category":"rbear"},{"type":"B","date":"2018-03-14T07:49:53.000Z","volume":2000,"price":11.06,"category":"rbear"},{"type":"B","date":"2018-03-14T07:49:51.000Z","volume":2000,"price":11.06,"category":"rbear"},{"type":"B","date":"2018-03-14T07:49:33.000Z","volume":2000,"price":11.06,"category":"rbear"},{"type":"B","date":"2018-03-14T07:49:13.000Z","volume":2000,"price":11.06,"category":"rbear"},{"type":"B","date":"2018-03-14T07:48:53.000Z","volume":2000,"price":11.06,"category":"rbear"},{"type":"B","date":"2018-03-14T07:47:53.000Z","volume":2000,"price":11.06,"category":"rbear"},{"type":"B","date":"2018-03-14T07:47:33.000Z","volume":2000,"price":11.06,"category":"rbear"},{"type":"B","date":"2018-03-14T07:47:13.000Z","volume":2000,"price":11.06,"category":"rbear"},{"type":"B","date":"2018-03-14T07:46:53.000Z","volume":2000,"price":11.06,"category":"rbear"},{"type":"B","date":"2018-03-14T07:46:33.000Z","volume":2000,"price":11.06,"category":"rbear"},{"type":"B","date":"2018-03-14T07:42:42.000Z","volume":2000,"price":11.02,"category":"rbear"},{"type":"B","date":"2018-03-14T07:42:29.000Z","volume":2000,"price":11.02,"category":"rbear"},{"type":"B","date":"2018-03-14T07:42:22.000Z","volume":2000,"price":11.02,"category":"rbear"},{"type":"B","date":"2018-03-14T07:42:01.000Z","volume":2000,"price":11.02,"category":"rbear"},{"type":"B","date":"2018-03-14T07:41:41.000Z","volume":2000,"price":11.02,"category":"rbear"},{"type":"B","date":"2018-03-14T07:41:28.000Z","volume":2000,"price":11.02,"category":"rbear"},{"type":"B","date":"2018-03-14T07:41:21.000Z","volume":2000,"price":11.02,"category":"rbear"},{"type":"B","date":"2018-03-14T07:41:01.000Z","volume":2000,"price":11.02,"category":"rbear"},{"type":"B","date":"2018-03-14T07:40:41.000Z","volume":2000,"price":11.02,"category":"rbear"},{"type":"B","date":"2018-03-14T07:40:28.000Z","volume":2000,"price":11.02,"category":"rbear"},{"type":"B","date":"2018-03-14T07:40:21.000Z","volume":2000,"price":11.02,"category":"rbear"},{"type":"B","date":"2018-03-14T07:38:51.000Z","volume":2000,"price":11.02,"category":"rbear"},{"type":"B","date":"2018-03-14T07:38:31.000Z","volume":2000,"price":11.02,"category":"rbear"},{"type":"B","date":"2018-03-14T07:38:28.000Z","volume":2000,"price":11.02,"category":"rbear"},{"type":"B","date":"2018-03-14T07:38:10.000Z","volume":2000,"price":11.02,"category":"rbear"},{"type":"B","date":"2018-03-14T07:37:50.000Z","volume":2000,"price":11.02,"category":"rbear"},{"type":"B","date":"2018-03-14T07:37:30.000Z","volume":2000,"price":11.02,"category":"rbear"},{"type":"B","date":"2018-03-14T07:37:27.000Z","volume":2000,"price":11.02,"category":"rbear"},{"type":"B","date":"2018-03-14T07:37:10.000Z","volume":2000,"price":11.02,"category":"rbear"},{"type":"B","date":"2018-03-14T07:36:50.000Z","volume":2000,"price":11.02,"category":"rbear"},{"type":"B","date":"2018-03-14T07:36:30.000Z","volume":2000,"price":11.02,"category":"rbear"},{"type":"B","date":"2018-03-14T07:36:27.000Z","volume":2000,"price":11.02,"category":"rbear"},{"type":"B","date":"2018-03-14T07:36:00.000Z","volume":2000,"price":11.02,"category":"rbear"},{"type":"B","date":"2018-03-14T07:35:40.000Z","volume":2000,"price":11,"category":"rbear"},{"type":"B","date":"2018-03-14T07:35:20.000Z","volume":2000,"price":11,"category":"rbear"},{"type":"B","date":"2018-03-14T07:35:00.000Z","volume":2000,"price":11,"category":"rbear"},{"type":"B","date":"2018-03-14T07:34:40.000Z","volume":2000,"price":11.02,"category":"rbear"},{"type":"B","date":"2018-03-14T07:34:26.000Z","volume":2000,"price":11.02,"category":"rbear"},{"type":"B","date":"2018-03-14T07:34:24.000Z","volume":2000,"price":11.02,"category":"rbear"},{"type":"B","date":"2018-03-14T07:34:19.000Z","volume":2000,"price":11.02,"category":"rbear"},{"type":"B","date":"2018-03-14T07:33:59.000Z","volume":2000,"price":11.06,"category":"rbear"},{"type":"B","date":"2018-03-14T07:33:29.000Z","volume":2000,"price":11.06,"category":"rbear"},{"type":"B","date":"2018-03-14T07:33:15.000Z","volume":2000,"price":11.06,"category":"rbear"},{"type":"B","date":"2018-03-14T07:33:09.000Z","volume":2000,"price":11.06,"category":"rbear"},{"type":"B","date":"2018-03-14T07:32:49.000Z","volume":2000,"price":11.06,"category":"rbear"},{"type":"B","date":"2018-03-14T07:32:28.000Z","volume":2000,"price":11.06,"category":"rbear"},{"type":"B","date":"2018-03-14T07:32:07.000Z","volume":2000,"price":11.06,"category":"rbear"},{"type":"B","date":"2018-03-14T07:31:37.000Z","volume":2000,"price":11.06,"category":"rbear"},{"type":"B","date":"2018-03-14T07:31:17.000Z","volume":2000,"price":11.06,"category":"rbear"},{"type":"B","date":"2018-03-14T07:30:57.000Z","volume":2000,"price":11.06,"category":"rbear"},{"type":"B","date":"2018-03-14T07:30:06.000Z","volume":2000,"price":11.04,"category":"rbear"},{"type":"B","date":"2018-03-14T07:30:02.000Z","volume":2000,"price":11.04,"category":"rbear"},{"type":"B","date":"2018-03-14T07:29:46.000Z","volume":2000,"price":11.04,"category":"rbear"},{"type":"B","date":"2018-03-14T07:29:25.000Z","volume":2000,"price":11.04,"category":"rbear"},{"type":"B","date":"2018-03-14T07:29:05.000Z","volume":2000,"price":11.04,"category":"rbear"},{"type":"B","date":"2018-03-14T07:29:02.000Z","volume":2000,"price":11.04,"category":"rbear"},{"type":"B","date":"2018-03-14T07:28:34.000Z","volume":2000,"price":11.04,"category":"rbear"},{"type":"B","date":"2018-03-14T07:28:14.000Z","volume":2000,"price":11.04,"category":"rbear"},{"type":"B","date":"2018-03-14T07:27:24.000Z","volume":2000,"price":11.04,"category":"rbear"},{"type":"B","date":"2018-03-14T07:27:04.000Z","volume":2000,"price":11.04,"category":"rbear"},{"type":"B","date":"2018-03-14T07:26:42.000Z","volume":2000,"price":11.04,"category":"rbear"},{"type":"B","date":"2018-03-14T07:26:34.000Z","volume":2000,"price":11.04,"category":"rbear"},{"type":"B","date":"2018-03-14T07:26:13.000Z","volume":2000,"price":11.04,"category":"rbear"},{"type":"B","date":"2018-03-14T07:25:43.000Z","volume":2000,"price":11.04,"category":"rbear"},{"type":"B","date":"2018-03-14T07:25:32.000Z","volume":2000,"price":11.04,"category":"rbear"},{"type":"B","date":"2018-03-14T07:25:23.000Z","volume":2000,"price":11.04,"category":"rbear"},{"type":"B","date":"2018-03-14T07:24:53.000Z","volume":2000,"price":11.04,"category":"rbear"},{"type":"B","date":"2018-03-14T07:24:33.000Z","volume":2000,"price":11.04,"category":"rbear"},{"type":"B","date":"2018-03-14T07:24:13.000Z","volume":2000,"price":11.04,"category":"rbear"},{"type":"B","date":"2018-03-14T07:24:02.000Z","volume":2000,"price":11.04,"category":"rbear"},{"type":"B","date":"2018-03-14T07:21:20.000Z","volume":2000,"price":11.02,"category":"rbear"},{"type":"B","date":"2018-03-14T07:21:20.000Z","volume":2000,"price":11.02,"category":"rbear"},{"type":"B","date":"2018-03-14T07:21:20.000Z","volume":2000,"price":11.02,"category":"rbear"},{"type":"B","date":"2018-03-14T07:19:57.000Z","volume":2000,"price":11,"category":"rbear"},{"type":"B","date":"2018-03-14T07:19:44.000Z","volume":2000,"price":11,"category":"rbear"},{"type":"B","date":"2018-03-14T07:19:18.000Z","volume":2000,"price":11,"category":"rbear"},{"type":"B","date":"2018-03-14T07:18:07.000Z","volume":2000,"price":11,"category":"rbear"},{"type":"B","date":"2018-03-14T07:16:47.000Z","volume":2000,"price":11,"category":"rbear"},{"type":"B","date":"2018-03-14T07:12:46.000Z","volume":2000,"price":11,"category":"rbear"},{"type":"B","date":"2018-03-14T07:10:14.000Z","volume":2000,"price":11,"category":"rbear"},{"type":"B","date":"2018-03-14T07:10:14.000Z","volume":2000,"price":11,"category":"rbear"},{"type":"B","date":"2018-03-14T07:10:14.000Z","volume":2000,"price":11,"category":"rbear"},{"type":"B","date":"2018-03-14T07:09:14.000Z","volume":2000,"price":10.98,"category":"rbear"},{"type":"B","date":"2018-03-14T07:09:14.000Z","volume":2000,"price":10.98,"category":"rbear"},{"type":"B","date":"2018-03-14T07:08:34.000Z","volume":2000,"price":10.98,"category":"rbear"},{"type":"B","date":"2018-03-14T07:07:04.000Z","volume":2000,"price":10.98,"category":"rbear"},{"type":"B","date":"2018-03-14T07:05:54.000Z","volume":2000,"price":10.98,"category":"rbear"},{"type":"B","date":"2018-03-14T07:02:34.000Z","volume":2000,"price":10.98,"category":"rbear"},{"type":"B","date":"2018-03-14T07:02:34.000Z","volume":2000,"price":10.98,"category":"rbear"},{"type":"B","date":"2018-03-14T07:02:34.000Z","volume":2000,"price":10.98,"category":"rbear"},{"type":"B","date":"2018-03-14T07:02:24.000Z","volume":2000,"price":10.98,"category":"rbear"},{"type":"B","date":"2018-03-14T06:59:48.000Z","volume":2000,"price":10.98,"category":"rbear"},{"type":"B","date":"2018-03-14T06:57:12.000Z","volume":2000,"price":11,"category":"rbear"},{"type":"B","date":"2018-03-14T06:57:12.000Z","volume":2000,"price":11,"category":"rbear"},{"type":"B","date":"2018-03-14T06:57:12.000Z","volume":2000,"price":11,"category":"rbear"},{"type":"B","date":"2018-03-14T06:50:38.000Z","volume":2000,"price":10.98,"category":"rbear"},{"type":"B","date":"2018-03-14T06:50:31.000Z","volume":2000,"price":10.98,"category":"rbear"},{"type":"B","date":"2018-03-14T06:47:20.000Z","volume":2000,"price":10.98,"category":"rbear"},{"type":"B","date":"2018-03-14T06:43:40.000Z","volume":2000,"price":10.98,"category":"rbear"},{"type":"B","date":"2018-03-14T06:43:40.000Z","volume":2000,"price":10.98,"category":"rbear"},{"type":"B","date":"2018-03-14T06:43:30.000Z","volume":2000,"price":10.98,"category":"rbear"},{"type":"B","date":"2018-03-14T06:43:30.000Z","volume":2000,"price":10.98,"category":"rbear"},{"type":"B","date":"2018-03-14T06:43:30.000Z","volume":2000,"price":10.98,"category":"rbear"},{"type":"B","date":"2018-03-14T06:43:30.000Z","volume":2000,"price":10.98,"category":"rbear"},{"type":"B","date":"2018-03-14T06:43:30.000Z","volume":2000,"price":10.98,"category":"rbear"},{"type":"B","date":"2018-03-14T06:43:30.000Z","volume":2000,"price":10.98,"category":"rbear"},{"type":"B","date":"2018-03-14T06:43:30.000Z","volume":2000,"price":10.98,"category":"rbear"},{"type":"B","date":"2018-03-14T06:40:56.000Z","volume":2000,"price":10.96,"category":"rbear"},{"type":"B","date":"2018-03-14T06:39:29.000Z","volume":2000,"price":11,"category":"rbear"},{"type":"B","date":"2018-03-14T06:39:29.000Z","volume":2000,"price":11,"category":"rbear"},{"type":"B","date":"2018-03-14T06:39:29.000Z","volume":2000,"price":11,"category":"rbear"},{"type":"B","date":"2018-03-14T06:39:29.000Z","volume":2000,"price":11,"category":"rbear"},{"type":"B","date":"2018-03-14T06:39:29.000Z","volume":2000,"price":11,"category":"rbear"},{"type":"B","date":"2018-03-14T06:39:18.000Z","volume":2000,"price":11,"category":"rbear"},{"type":"B","date":"2018-03-14T06:32:18.000Z","volume":2000,"price":11.04,"category":"rbear"},{"type":"B","date":"2018-03-14T06:32:18.000Z","volume":2000,"price":11.04,"category":"rbear"},{"type":"B","date":"2018-03-14T06:32:14.000Z","volume":2000,"price":11.04,"category":"rbear"},{"type":"B","date":"2018-03-14T06:30:58.000Z","volume":2000,"price":11.04,"category":"rbear"},{"type":"B","date":"2018-03-14T06:30:58.000Z","volume":2000,"price":11.04,"category":"rbear"},{"type":"B","date":"2018-03-14T06:30:23.000Z","volume":2000,"price":11.02,"category":"rbear"},{"type":"B","date":"2018-03-14T06:27:08.000Z","volume":2000,"price":11.02,"category":"rbear"},{"type":"B","date":"2018-03-14T06:26:27.000Z","volume":2000,"price":11.04,"category":"rbear"},{"type":"B","date":"2018-03-14T06:26:27.000Z","volume":2000,"price":11.04,"category":"rbear"},{"type":"B","date":"2018-03-14T06:26:09.000Z","volume":2000,"price":11.04,"category":"rbear"},{"type":"B","date":"2018-03-14T06:22:07.000Z","volume":2000,"price":11.04,"category":"rbear"},{"type":"B","date":"2018-03-14T06:22:07.000Z","volume":2000,"price":11.04,"category":"rbear"},{"type":"B","date":"2018-03-14T06:22:07.000Z","volume":2000,"price":11.04,"category":"rbear"},{"type":"B","date":"2018-03-14T06:16:23.000Z","volume":2000,"price":11.04,"category":"rbear"},{"type":"B","date":"2018-03-14T06:15:55.000Z","volume":2000,"price":11.04,"category":"rbear"},{"type":"B","date":"2018-03-14T06:15:50.000Z","volume":2000,"price":11.04,"category":"rbear"},{"type":"B","date":"2018-03-14T06:15:25.000Z","volume":2000,"price":11.02,"category":"rbear"},{"type":"B","date":"2018-03-14T06:14:41.000Z","volume":2000,"price":11.02,"category":"rbear"},{"type":"B","date":"2018-03-14T06:14:38.000Z","volume":2000,"price":11.02,"category":"rbear"},{"type":"B","date":"2018-03-14T06:13:43.000Z","volume":2000,"price":11.04,"category":"rbear"},{"type":"B","date":"2018-03-14T06:11:14.000Z","volume":2000,"price":11.04,"category":"rbear"},{"type":"B","date":"2018-03-14T06:11:14.000Z","volume":2000,"price":11.04,"category":"rbear"},{"type":"B","date":"2018-03-14T06:11:14.000Z","volume":2000,"price":11.04,"category":"rbear"},{"type":"B","date":"2018-03-14T06:11:14.000Z","volume":2000,"price":11.04,"category":"rbear"},{"type":"B","date":"2018-03-14T06:10:53.000Z","volume":2000,"price":11.04,"category":"rbear"},{"type":"B","date":"2018-03-14T06:09:32.000Z","volume":2000,"price":11.04,"category":"rbear"},{"type":"B","date":"2018-03-14T06:05:32.000Z","volume":2000,"price":11.06,"category":"rbear"},{"type":"B","date":"2018-03-14T06:04:59.000Z","volume":2000,"price":11.06,"category":"rbear"},{"type":"B","date":"2018-03-14T06:02:16.000Z","volume":2000,"price":11.06,"category":"rbear"},{"type":"B","date":"2018-03-14T06:00:36.000Z","volume":2000,"price":11.04,"category":"rbear"},{"type":"B","date":"2018-03-14T05:59:00.000Z","volume":2000,"price":11.06,"category":"rbear"},{"type":"B","date":"2018-03-14T05:58:58.000Z","volume":2000,"price":11.06,"category":"rbear"},{"type":"B","date":"2018-03-14T05:58:58.000Z","volume":2000,"price":11.06,"category":"rbear"},{"type":"B","date":"2018-03-14T05:58:58.000Z","volume":2000,"price":11.06,"category":"rbear"},{"type":"B","date":"2018-03-14T05:58:54.000Z","volume":2000,"price":11.08,"category":"rbear"},{"type":"B","date":"2018-03-14T05:58:17.000Z","volume":2000,"price":11.06,"category":"rbear"},{"type":"B","date":"2018-03-14T05:57:39.000Z","volume":2000,"price":11.06,"category":"rbear"},{"type":"B","date":"2018-03-14T05:55:59.000Z","volume":2000,"price":11,"category":"rbear"},{"type":"B","date":"2018-03-14T05:55:59.000Z","volume":2000,"price":11,"category":"rbear"},{"type":"B","date":"2018-03-14T05:55:59.000Z","volume":2000,"price":11,"category":"rbear"},{"type":"B","date":"2018-03-14T05:54:38.000Z","volume":2000,"price":10.98,"category":"rbear"},{"type":"B","date":"2018-03-14T05:54:28.000Z","volume":2000,"price":10.98,"category":"rbear"},{"type":"B","date":"2018-03-14T05:52:59.000Z","volume":2000,"price":10.98,"category":"rbear"},{"type":"B","date":"2018-03-14T05:52:53.000Z","volume":2000,"price":10.98,"category":"rbear"},{"type":"B","date":"2018-03-14T05:52:07.000Z","volume":2000,"price":10.98,"category":"rbear"},{"type":"B","date":"2018-03-14T05:49:47.000Z","volume":2000,"price":10.96,"category":"rbear"},{"type":"B","date":"2018-03-14T05:46:52.000Z","volume":2000,"price":10.96,"category":"rbear"},{"type":"B","date":"2018-03-14T05:46:46.000Z","volume":2000,"price":10.96,"category":"rbear"},{"type":"B","date":"2018-03-14T05:46:46.000Z","volume":2000,"price":10.96,"category":"rbear"},{"type":"B","date":"2018-03-14T05:46:46.000Z","volume":2000,"price":10.96,"category":"rbear"},{"type":"B","date":"2018-03-14T05:46:19.000Z","volume":2000,"price":10.96,"category":"rbear"},{"type":"B","date":"2018-03-14T05:46:05.000Z","volume":2000,"price":10.96,"category":"rbear"},{"type":"B","date":"2018-03-14T05:43:54.000Z","volume":2000,"price":10.96,"category":"rbear"},{"type":"B","date":"2018-03-14T05:43:54.000Z","volume":2000,"price":10.96,"category":"rbear"},{"type":"B","date":"2018-03-14T05:43:09.000Z","volume":2000,"price":10.96,"category":"rbear"},{"type":"B","date":"2018-03-14T05:39:40.000Z","volume":2000,"price":10.92,"category":"rbear"},{"type":"B","date":"2018-03-14T05:39:40.000Z","volume":2000,"price":10.92,"category":"rbear"},{"type":"B","date":"2018-03-14T05:39:40.000Z","volume":2000,"price":10.92,"category":"rbear"},{"type":"B","date":"2018-03-14T05:39:40.000Z","volume":2000,"price":10.92,"category":"rbear"},{"type":"B","date":"2018-03-14T05:39:00.000Z","volume":2000,"price":10.9,"category":"rbear"},{"type":"B","date":"2018-03-14T05:33:13.000Z","volume":2000,"price":10.9,"category":"rbear"},{"type":"B","date":"2018-03-14T05:33:13.000Z","volume":2000,"price":10.9,"category":"rbear"},{"type":"B","date":"2018-03-14T05:32:28.000Z","volume":2000,"price":10.9,"category":"rbear"},{"type":"B","date":"2018-03-14T05:32:28.000Z","volume":2000,"price":10.9,"category":"rbear"},{"type":"B","date":"2018-03-14T05:32:03.000Z","volume":2000,"price":10.88,"category":"rbear"},{"type":"B","date":"2018-03-14T05:30:17.000Z","volume":2000,"price":10.88,"category":"rbear"},{"type":"B","date":"2018-03-14T05:30:17.000Z","volume":2000,"price":10.88,"category":"rbear"},{"type":"B","date":"2018-03-14T05:30:17.000Z","volume":2000,"price":10.88,"category":"rbear"},{"type":"B","date":"2018-03-14T05:28:37.000Z","volume":2000,"price":10.88,"category":"rbear"},{"type":"B","date":"2018-03-14T05:28:37.000Z","volume":2000,"price":10.88,"category":"rbear"},{"type":"B","date":"2018-03-14T05:28:37.000Z","volume":2000,"price":10.88,"category":"rbear"},{"type":"B","date":"2018-03-14T05:24:25.000Z","volume":2000,"price":10.88,"category":"rbear"},{"type":"B","date":"2018-03-14T05:23:49.000Z","volume":2000,"price":10.88,"category":"rbear"},{"type":"B","date":"2018-03-14T05:22:38.000Z","volume":2000,"price":10.86,"category":"rbear"},{"type":"B","date":"2018-03-14T05:12:40.000Z","volume":2000,"price":10.86,"category":"rbear"},{"type":"B","date":"2018-03-14T05:00:27.000Z","volume":2000,"price":10.82,"category":"rbear"},{"type":"B","date":"2018-03-14T05:00:18.000Z","volume":2000,"price":10.82,"category":"rbear"},{"type":"B","date":"2018-03-14T05:00:02.000Z","volume":2000,"price":10.84,"category":"rbear"},{"type":"B","date":"2018-03-14T03:59:49.000Z","volume":2000,"price":10.82,"category":"rbear"},{"type":"B","date":"2018-03-14T03:59:38.000Z","volume":2000,"price":10.82,"category":"rbear"},{"type":"B","date":"2018-03-14T03:59:11.000Z","volume":2000,"price":10.82,"category":"rbear"},{"type":"B","date":"2018-03-14T03:58:58.000Z","volume":2000,"price":10.82,"category":"rbear"},{"type":"B","date":"2018-03-14T03:58:28.000Z","volume":2000,"price":10.82,"category":"rbear"},{"type":"B","date":"2018-03-14T03:57:48.000Z","volume":2000,"price":10.82,"category":"rbear"},{"type":"B","date":"2018-03-14T03:56:57.000Z","volume":2000,"price":10.82,"category":"rbear"},{"type":"B","date":"2018-03-14T03:56:17.000Z","volume":2000,"price":10.8,"category":"rbear"},{"type":"B","date":"2018-03-14T03:55:27.000Z","volume":2000,"price":10.8,"category":"rbear"},{"type":"B","date":"2018-03-14T03:54:47.000Z","volume":2000,"price":10.8,"category":"rbear"},{"type":"B","date":"2018-03-14T03:53:57.000Z","volume":2000,"price":10.8,"category":"rbear"},{"type":"B","date":"2018-03-14T03:53:21.000Z","volume":2000,"price":10.82,"category":"rbear"},{"type":"B","date":"2018-03-14T03:53:17.000Z","volume":2000,"price":10.82,"category":"rbear"},{"type":"B","date":"2018-03-14T03:52:27.000Z","volume":2000,"price":10.82,"category":"rbear"},{"type":"B","date":"2018-03-14T03:51:51.000Z","volume":2000,"price":10.82,"category":"rbear"},{"type":"B","date":"2018-03-14T03:51:46.000Z","volume":2000,"price":10.82,"category":"rbear"},{"type":"B","date":"2018-03-14T03:51:30.000Z","volume":2000,"price":10.82,"category":"rbear"},{"type":"B","date":"2018-03-14T03:51:06.000Z","volume":2000,"price":10.82,"category":"rbear"},{"type":"B","date":"2018-03-14T03:50:25.000Z","volume":2000,"price":10.82,"category":"rbear"},{"type":"B","date":"2018-03-14T03:49:45.000Z","volume":2000,"price":10.82,"category":"rbear"},{"type":"B","date":"2018-03-14T03:49:11.000Z","volume":2000,"price":10.82,"category":"rbear"},{"type":"B","date":"2018-03-14T03:49:03.000Z","volume":2000,"price":10.82,"category":"rbear"},{"type":"B","date":"2018-03-14T03:48:24.000Z","volume":2000,"price":10.8,"category":"rbear"},{"type":"B","date":"2018-03-14T03:47:44.000Z","volume":2000,"price":10.8,"category":"rbear"},{"type":"B","date":"2018-03-14T03:47:04.000Z","volume":2000,"price":10.8,"category":"rbear"},{"type":"B","date":"2018-03-14T03:46:34.000Z","volume":2000,"price":10.8,"category":"rbear"},{"type":"B","date":"2018-03-14T03:45:54.000Z","volume":2000,"price":10.8,"category":"rbear"},{"type":"B","date":"2018-03-14T03:45:36.000Z","volume":2000,"price":10.8,"category":"rbear"},{"type":"B","date":"2018-03-14T03:45:14.000Z","volume":2000,"price":10.8,"category":"rbear"},{"type":"B","date":"2018-03-14T03:44:44.000Z","volume":2000,"price":10.8,"category":"rbear"},{"type":"B","date":"2018-03-14T03:44:14.000Z","volume":2000,"price":10.82,"category":"rbear"},{"type":"B","date":"2018-03-14T03:43:33.000Z","volume":2000,"price":10.82,"category":"rbear"},{"type":"B","date":"2018-03-14T03:43:03.000Z","volume":2000,"price":10.82,"category":"rbear"},{"type":"B","date":"2018-03-14T03:42:33.000Z","volume":2000,"price":10.82,"category":"rbear"},{"type":"B","date":"2018-03-14T03:42:03.000Z","volume":2000,"price":10.82,"category":"rbear"},{"type":"B","date":"2018-03-14T03:41:22.000Z","volume":2000,"price":10.8,"category":"rbear"},{"type":"B","date":"2018-03-14T03:40:52.000Z","volume":2000,"price":10.8,"category":"rbear"},{"type":"B","date":"2018-03-14T03:40:22.000Z","volume":2000,"price":10.8,"category":"rbear"},{"type":"B","date":"2018-03-14T03:39:52.000Z","volume":2000,"price":10.8,"category":"rbear"},{"type":"B","date":"2018-03-14T03:39:22.000Z","volume":2000,"price":10.8,"category":"rbear"},{"type":"B","date":"2018-03-14T03:38:51.000Z","volume":2000,"price":10.82,"category":"rbear"},{"type":"B","date":"2018-03-14T03:38:21.000Z","volume":2000,"price":10.82,"category":"rbear"},{"type":"B","date":"2018-03-14T03:37:51.000Z","volume":2000,"price":10.82,"category":"rbear"},{"type":"B","date":"2018-03-14T03:37:21.000Z","volume":2000,"price":10.84,"category":"rbear"},{"type":"B","date":"2018-03-14T03:37:21.000Z","volume":2000,"price":10.84,"category":"rbear"},{"type":"B","date":"2018-03-14T03:36:25.000Z","volume":2000,"price":10.84,"category":"rbear"},{"type":"B","date":"2018-03-14T03:24:01.000Z","volume":2000,"price":10.78,"category":"rbear"},{"type":"B","date":"2018-03-14T03:19:50.000Z","volume":2000,"price":10.82,"category":"rbear"},{"type":"B","date":"2018-03-14T03:18:42.000Z","volume":2000,"price":10.8,"category":"rbear"},{"type":"B","date":"2018-03-14T03:18:00.000Z","volume":2000,"price":10.8,"category":"rbear"},{"type":"B","date":"2018-03-14T03:08:53.000Z","volume":2000,"price":10.78,"category":"rbear"},{"type":"B","date":"2018-03-14T03:08:29.000Z","volume":2000,"price":10.78,"category":"rbear"},{"type":"B","date":"2018-03-14T03:06:25.000Z","volume":2000,"price":10.78,"category":"rbear"},{"type":"B","date":"2018-03-14T03:00:42.000Z","volume":2000,"price":10.82,"category":"rbear"},{"type":"B","date":"2018-03-14T02:58:51.000Z","volume":2000,"price":10.82,"category":"rbear"},{"type":"B","date":"2018-03-14T02:58:51.000Z","volume":2000,"price":10.82,"category":"rbear"},{"type":"B","date":"2018-03-14T02:56:39.000Z","volume":2000,"price":10.84,"category":"rbear"},{"type":"B","date":"2018-03-14T02:54:40.000Z","volume":2000,"price":10.84,"category":"rbear"},{"type":"B","date":"2018-03-14T02:51:53.000Z","volume":2000,"price":10.84,"category":"rbear"},{"type":"B","date":"2018-03-14T02:48:04.000Z","volume":2000,"price":10.86,"category":"rbear"},{"type":"B","date":"2018-03-14T02:45:35.000Z","volume":2000,"price":10.82,"category":"rbear"},{"type":"B","date":"2018-03-14T02:40:16.000Z","volume":2000,"price":10.8,"category":"rbear"},{"type":"B","date":"2018-03-14T02:37:45.000Z","volume":2000,"price":10.8,"category":"rbear"},{"type":"B","date":"2018-03-14T02:34:35.000Z","volume":2000,"price":10.76,"category":"rbear"},{"type":"B","date":"2018-03-14T02:25:19.000Z","volume":2000,"price":10.72,"category":"rbear"},{"type":"B","date":"2018-03-14T02:25:19.000Z","volume":2000,"price":10.72,"category":"rbear"},{"type":"B","date":"2018-03-14T02:23:31.000Z","volume":2000,"price":10.72,"category":"rbear"},{"type":"B","date":"2018-03-14T02:20:18.000Z","volume":2000,"price":10.72,"category":"rbear"},{"type":"B","date":"2018-03-14T02:19:41.000Z","volume":2000,"price":10.72,"category":"rbear"},{"type":"B","date":"2018-03-14T02:18:40.000Z","volume":2000,"price":10.74,"category":"rbear"},{"type":"B","date":"2018-03-14T02:16:07.000Z","volume":2000,"price":10.72,"category":"rbear"},{"type":"B","date":"2018-03-14T02:14:57.000Z","volume":2000,"price":10.74,"category":"rbear"},{"type":"B","date":"2018-03-14T02:13:38.000Z","volume":2000,"price":10.74,"category":"rbear"},{"type":"B","date":"2018-03-14T02:13:35.000Z","volume":2000,"price":10.74,"category":"rbear"},{"type":"B","date":"2018-03-14T02:09:20.000Z","volume":2000,"price":10.76,"category":"rbear"},{"type":"B","date":"2018-03-14T02:07:44.000Z","volume":2000,"price":10.74,"category":"rbear"},{"type":"B","date":"2018-03-14T02:07:29.000Z","volume":2000,"price":10.74,"category":"rbear"},{"type":"B","date":"2018-03-14T02:06:57.000Z","volume":2000,"price":10.74,"category":"rbear"},{"type":"B","date":"2018-03-14T02:04:55.000Z","volume":2000,"price":10.76,"category":"rbear"},{"type":"B","date":"2018-03-14T01:59:29.000Z","volume":2000,"price":10.68,"category":"rbear"},{"type":"B","date":"2018-03-14T01:59:23.000Z","volume":2000,"price":10.68,"category":"rbear"},{"type":"B","date":"2018-03-14T01:56:34.000Z","volume":2000,"price":10.68,"category":"rbear"},{"type":"B","date":"2018-03-14T01:56:04.000Z","volume":2000,"price":10.7,"category":"rbear"},{"type":"B","date":"2018-03-14T01:55:22.000Z","volume":2000,"price":10.72,"category":"rbear"},{"type":"B","date":"2018-03-14T01:54:24.000Z","volume":2000,"price":10.72,"category":"rbear"},{"type":"B","date":"2018-03-14T01:53:56.000Z","volume":2000,"price":10.72,"category":"rbear"},{"type":"B","date":"2018-03-14T01:53:56.000Z","volume":2000,"price":10.72,"category":"rbear"},{"type":"B","date":"2018-03-14T01:52:27.000Z","volume":2000,"price":10.68,"category":"rbear"},{"type":"B","date":"2018-03-14T01:50:09.000Z","volume":2000,"price":10.66,"category":"rbear"},{"type":"B","date":"2018-03-14T01:50:05.000Z","volume":2000,"price":10.66,"category":"rbear"},{"type":"B","date":"2018-03-14T01:49:40.000Z","volume":2000,"price":10.68,"category":"rbear"},{"type":"B","date":"2018-03-14T01:45:05.000Z","volume":2000,"price":10.7,"category":"rbear"},{"type":"B","date":"2018-03-14T01:42:15.000Z","volume":2000,"price":10.72,"category":"rbear"},{"type":"B","date":"2018-03-14T01:41:42.000Z","volume":2000,"price":10.72,"category":"rbear"},{"type":"B","date":"2018-03-14T01:41:38.000Z","volume":2000,"price":10.72,"category":"rbear"},{"type":"B","date":"2018-03-14T01:39:45.000Z","volume":2000,"price":10.7,"category":"rbear"},{"type":"B","date":"2018-03-14T01:37:08.000Z","volume":2000,"price":10.68,"category":"rbear"},{"type":"B","date":"2018-03-14T01:37:01.000Z","volume":2000,"price":10.64,"category":"rbear"},{"type":"B","date":"2018-03-14T01:36:13.000Z","volume":2000,"price":10.62,"category":"rbear"},{"type":"B","date":"2018-03-14T01:36:13.000Z","volume":2000,"price":10.62,"category":"rbear"},{"type":"B","date":"2018-03-14T01:35:50.000Z","volume":2000,"price":10.6,"category":"rbear"},{"type":"B","date":"2018-03-14T01:35:39.000Z","volume":2000,"price":10.6,"category":"rbear"},{"type":"B","date":"2018-03-14T01:35:39.000Z","volume":2000,"price":10.62,"category":"rbear"},{"type":"B","date":"2018-03-14T01:35:10.000Z","volume":2000,"price":10.6,"category":"rbear"},{"type":"B","date":"2018-03-14T01:33:05.000Z","volume":2000,"price":10.72,"category":"rbear"},{"type":"B","date":"2018-03-14T01:32:21.000Z","volume":2000,"price":10.76,"category":"rbear"},{"type":"B","date":"2018-03-14T01:31:17.000Z","volume":2000,"price":10.72,"category":"rbear"},{"type":"B","date":"2018-03-14T01:30:09.000Z","volume":2000,"price":10.84,"category":"rbear"},{"type":"B","date":"2018-03-14T07:54:34.000Z","volume":20000,"price":11.06,"category":"bbear"},{"type":"B","date":"2018-03-14T07:50:16.000Z","volume":20000,"price":11.08,"category":"bbear"},{"type":"B","date":"2018-03-14T07:44:40.000Z","volume":16000,"price":11.04,"category":"bbear"},{"type":"B","date":"2018-03-14T07:41:40.000Z","volume":16000,"price":11.02,"category":"bbear"},{"type":"B","date":"2018-03-14T07:38:38.000Z","volume":16000,"price":11.02,"category":"bbear"},{"type":"B","date":"2018-03-14T07:35:38.000Z","volume":16000,"price":11,"category":"bbear"},{"type":"B","date":"2018-03-14T07:34:44.000Z","volume":16000,"price":11.02,"category":"bbear"},{"type":"B","date":"2018-03-14T07:34:26.000Z","volume":12000,"price":11.02,"category":"bbear"},{"type":"B","date":"2018-03-14T07:32:36.000Z","volume":16000,"price":11.06,"category":"bbear"},{"type":"B","date":"2018-03-14T07:29:35.000Z","volume":16000,"price":11.04,"category":"bbear"},{"type":"B","date":"2018-03-14T07:26:33.000Z","volume":16000,"price":11.04,"category":"bbear"},{"type":"B","date":"2018-03-14T07:23:33.000Z","volume":16000,"price":11.02,"category":"bbear"},{"type":"B","date":"2018-03-14T07:20:31.000Z","volume":16000,"price":11,"category":"bbear"},{"type":"B","date":"2018-03-14T07:17:31.000Z","volume":16000,"price":11,"category":"bbear"},{"type":"B","date":"2018-03-14T07:14:29.000Z","volume":16000,"price":11.02,"category":"bbear"},{"type":"B","date":"2018-03-14T07:11:28.000Z","volume":16000,"price":11,"category":"bbear"},{"type":"B","date":"2018-03-14T07:10:26.000Z","volume":20000,"price":11,"category":"bbear"},{"type":"B","date":"2018-03-14T07:08:27.000Z","volume":16000,"price":10.98,"category":"bbear"},{"type":"B","date":"2018-03-14T07:07:03.000Z","volume":20000,"price":10.98,"category":"bbear"},{"type":"B","date":"2018-03-14T07:05:26.000Z","volume":16000,"price":10.98,"category":"bbear"},{"type":"B","date":"2018-03-14T07:02:30.000Z","volume":20000,"price":10.98,"category":"bbear"},{"type":"B","date":"2018-03-14T07:02:25.000Z","volume":16000,"price":10.98,"category":"bbear"},{"type":"B","date":"2018-03-14T06:59:24.000Z","volume":16000,"price":10.98,"category":"bbear"},{"type":"B","date":"2018-03-14T06:56:23.000Z","volume":16000,"price":10.98,"category":"bbear"},{"type":"B","date":"2018-03-14T06:53:22.000Z","volume":16000,"price":10.98,"category":"bbear"},{"type":"B","date":"2018-03-14T06:50:21.000Z","volume":16000,"price":10.98,"category":"bbear"},{"type":"B","date":"2018-03-14T06:47:19.000Z","volume":16000,"price":10.98,"category":"bbear"},{"type":"B","date":"2018-03-14T06:44:18.000Z","volume":16000,"price":10.98,"category":"bbear"},{"type":"B","date":"2018-03-14T06:42:11.000Z","volume":28000,"price":10.96,"category":"bbear"},{"type":"B","date":"2018-03-14T06:41:16.000Z","volume":16000,"price":10.96,"category":"bbear"},{"type":"B","date":"2018-03-14T06:41:10.000Z","volume":14000,"price":10.96,"category":"bbear"},{"type":"B","date":"2018-03-14T06:40:41.000Z","volume":18000,"price":10.98,"category":"bbear"},{"type":"B","date":"2018-03-14T06:40:39.000Z","volume":22000,"price":10.98,"category":"bbear"},{"type":"B","date":"2018-03-14T06:39:29.000Z","volume":14000,"price":11,"category":"bbear"},{"type":"B","date":"2018-03-14T06:39:29.000Z","volume":16000,"price":11,"category":"bbear"},{"type":"B","date":"2018-03-14T06:38:31.000Z","volume":14000,"price":11.02,"category":"bbear"},{"type":"B","date":"2018-03-14T06:38:19.000Z","volume":20000,"price":11.02,"category":"bbear"},{"type":"B","date":"2018-03-14T06:38:15.000Z","volume":16000,"price":11.02,"category":"bbear"},{"type":"B","date":"2018-03-14T06:35:16.000Z","volume":16000,"price":11.04,"category":"bbear"},{"type":"B","date":"2018-03-14T06:32:14.000Z","volume":14000,"price":11.04,"category":"bbear"},{"type":"B","date":"2018-03-14T06:29:14.000Z","volume":16000,"price":11.02,"category":"bbear"},{"type":"B","date":"2018-03-14T06:26:27.000Z","volume":16000,"price":11.04,"category":"bbear"},{"type":"B","date":"2018-03-14T06:26:17.000Z","volume":16000,"price":11.04,"category":"bbear"},{"type":"B","date":"2018-03-14T06:23:09.000Z","volume":16000,"price":11.04,"category":"bbear"},{"type":"B","date":"2018-03-14T06:17:07.000Z","volume":16000,"price":11.04,"category":"bbear"},{"type":"B","date":"2018-03-14T06:16:15.000Z","volume":12000,"price":11.04,"category":"bbear"},{"type":"B","date":"2018-03-14T06:14:34.000Z","volume":18000,"price":11.02,"category":"bbear"},{"type":"B","date":"2018-03-14T06:14:28.000Z","volume":20000,"price":11.02,"category":"bbear"},{"type":"B","date":"2018-03-14T06:14:10.000Z","volume":16000,"price":11.04,"category":"bbear"},{"type":"B","date":"2018-03-14T06:11:04.000Z","volume":16000,"price":11.04,"category":"bbear"},{"type":"B","date":"2018-03-14T06:08:19.000Z","volume":16000,"price":11.04,"category":"bbear"},{"type":"B","date":"2018-03-14T06:06:26.000Z","volume":20000,"price":11.06,"category":"bbear"},{"type":"B","date":"2018-03-14T06:06:24.000Z","volume":12000,"price":11.06,"category":"bbear"},{"type":"B","date":"2018-03-14T06:05:29.000Z","volume":20000,"price":11.06,"category":"bbear"},{"type":"B","date":"2018-03-14T06:05:17.000Z","volume":16000,"price":11.06,"category":"bbear"},{"type":"B","date":"2018-03-14T06:02:10.000Z","volume":16000,"price":11.06,"category":"bbear"},{"type":"B","date":"2018-03-14T06:00:00.000Z","volume":26000,"price":11.06,"category":"bbear"},{"type":"B","date":"2018-03-14T05:59:22.000Z","volume":14000,"price":11.06,"category":"bbear"},{"type":"B","date":"2018-03-14T05:58:58.000Z","volume":16000,"price":11.06,"category":"bbear"},{"type":"B","date":"2018-03-14T05:58:55.000Z","volume":26000,"price":11.06,"category":"bbear"},{"type":"B","date":"2018-03-14T05:56:30.000Z","volume":12000,"price":11.04,"category":"bbear"},{"type":"B","date":"2018-03-14T05:55:54.000Z","volume":16000,"price":10.98,"category":"bbear"},{"type":"B","date":"2018-03-14T05:52:54.000Z","volume":14000,"price":10.98,"category":"bbear"},{"type":"B","date":"2018-03-14T05:50:03.000Z","volume":16000,"price":10.96,"category":"bbear"},{"type":"B","date":"2018-03-14T05:46:52.000Z","volume":16000,"price":10.96,"category":"bbear"},{"type":"B","date":"2018-03-14T05:46:11.000Z","volume":12000,"price":10.96,"category":"bbear"},{"type":"B","date":"2018-03-14T05:44:04.000Z","volume":12000,"price":10.96,"category":"bbear"},{"type":"B","date":"2018-03-14T05:43:51.000Z","volume":16000,"price":10.96,"category":"bbear"},{"type":"B","date":"2018-03-14T05:43:21.000Z","volume":20000,"price":10.96,"category":"bbear"},{"type":"B","date":"2018-03-14T05:43:09.000Z","volume":12000,"price":10.96,"category":"bbear"},{"type":"B","date":"2018-03-14T05:42:41.000Z","volume":24000,"price":10.96,"category":"bbear"},{"type":"B","date":"2018-03-14T05:40:46.000Z","volume":16000,"price":10.94,"category":"bbear"},{"type":"B","date":"2018-03-14T05:37:45.000Z","volume":16000,"price":10.9,"category":"bbear"},{"type":"B","date":"2018-03-14T05:34:44.000Z","volume":16000,"price":10.88,"category":"bbear"},{"type":"B","date":"2018-03-14T05:32:28.000Z","volume":12000,"price":10.9,"category":"bbear"},{"type":"B","date":"2018-03-14T05:31:42.000Z","volume":16000,"price":10.88,"category":"bbear"},{"type":"B","date":"2018-03-14T05:28:42.000Z","volume":16000,"price":10.88,"category":"bbear"},{"type":"B","date":"2018-03-14T05:25:40.000Z","volume":16000,"price":10.86,"category":"bbear"},{"type":"B","date":"2018-03-14T05:22:33.000Z","volume":20000,"price":10.86,"category":"bbear"},{"type":"B","date":"2018-03-14T05:21:40.000Z","volume":12000,"price":10.88,"category":"bbear"},{"type":"B","date":"2018-03-14T05:19:37.000Z","volume":16000,"price":10.88,"category":"bbear"},{"type":"B","date":"2018-03-14T05:16:00.000Z","volume":28000,"price":10.88,"category":"bbear"},{"type":"B","date":"2018-03-14T05:15:21.000Z","volume":12000,"price":10.88,"category":"bbear"},{"type":"B","date":"2018-03-14T05:15:16.000Z","volume":28000,"price":10.9,"category":"bbear"},{"type":"B","date":"2018-03-14T05:13:08.000Z","volume":26000,"price":10.92,"category":"bbear"},{"type":"B","date":"2018-03-14T05:12:40.000Z","volume":20000,"price":10.86,"category":"bbear"},{"type":"B","date":"2018-03-14T05:10:34.000Z","volume":16000,"price":10.86,"category":"bbear"},{"type":"B","date":"2018-03-14T05:09:51.000Z","volume":16000,"price":10.86,"category":"bbear"},{"type":"B","date":"2018-03-14T05:07:33.000Z","volume":16000,"price":10.84,"category":"bbear"},{"type":"B","date":"2018-03-14T05:05:01.000Z","volume":26000,"price":10.86,"category":"bbear"},{"type":"B","date":"2018-03-14T05:04:31.000Z","volume":16000,"price":10.84,"category":"bbear"},{"type":"B","date":"2018-03-14T05:01:39.000Z","volume":24000,"price":10.82,"category":"bbear"},{"type":"B","date":"2018-03-14T05:01:29.000Z","volume":16000,"price":10.8,"category":"bbear"},{"type":"B","date":"2018-03-14T03:57:32.000Z","volume":16000,"price":10.82,"category":"bbear"},{"type":"B","date":"2018-03-14T03:54:38.000Z","volume":18000,"price":10.8,"category":"bbear"},{"type":"B","date":"2018-03-14T03:54:31.000Z","volume":16000,"price":10.8,"category":"bbear"},{"type":"B","date":"2018-03-14T03:53:46.000Z","volume":24000,"price":10.82,"category":"bbear"},{"type":"B","date":"2018-03-14T03:51:30.000Z","volume":14000,"price":10.82,"category":"bbear"},{"type":"B","date":"2018-03-14T03:50:25.000Z","volume":12000,"price":10.82,"category":"bbear"},{"type":"B","date":"2018-03-14T03:49:40.000Z","volume":12000,"price":10.82,"category":"bbear"},{"type":"B","date":"2018-03-14T03:48:29.000Z","volume":16000,"price":10.8,"category":"bbear"},{"type":"B","date":"2018-03-14T03:45:28.000Z","volume":16000,"price":10.8,"category":"bbear"},{"type":"B","date":"2018-03-14T03:42:27.000Z","volume":16000,"price":10.82,"category":"bbear"},{"type":"B","date":"2018-03-14T03:39:01.000Z","volume":20000,"price":10.82,"category":"bbear"},{"type":"B","date":"2018-03-14T03:38:47.000Z","volume":20000,"price":10.82,"category":"bbear"},{"type":"B","date":"2018-03-14T03:37:21.000Z","volume":16000,"price":10.84,"category":"bbear"},{"type":"B","date":"2018-03-14T03:36:25.000Z","volume":14000,"price":10.84,"category":"bbear"},{"type":"B","date":"2018-03-14T03:34:28.000Z","volume":14000,"price":10.84,"category":"bbear"},{"type":"B","date":"2018-03-14T03:33:23.000Z","volume":16000,"price":10.84,"category":"bbear"},{"type":"B","date":"2018-03-14T03:33:14.000Z","volume":12000,"price":10.84,"category":"bbear"},{"type":"B","date":"2018-03-14T03:30:23.000Z","volume":16000,"price":10.82,"category":"bbear"},{"type":"B","date":"2018-03-14T03:28:44.000Z","volume":14000,"price":10.78,"category":"bbear"},{"type":"B","date":"2018-03-14T03:27:22.000Z","volume":16000,"price":10.78,"category":"bbear"},{"type":"B","date":"2018-03-14T03:24:52.000Z","volume":14000,"price":10.78,"category":"bbear"},{"type":"B","date":"2018-03-14T03:24:20.000Z","volume":16000,"price":10.78,"category":"bbear"},{"type":"B","date":"2018-03-14T03:22:38.000Z","volume":14000,"price":10.8,"category":"bbear"},{"type":"B","date":"2018-03-14T03:22:08.000Z","volume":18000,"price":10.8,"category":"bbear"},{"type":"B","date":"2018-03-14T03:21:55.000Z","volume":22000,"price":10.8,"category":"bbear"},{"type":"B","date":"2018-03-14T03:21:19.000Z","volume":16000,"price":10.8,"category":"bbear"},{"type":"B","date":"2018-03-14T03:21:12.000Z","volume":14000,"price":10.8,"category":"bbear"},{"type":"B","date":"2018-03-14T03:20:17.000Z","volume":14000,"price":10.82,"category":"bbear"},{"type":"B","date":"2018-03-14T03:19:19.000Z","volume":12000,"price":10.82,"category":"bbear"},{"type":"B","date":"2018-03-14T03:18:18.000Z","volume":16000,"price":10.8,"category":"bbear"},{"type":"B","date":"2018-03-14T03:18:00.000Z","volume":12000,"price":10.82,"category":"bbear"},{"type":"B","date":"2018-03-14T03:16:39.000Z","volume":22000,"price":10.82,"category":"bbear"},{"type":"B","date":"2018-03-14T03:15:17.000Z","volume":16000,"price":10.8,"category":"bbear"},{"type":"B","date":"2018-03-14T03:14:57.000Z","volume":14000,"price":10.8,"category":"bbear"},{"type":"B","date":"2018-03-14T03:12:17.000Z","volume":16000,"price":10.78,"category":"bbear"},{"type":"B","date":"2018-03-14T03:11:16.000Z","volume":14000,"price":10.78,"category":"bbear"},{"type":"B","date":"2018-03-14T03:09:14.000Z","volume":16000,"price":10.78,"category":"bbear"},{"type":"B","date":"2018-03-14T03:08:53.000Z","volume":18000,"price":10.78,"category":"bbear"},{"type":"B","date":"2018-03-14T03:08:27.000Z","volume":20000,"price":10.78,"category":"bbear"},{"type":"B","date":"2018-03-14T03:08:19.000Z","volume":20000,"price":10.78,"category":"bbear"},{"type":"B","date":"2018-03-14T03:08:15.000Z","volume":14000,"price":10.78,"category":"bbear"},{"type":"B","date":"2018-03-14T03:06:13.000Z","volume":16000,"price":10.78,"category":"bbear"},{"type":"B","date":"2018-03-14T03:05:35.000Z","volume":14000,"price":10.78,"category":"bbear"},{"type":"B","date":"2018-03-14T03:04:10.000Z","volume":12000,"price":10.8,"category":"bbear"},{"type":"B","date":"2018-03-14T03:03:10.000Z","volume":16000,"price":10.8,"category":"bbear"},{"type":"B","date":"2018-03-14T03:02:24.000Z","volume":14000,"price":10.8,"category":"bbear"},{"type":"B","date":"2018-03-14T03:00:52.000Z","volume":28000,"price":10.82,"category":"bbear"},{"type":"B","date":"2018-03-14T03:00:12.000Z","volume":14000,"price":10.8,"category":"bbear"},{"type":"B","date":"2018-03-14T03:00:09.000Z","volume":16000,"price":10.82,"category":"bbear"},{"type":"B","date":"2018-03-14T02:58:39.000Z","volume":16000,"price":10.84,"category":"bbear"},{"type":"B","date":"2018-03-14T02:58:39.000Z","volume":20000,"price":10.84,"category":"bbear"},{"type":"B","date":"2018-03-14T02:57:52.000Z","volume":14000,"price":10.84,"category":"bbear"},{"type":"B","date":"2018-03-14T02:57:08.000Z","volume":16000,"price":10.84,"category":"bbear"},{"type":"B","date":"2018-03-14T02:55:40.000Z","volume":14000,"price":10.84,"category":"bbear"},{"type":"B","date":"2018-03-14T02:54:06.000Z","volume":16000,"price":10.84,"category":"bbear"},{"type":"B","date":"2018-03-14T02:53:20.000Z","volume":14000,"price":10.84,"category":"bbear"},{"type":"B","date":"2018-03-14T02:51:09.000Z","volume":14000,"price":10.84,"category":"bbear"},{"type":"B","date":"2018-03-14T02:51:09.000Z","volume":14000,"price":10.84,"category":"bbear"},{"type":"B","date":"2018-03-14T02:51:05.000Z","volume":16000,"price":10.84,"category":"bbear"},{"type":"B","date":"2018-03-14T02:49:09.000Z","volume":14000,"price":10.84,"category":"bbear"},{"type":"B","date":"2018-03-14T02:48:04.000Z","volume":16000,"price":10.86,"category":"bbear"},{"type":"B","date":"2018-03-14T02:46:18.000Z","volume":14000,"price":10.82,"category":"bbear"},{"type":"B","date":"2018-03-14T02:45:03.000Z","volume":16000,"price":10.82,"category":"bbear"},{"type":"B","date":"2018-03-14T02:43:20.000Z","volume":12000,"price":10.82,"category":"bbear"},{"type":"B","date":"2018-03-14T02:42:01.000Z","volume":16000,"price":10.8,"category":"bbear"},{"type":"B","date":"2018-03-14T02:41:37.000Z","volume":14000,"price":10.8,"category":"bbear"},{"type":"B","date":"2018-03-14T02:40:46.000Z","volume":20000,"price":10.8,"category":"bbear"},{"type":"B","date":"2018-03-14T02:39:26.000Z","volume":16000,"price":10.8,"category":"bbear"},{"type":"B","date":"2018-03-14T02:39:01.000Z","volume":16000,"price":10.8,"category":"bbear"},{"type":"B","date":"2018-03-14T02:37:16.000Z","volume":14000,"price":10.8,"category":"bbear"},{"type":"B","date":"2018-03-14T02:35:59.000Z","volume":16000,"price":10.78,"category":"bbear"},{"type":"B","date":"2018-03-14T02:34:35.000Z","volume":12000,"price":10.76,"category":"bbear"},{"type":"B","date":"2018-03-14T02:32:59.000Z","volume":16000,"price":10.76,"category":"bbear"},{"type":"B","date":"2018-03-14T02:32:00.000Z","volume":12000,"price":10.78,"category":"bbear"},{"type":"B","date":"2018-03-14T02:31:54.000Z","volume":14000,"price":10.78,"category":"bbear"},{"type":"B","date":"2018-03-14T02:29:57.000Z","volume":16000,"price":10.76,"category":"bbear"},{"type":"B","date":"2018-03-14T02:27:53.000Z","volume":14000,"price":10.72,"category":"bbear"},{"type":"B","date":"2018-03-14T02:26:57.000Z","volume":16000,"price":10.72,"category":"bbear"},{"type":"B","date":"2018-03-14T02:25:11.000Z","volume":12000,"price":10.72,"category":"bbear"},{"type":"B","date":"2018-03-14T02:25:03.000Z","volume":14000,"price":10.72,"category":"bbear"},{"type":"B","date":"2018-03-14T02:23:55.000Z","volume":16000,"price":10.7,"category":"bbear"},{"type":"B","date":"2018-03-14T02:23:17.000Z","volume":22000,"price":10.72,"category":"bbear"},{"type":"B","date":"2018-03-14T02:22:11.000Z","volume":14000,"price":10.72,"category":"bbear"},{"type":"B","date":"2018-03-14T02:19:41.000Z","volume":12000,"price":10.72,"category":"bbear"},{"type":"B","date":"2018-03-14T02:17:53.000Z","volume":16000,"price":10.72,"category":"bbear"},{"type":"B","date":"2018-03-14T02:17:10.000Z","volume":14000,"price":10.7,"category":"bbear"},{"type":"B","date":"2018-03-14T02:16:51.000Z","volume":20000,"price":10.72,"category":"bbear"},{"type":"B","date":"2018-03-14T02:15:33.000Z","volume":18000,"price":10.74,"category":"bbear"},{"type":"B","date":"2018-03-14T02:14:20.000Z","volume":16000,"price":10.74,"category":"bbear"},{"type":"B","date":"2018-03-14T02:06:15.000Z","volume":18000,"price":10.76,"category":"bbear"},{"type":"B","date":"2018-03-14T01:56:52.000Z","volume":12000,"price":10.7,"category":"bbear"},{"type":"B","date":"2018-03-14T01:56:34.000Z","volume":12000,"price":10.7,"category":"bbear"},{"type":"B","date":"2018-03-14T01:54:24.000Z","volume":16000,"price":10.72,"category":"bbear"},{"type":"B","date":"2018-03-14T01:50:19.000Z","volume":20000,"price":10.66,"category":"bbear"},{"type":"B","date":"2018-03-14T01:50:19.000Z","volume":14000,"price":10.66,"category":"bbear"},{"type":"B","date":"2018-03-14T01:49:42.000Z","volume":22000,"price":10.68,"category":"bbear"},{"type":"B","date":"2018-03-14T01:48:26.000Z","volume":20000,"price":10.68,"category":"bbear"},{"type":"B","date":"2018-03-14T01:48:09.000Z","volume":12000,"price":10.72,"category":"bbear"},{"type":"B","date":"2018-03-14T01:43:57.000Z","volume":22000,"price":10.74,"category":"bbear"},{"type":"B","date":"2018-03-14T01:41:53.000Z","volume":14000,"price":10.72,"category":"bbear"},{"type":"B","date":"2018-03-14T01:41:41.000Z","volume":12000,"price":10.7,"category":"bbear"},{"type":"B","date":"2018-03-14T01:41:41.000Z","volume":18000,"price":10.72,"category":"bbear"},{"type":"B","date":"2018-03-14T01:41:28.000Z","volume":14000,"price":10.72,"category":"bbear"},{"type":"B","date":"2018-03-14T01:40:12.000Z","volume":18000,"price":10.7,"category":"bbear"},{"type":"B","date":"2018-03-14T01:38:57.000Z","volume":22000,"price":10.7,"category":"bbear"},{"type":"B","date":"2018-03-14T01:37:08.000Z","volume":16000,"price":10.66,"category":"bbear"},{"type":"B","date":"2018-03-14T01:36:44.000Z","volume":14000,"price":10.64,"category":"bbear"},{"type":"B","date":"2018-03-14T01:34:55.000Z","volume":14000,"price":10.6,"category":"bbear"},{"type":"B","date":"2018-03-14T01:34:28.000Z","volume":12000,"price":10.64,"category":"bbear"},{"type":"B","date":"2018-03-14T01:33:44.000Z","volume":16000,"price":10.68,"category":"bbear"},{"type":"B","date":"2018-03-14T01:33:41.000Z","volume":18000,"price":10.72,"category":"bbear"},{"type":"B","date":"2018-03-14T01:32:42.000Z","volume":18000,"price":10.76,"category":"bbear"},{"type":"B","date":"2018-03-14T01:32:42.000Z","volume":12000,"price":10.78,"category":"bbear"},{"type":"B","date":"2018-03-14T01:32:21.000Z","volume":14000,"price":10.76,"category":"bbear"},{"type":"B","date":"2018-03-14T01:30:47.000Z","volume":24000,"price":10.8,"category":"bbear"},{"type":"B","date":"2018-03-14T07:58:30.000Z","volume":30000,"price":11.1,"category":"ubbear"},{"type":"B","date":"2018-03-14T07:56:02.000Z","volume":54000,"price":11.08,"category":"ubbear"},{"type":"B","date":"2018-03-14T07:56:00.000Z","volume":72000,"price":11.1,"category":"ubbear"},{"type":"B","date":"2018-03-14T07:54:18.000Z","volume":64000,"price":11.06,"category":"ubbear"},{"type":"B","date":"2018-03-14T07:54:16.000Z","volume":66000,"price":11.08,"category":"ubbear"},{"type":"B","date":"2018-03-14T07:54:14.000Z","volume":208000,"price":11.1,"category":"ubbear"},{"type":"B","date":"2018-03-14T07:34:05.000Z","volume":68000,"price":11.04,"category":"ubbear"},{"type":"B","date":"2018-03-14T07:34:00.000Z","volume":272000,"price":11.06,"category":"ubbear"},{"type":"B","date":"2018-03-14T07:34:00.000Z","volume":30000,"price":11.06,"category":"ubbear"},{"type":"B","date":"2018-03-14T07:31:06.000Z","volume":120000,"price":11.06,"category":"ubbear"},{"type":"B","date":"2018-03-14T07:25:18.000Z","volume":58000,"price":11.04,"category":"ubbear"},{"type":"B","date":"2018-03-14T07:15:17.000Z","volume":206000,"price":11.02,"category":"ubbear"},{"type":"B","date":"2018-03-14T07:09:08.000Z","volume":48000,"price":10.98,"category":"ubbear"},{"type":"B","date":"2018-03-14T07:02:15.000Z","volume":30000,"price":10.98,"category":"ubbear"},{"type":"B","date":"2018-03-14T06:57:12.000Z","volume":48000,"price":11,"category":"ubbear"},{"type":"B","date":"2018-03-14T06:50:21.000Z","volume":82000,"price":10.98,"category":"ubbear"},{"type":"B","date":"2018-03-14T06:40:41.000Z","volume":40000,"price":10.98,"category":"ubbear"},{"type":"B","date":"2018-03-14T06:39:22.000Z","volume":148000,"price":11,"category":"ubbear"},{"type":"B","date":"2018-03-14T06:38:31.000Z","volume":48000,"price":11.02,"category":"ubbear"},{"type":"B","date":"2018-03-14T06:35:32.000Z","volume":84000,"price":11.04,"category":"ubbear"},{"type":"B","date":"2018-03-14T06:26:27.000Z","volume":32000,"price":11.04,"category":"ubbear"},{"type":"B","date":"2018-03-14T06:26:20.000Z","volume":30000,"price":11.04,"category":"ubbear"},{"type":"B","date":"2018-03-14T06:22:22.000Z","volume":30000,"price":11.04,"category":"ubbear"},{"type":"B","date":"2018-03-14T06:20:05.000Z","volume":56000,"price":11.04,"category":"ubbear"},{"type":"B","date":"2018-03-14T06:20:05.000Z","volume":32000,"price":11.04,"category":"ubbear"},{"type":"B","date":"2018-03-14T06:14:41.000Z","volume":44000,"price":11.02,"category":"ubbear"},{"type":"B","date":"2018-03-14T06:14:14.000Z","volume":56000,"price":11.04,"category":"ubbear"},{"type":"B","date":"2018-03-14T06:11:14.000Z","volume":48000,"price":11.04,"category":"ubbear"},{"type":"B","date":"2018-03-14T06:04:20.000Z","volume":104000,"price":11.08,"category":"ubbear"},{"type":"B","date":"2018-03-14T05:58:55.000Z","volume":92000,"price":11.08,"category":"ubbear"},{"type":"B","date":"2018-03-14T05:57:46.000Z","volume":30000,"price":11.06,"category":"ubbear"},{"type":"B","date":"2018-03-14T05:57:39.000Z","volume":34000,"price":11.06,"category":"ubbear"},{"type":"B","date":"2018-03-14T05:57:19.000Z","volume":34000,"price":11.06,"category":"ubbear"},{"type":"B","date":"2018-03-14T05:47:31.000Z","volume":48000,"price":10.94,"category":"ubbear"},{"type":"B","date":"2018-03-14T05:46:00.000Z","volume":30000,"price":10.96,"category":"ubbear"},{"type":"B","date":"2018-03-14T05:21:40.000Z","volume":100000,"price":10.88,"category":"ubbear"},{"type":"B","date":"2018-03-14T05:15:16.000Z","volume":50000,"price":10.9,"category":"ubbear"},{"type":"B","date":"2018-03-14T03:53:46.000Z","volume":30000,"price":10.82,"category":"ubbear"},{"type":"B","date":"2018-03-14T03:21:55.000Z","volume":50000,"price":10.8,"category":"ubbear"},{"type":"B","date":"2018-03-14T03:20:58.000Z","volume":48000,"price":10.8,"category":"ubbear"},{"type":"B","date":"2018-03-14T03:03:12.000Z","volume":42000,"price":10.8,"category":"ubbear"},{"type":"B","date":"2018-03-14T02:58:51.000Z","volume":100000,"price":10.82,"category":"ubbear"},{"type":"B","date":"2018-03-14T02:23:01.000Z","volume":46000,"price":10.72,"category":"ubbear"},{"type":"B","date":"2018-03-14T02:16:14.000Z","volume":80000,"price":10.72,"category":"ubbear"},{"type":"B","date":"2018-03-14T02:15:12.000Z","volume":90000,"price":10.74,"category":"ubbear"},{"type":"B","date":"2018-03-14T01:53:56.000Z","volume":44000,"price":10.72,"category":"ubbear"},{"type":"B","date":"2018-03-14T01:50:02.000Z","volume":40000,"price":10.66,"category":"ubbear"},{"type":"B","date":"2018-03-14T01:48:26.000Z","volume":54000,"price":10.68,"category":"ubbear"},{"type":"B","date":"2018-03-14T01:48:09.000Z","volume":56000,"price":10.7,"category":"ubbear"},{"type":"B","date":"2018-03-14T01:48:09.000Z","volume":64000,"price":10.72,"category":"ubbear"},{"type":"B","date":"2018-03-14T01:44:56.000Z","volume":58000,"price":10.72,"category":"ubbear"},{"type":"B","date":"2018-03-14T01:37:01.000Z","volume":48000,"price":10.64,"category":"ubbear"}