[{"type":"U","date":"2018-04-10T01:02:06.000Z","volume":17000,"label":"P","price":8.36},{"type":"U","date":"2018-04-10T01:20:00.000Z","volume":19000,"label":"U","price":8.36},{"type":"A","date":"2018-04-10T01:30:13.000Z","volume":6000,"label":" ","price":8.36},{"type":"B","date":"2018-04-10T01:30:14.000Z","volume":500,"label":" ","price":8.34},{"type":"B","date":"2018-04-10T01:30:16.000Z","volume":1500,"label":" ","price":8.34},{"type":"B","date":"2018-04-10T01:30:16.000Z","volume":1000,"label":"Y","price":8.34},{"type":"B","date":"2018-04-10T01:30:16.000Z","volume":1000,"label":" ","price":8.34},{"type":"B","date":"2018-04-10T01:30:17.000Z","volume":500,"label":" ","price":8.34},{"type":"B","date":"2018-04-10T01:30:17.000Z","volume":500,"label":" ","price":8.34},{"type":"A","date":"2018-04-10T01:30:22.000Z","volume":18500,"label":" ","price":8.35},{"type":"A","date":"2018-04-10T01:30:22.000Z","volume":500,"label":" ","price":8.35},{"type":"A","date":"2018-04-10T01:30:22.000Z","volume":2000,"label":" ","price":8.35},{"type":"B","date":"2018-04-10T01:30:22.000Z","volume":2500,"label":" ","price":8.35},{"type":"B","date":"2018-04-10T01:30:22.000Z","volume":1500,"label":" ","price":8.35},{"type":"B","date":"2018-04-10T01:30:22.000Z","volume":2000,"label":" ","price":8.34},{"type":"B","date":"2018-04-10T01:30:23.000Z","volume":1500,"label":" ","price":8.34},{"type":"B","date":"2018-04-10T01:30:23.000Z","volume":4000,"label":" ","price":8.34},{"type":"B","date":"2018-04-10T01:30:23.000Z","volume":500,"label":" ","price":8.33},{"type":"B","date":"2018-04-10T01:30:23.000Z","volume":500,"label":" ","price":8.33},{"type":"B","date":"2018-04-10T01:30:27.000Z","volume":3000,"label":" ","price":8.33},{"type":"B","date":"2018-04-10T01:30:31.000Z","volume":2000,"label":" ","price":8.33},{"type":"B","date":"2018-04-10T01:30:31.000Z","volume":500,"label":" ","price":8.33},{"type":"A","date":"2018-04-10T01:30:59.000Z","volume":500,"label":" ","price":8.35},{"type":"A","date":"2018-04-10T01:31:01.000Z","volume":17000,"label":" ","price":8.35},{"type":"A","date":"2018-04-10T01:31:01.000Z","volume":2000,"label":" ","price":8.35},{"type":"A","date":"2018-04-10T01:31:20.000Z","volume":1000,"label":" ","price":8.35},{"type":"A","date":"2018-04-10T01:31:30.000Z","volume":2000,"label":" ","price":8.35},{"type":"A","date":"2018-04-10T01:31:30.000Z","volume":500,"label":" ","price":8.35},{"type":"A","date":"2018-04-10T01:31:37.000Z","volume":1000,"label":" ","price":8.35},{"type":"A","date":"2018-04-10T01:31:41.000Z","volume":500,"label":"Y","price":8.35},{"type":"A","date":"2018-04-10T01:31:41.000Z","volume":2500,"label":" ","price":8.35},{"type":"A","date":"2018-04-10T01:31:41.000Z","volume":500,"label":" ","price":8.35},{"type":"A","date":"2018-04-10T01:31:50.000Z","volume":500,"label":" ","price":8.35},{"type":"A","date":"2018-04-10T01:31:54.000Z","volume":1000,"label":" ","price":8.35},{"type":"A","date":"2018-04-10T01:32:03.000Z","volume":500,"label":" ","price":8.35},{"type":"A","date":"2018-04-10T01:32:25.000Z","volume":500,"label":" ","price":8.35},{"type":"A","date":"2018-04-10T01:32:26.000Z","volume":500,"label":" ","price":8.35},{"type":"B","date":"2018-04-10T01:32:26.000Z","volume":1000,"label":" ","price":8.34},{"type":"B","date":"2018-04-10T01:32:30.000Z","volume":500,"label":" ","price":8.34},{"type":"A","date":"2018-04-10T01:32:30.000Z","volume":4500,"label":" ","price":8.35},{"type":"U","date":"2018-04-10T01:32:36.000Z","volume":4500,"label":"X","price":8.35},{"type":"A","date":"2018-04-10T01:32:43.000Z","volume":16500,"label":" ","price":8.35},{"type":"A","date":"2018-04-10T01:32:43.000Z","volume":2000,"label":" ","price":8.35},{"type":"A","date":"2018-04-10T01:32:43.000Z","volume":20000,"label":" ","price":8.35},{"type":"A","date":"2018-04-10T01:32:43.000Z","volume":1500,"label":" ","price":8.35},{"type":"B","date":"2018-04-10T01:32:44.000Z","volume":7000,"label":" ","price":8.35},{"type":"B","date":"2018-04-10T01:32:44.000Z","volume":22000,"label":" ","price":8.35},{"type":"B","date":"2018-04-10T01:32:44.000Z","volume":34000,"label":" ","price":8.34},{"type":"B","date":"2018-04-10T01:32:45.000Z","volume":23000,"label":" ","price":8.33},{"type":"B","date":"2018-04-10T01:32:45.000Z","volume":9500,"label":" ","price":8.32},{"type":"B","date":"2018-04-10T01:32:45.000Z","volume":2000,"label":" ","price":8.33},{"type":"A","date":"2018-04-10T01:32:46.000Z","volume":2000,"label":" ","price":8.33},{"type":"B","date":"2018-04-10T01:32:46.000Z","volume":6500,"label":" ","price":8.3},{"type":"B","date":"2018-04-10T01:32:46.000Z","volume":2000,"label":" ","price":8.3},{"type":"B","date":"2018-04-10T01:32:46.000Z","volume":1000,"label":" ","price":8.3},{"type":"A","date":"2018-04-10T01:34:08.000Z","volume":500,"label":" ","price":8.33},{"type":"B","date":"2018-04-10T01:34:38.000Z","volume":2000,"label":" ","price":8.32},{"type":"B","date":"2018-04-10T01:34:38.000Z","volume":6000,"label":" ","price":8.32},{"type":"B","date":"2018-04-10T01:34:38.000Z","volume":12000,"label":" ","price":8.32},{"type":"B","date":"2018-04-10T01:34:38.000Z","volume":5500,"label":" ","price":8.32},{"type":"B","date":"2018-04-10T01:34:38.000Z","volume":4000,"label":" ","price":8.32},{"type":"B","date":"2018-04-10T01:34:38.000Z","volume":2000,"label":" ","price":8.31},{"type":"B","date":"2018-04-10T01:34:39.000Z","volume":2500,"label":" ","price":8.32},{"type":"B","date":"2018-04-10T01:34:39.000Z","volume":500,"label":" ","price":8.31},{"type":"B","date":"2018-04-10T01:34:39.000Z","volume":8000,"label":" ","price":8.31},{"type":"B","date":"2018-04-10T01:34:39.000Z","volume":500,"label":" ","price":8.31},{"type":"B","date":"2018-04-10T01:34:40.000Z","volume":15000,"label":" ","price":8.31},{"type":"B","date":"2018-04-10T01:34:40.000Z","volume":1000,"label":" ","price":8.3},{"type":"B","date":"2018-04-10T01:34:40.000Z","volume":2500,"label":" ","price":8.3},{"type":"B","date":"2018-04-10T01:34:54.000Z","volume":4500,"label":" ","price":8.29},{"type":"B","date":"2018-04-10T01:34:54.000Z","volume":1000,"label":" ","price":8.29},{"type":"B","date":"2018-04-10T01:34:54.000Z","volume":500,"label":" ","price":8.29},{"type":"B","date":"2018-04-10T01:35:09.000Z","volume":6000,"label":" ","price":8.28},{"type":"U","date":"2018-04-10T01:35:09.000Z","volume":500,"label":" ","price":8.29},{"type":"B","date":"2018-04-10T01:35:09.000Z","volume":1500,"label":" ","price":8.28},{"type":"B","date":"2018-04-10T01:35:09.000Z","volume":1500,"label":" ","price":8.28},{"type":"B","date":"2018-04-10T01:36:48.000Z","volume":8000,"label":" ","price":8.29},{"type":"A","date":"2018-04-10T01:36:50.000Z","volume":500,"label":" ","price":8.29},{"type":"B","date":"2018-04-10T01:37:16.000Z","volume":1500,"label":" ","price":8.28},{"type":"U","date":"2018-04-10T01:37:25.000Z","volume":1500,"label":"X","price":8.28},{"type":"A","date":"2018-04-10T01:37:30.000Z","volume":8000,"label":" ","price":8.29},{"type":"B","date":"2018-04-10T01:38:11.000Z","volume":1000,"label":" ","price":8.28},{"type":"B","date":"2018-04-10T01:38:11.000Z","volume":1000,"label":" ","price":8.28},{"type":"B","date":"2018-04-10T01:38:31.000Z","volume":500,"label":" ","price":8.28},{"type":"B","date":"2018-04-10T01:38:31.000Z","volume":1500,"label":" ","price":8.28},{"type":"B","date":"2018-04-10T01:38:47.000Z","volume":1500,"label":" ","price":8.28},{"type":"B","date":"2018-04-10T01:38:49.000Z","volume":3000,"label":" ","price":8.28},{"type":"B","date":"2018-04-10T01:39:02.000Z","volume":1000,"label":" ","price":8.28},{"type":"B","date":"2018-04-10T01:39:02.000Z","volume":1000,"label":" ","price":8.28},{"type":"B","date":"2018-04-10T01:39:02.000Z","volume":500,"label":" ","price":8.28},{"type":"B","date":"2018-04-10T01:39:21.000Z","volume":2000,"label":" ","price":8.28},{"type":"B","date":"2018-04-10T01:39:28.000Z","volume":5500,"label":" ","price":8.28},{"type":"B","date":"2018-04-10T01:39:34.000Z","volume":23500,"label":" ","price":8.28},{"type":"B","date":"2018-04-10T01:39:34.000Z","volume":12000,"label":" ","price":8.28},{"type":"B","date":"2018-04-10T01:39:34.000Z","volume":49500,"label":" ","price":8.27},{"type":"B","date":"2018-04-10T01:39:34.000Z","volume":3500,"label":" ","price":8.26},{"type":"B","date":"2018-04-10T01:39:35.000Z","volume":13500,"label":" ","price":8.25},{"type":"B","date":"2018-04-10T01:39:35.000Z","volume":11000,"label":" ","price":8.25},{"type":"U","date":"2018-04-10T01:39:38.000Z","volume":500,"label":" ","price":8.25},{"type":"U","date":"2018-04-10T01:39:38.000Z","volume":500,"label":" ","price":8.25},{"type":"U","date":"2018-04-10T01:39:38.000Z","volume":3500,"label":" ","price":8.25},{"type":"U","date":"2018-04-10T01:39:38.000Z","volume":1500,"label":" ","price":8.25},{"type":"U","date":"2018-04-10T01:40:14.000Z","volume":500,"label":" ","price":8.25},{"type":"B","date":"2018-04-10T01:40:17.000Z","volume":1500,"label":" ","price":8.25},{"type":"A","date":"2018-04-10T01:40:20.000Z","volume":14000,"label":" ","price":8.27},{"type":"B","date":"2018-04-10T01:40:20.000Z","volume":1500,"label":" ","price":8.25},{"type":"B","date":"2018-04-10T01:40:55.000Z","volume":1500,"label":" ","price":8.25},{"type":"B","date":"2018-04-10T01:41:47.000Z","volume":1500,"label":" ","price":8.26},{"type":"B","date":"2018-04-10T01:41:47.000Z","volume":500,"label":" ","price":8.26},{"type":"B","date":"2018-04-10T01:41:47.000Z","volume":500,"label":" ","price":8.26},{"type":"B","date":"2018-04-10T01:41:47.000Z","volume":500,"label":" ","price":8.26},{"type":"U","date":"2018-04-10T01:41:48.000Z","volume":2000,"label":"X","price":8.26},{"type":"A","date":"2018-04-10T01:42:29.000Z","volume":500,"label":" ","price":8.27},{"type":"U","date":"2018-04-10T01:42:34.000Z","volume":2000,"label":"X","price":8.26},{"type":"B","date":"2018-04-10T01:43:17.000Z","volume":1500,"label":" ","price":8.26},{"type":"A","date":"2018-04-10T01:43:17.000Z","volume":4000,"label":" ","price":8.27},{"type":"B","date":"2018-04-10T01:43:55.000Z","volume":500,"label":" ","price":8.26},{"type":"A","date":"2018-04-10T01:44:25.000Z","volume":5000,"label":" ","price":8.27},{"type":"U","date":"2018-04-10T01:44:26.000Z","volume":1500,"label":"X","price":8.268},{"type":"U","date":"2018-04-10T01:44:27.000Z","volume":500,"label":"X","price":8.265},{"type":"B","date":"2018-04-10T01:44:42.000Z","volume":2500,"label":" ","price":8.26},{"type":"B","date":"2018-04-10T01:45:12.000Z","volume":3000,"label":" ","price":8.26},{"type":"A","date":"2018-04-10T01:45:14.000Z","volume":1000,"label":" ","price":8.27},{"type":"B","date":"2018-04-10T01:45:18.000Z","volume":1500,"label":" ","price":8.26},{"type":"A","date":"2018-04-10T01:45:36.000Z","volume":1000,"label":" ","price":8.27},{"type":"A","date":"2018-04-10T01:45:41.000Z","volume":22000,"label":"Y","price":8.27},{"type":"A","date":"2018-04-10T01:45:41.000Z","volume":4000,"label":" ","price":8.27},{"type":"A","date":"2018-04-10T01:45:41.000Z","volume":4000,"label":" ","price":8.27},{"type":"B","date":"2018-04-10T01:45:43.000Z","volume":3000,"label":" ","price":8.26},{"type":"U","date":"2018-04-10T01:45:50.000Z","volume":2000,"label":"X","price":8.26},{"type":"B","date":"2018-04-10T01:46:12.000Z","volume":3500,"label":" ","price":8.26},{"type":"A","date":"2018-04-10T01:46:28.000Z","volume":1000,"label":" ","price":8.27},{"type":"B","date":"2018-04-10T01:46:46.000Z","volume":7000,"label":" ","price":8.26},{"type":"B","date":"2018-04-10T01:46:52.000Z","volume":3500,"label":" ","price":8.26},{"type":"A","date":"2018-04-10T01:47:08.000Z","volume":1500,"label":" ","price":8.27},{"type":"U","date":"2018-04-10T01:47:12.000Z","volume":500,"label":"X","price":8.265},{"type":"B","date":"2018-04-10T01:47:23.000Z","volume":3500,"label":" ","price":8.26},{"type":"A","date":"2018-04-10T01:47:23.000Z","volume":7000,"label":" ","price":8.27},{"type":"A","date":"2018-04-10T01:47:29.000Z","volume":10000,"label":" ","price":8.27},{"type":"A","date":"2018-04-10T01:47:43.000Z","volume":11500,"label":"Y","price":8.27},{"type":"A","date":"2018-04-10T01:47:43.000Z","volume":84000,"label":" ","price":8.27},{"type":"A","date":"2018-04-10T01:47:43.000Z","volume":72500,"label":" ","price":8.27},{"type":"A","date":"2018-04-10T01:47:43.000Z","volume":4000,"label":"Y","price":8.27},{"type":"A","date":"2018-04-10T01:47:43.000Z","volume":2500,"label":" ","price":8.27},{"type":"A","date":"2018-04-10T01:47:43.000Z","volume":1000,"label":" ","price":8.27},{"type":"A","date":"2018-04-10T01:47:43.000Z","volume":3000,"label":"Y","price":8.28},{"type":"A","date":"2018-04-10T01:47:43.000Z","volume":7500,"label":" ","price":8.28},{"type":"A","date":"2018-04-10T01:47:43.000Z","volume":500,"label":" ","price":8.27},{"type":"A","date":"2018-04-10T01:47:43.000Z","volume":500,"label":" ","price":8.27},{"type":"B","date":"2018-04-10T01:47:43.000Z","volume":1000,"label":" ","price":8.27},{"type":"A","date":"2018-04-10T01:47:44.000Z","volume":9500,"label":"Y","price":8.28},{"type":"A","date":"2018-04-10T01:47:44.000Z","volume":11000,"label":" ","price":8.28},{"type":"A","date":"2018-04-10T01:47:44.000Z","volume":2500,"label":" ","price":8.28},{"type":"A","date":"2018-04-10T01:47:44.000Z","volume":6500,"label":" ","price":8.28},{"type":"A","date":"2018-04-10T01:47:44.000Z","volume":500,"label":" ","price":8.29},{"type":"A","date":"2018-04-10T01:47:45.000Z","volume":12000,"label":" ","price":8.29},{"type":"B","date":"2018-04-10T01:47:50.000Z","volume":2000,"label":" ","price":8.28},{"type":"A","date":"2018-04-10T01:47:52.000Z","volume":16000,"label":" ","price":8.28},{"type":"A","date":"2018-04-10T01:47:56.000Z","volume":3000,"label":"Y","price":8.28},{"type":"A","date":"2018-04-10T01:47:56.000Z","volume":8500,"label":" ","price":8.28},{"type":"U","date":"2018-04-10T01:47:56.000Z","volume":1500,"label":" ","price":8.28},{"type":"B","date":"2018-04-10T01:47:57.000Z","volume":1000,"label":" ","price":8.28},{"type":"A","date":"2018-04-10T01:48:15.000Z","volume":15000,"label":"Y","price":8.29},{"type":"A","date":"2018-04-10T01:48:15.000Z","volume":11000,"label":" ","price":8.29},{"type":"A","date":"2018-04-10T01:48:15.000Z","volume":5000,"label":" ","price":8.29},{"type":"A","date":"2018-04-10T01:48:15.000Z","volume":4000,"label":" ","price":8.29},{"type":"A","date":"2018-04-10T01:48:15.000Z","volume":19500,"label":" ","price":8.3},{"type":"B","date":"2018-04-10T01:48:16.000Z","volume":2500,"label":" ","price":8.29},{"type":"A","date":"2018-04-10T01:48:16.000Z","volume":2000,"label":" ","price":8.3},{"type":"A","date":"2018-04-10T01:48:29.000Z","volume":2000,"label":" ","price":8.3},{"type":"A","date":"2018-04-10T01:48:32.000Z","volume":2500,"label":"Y","price":8.3},{"type":"A","date":"2018-04-10T01:48:32.000Z","volume":5000,"label":" ","price":8.3},{"type":"A","date":"2018-04-10T01:48:32.000Z","volume":500,"label":" ","price":8.3},{"type":"U","date":"2018-04-10T01:48:33.000Z","volume":2000,"label":" ","price":8.3},{"type":"A","date":"2018-04-10T01:48:41.000Z","volume":1500,"label":" ","price":8.31},{"type":"A","date":"2018-04-10T01:48:50.000Z","volume":2000,"label":" ","price":8.31},{"type":"A","date":"2018-04-10T01:48:56.000Z","volume":4000,"label":" ","price":8.31},{"type":"A","date":"2018-04-10T01:48:56.000Z","volume":500,"label":" ","price":8.31},{"type":"A","date":"2018-04-10T01:48:56.000Z","volume":500,"label":" ","price":8.31},{"type":"A","date":"2018-04-10T01:48:56.000Z","volume":2000,"label":" ","price":8.32},{"type":"A","date":"2018-04-10T01:48:56.000Z","volume":500,"label":" ","price":8.32},{"type":"A","date":"2018-04-10T01:48:56.000Z","volume":5500,"label":" ","price":8.32},{"type":"A","date":"2018-04-10T01:48:56.000Z","volume":16500,"label":" ","price":8.35},{"type":"A","date":"2018-04-10T01:48:56.000Z","volume":500,"label":" ","price":8.35},{"type":"A","date":"2018-04-10T01:48:56.000Z","volume":1500,"label":" ","price":8.35},{"type":"A","date":"2018-04-10T01:48:56.000Z","volume":500,"label":" ","price":8.35},{"type":"A","date":"2018-04-10T01:48:56.000Z","volume":5500,"label":" ","price":8.36},{"type":"U","date":"2018-04-10T01:48:56.000Z","volume":500,"label":" ","price":8.34},{"type":"A","date":"2018-04-10T01:49:07.000Z","volume":14500,"label":" ","price":8.32},{"type":"A","date":"2018-04-10T01:49:07.000Z","volume":500,"label":" ","price":8.32},{"type":"A","date":"2018-04-10T01:49:07.000Z","volume":500,"label":" ","price":8.33},{"type":"A","date":"2018-04-10T01:49:07.000Z","volume":6000,"label":" ","price":8.33},{"type":"A","date":"2018-04-10T01:49:07.000Z","volume":500,"label":" ","price":8.32},{"type":"A","date":"2018-04-10T01:49:25.000Z","volume":4000,"label":" ","price":8.32},{"type":"A","date":"2018-04-10T01:49:37.000Z","volume":2000,"label":" ","price":8.32},{"type":"A","date":"2018-04-10T01:49:37.000Z","volume":4500,"label":" ","price":8.32},{"type":"A","date":"2018-04-10T01:49:58.000Z","volume":3000,"label":" ","price":8.32},{"type":"A","date":"2018-04-10T01:50:04.000Z","volume":2500,"label":" ","price":8.32},{"type":"A","date":"2018-04-10T01:50:04.000Z","volume":2500,"label":" ","price":8.32},{"type":"A","date":"2018-04-10T01:50:04.000Z","volume":500,"label":" ","price":8.32},{"type":"B","date":"2018-04-10T01:50:17.000Z","volume":10000,"label":" ","price":8.31},{"type":"B","date":"2018-04-10T01:50:17.000Z","volume":2500,"label":" ","price":8.31},{"type":"A","date":"2018-04-10T01:50:20.000Z","volume":3500,"label":" ","price":8.32},{"type":"A","date":"2018-04-10T01:50:20.000Z","volume":1500,"label":" ","price":8.32},{"type":"B","date":"2018-04-10T01:50:21.000Z","volume":8000,"label":" ","price":8.31},{"type":"B","date":"2018-04-10T01:50:21.000Z","volume":8500,"label":" ","price":8.31},{"type":"B","date":"2018-04-10T01:50:22.000Z","volume":500,"label":" ","price":8.31},{"type":"B","date":"2018-04-10T01:50:22.000Z","volume":12000,"label":" ","price":8.31},{"type":"B","date":"2018-04-10T01:50:56.000Z","volume":13500,"label":" ","price":8.3},{"type":"B","date":"2018-04-10T01:50:56.000Z","volume":3500,"label":" ","price":8.3},{"type":"B","date":"2018-04-10T01:51:31.000Z","volume":22500,"label":" ","price":8.3},{"type":"B","date":"2018-04-10T01:51:31.000Z","volume":6500,"label":" ","price":8.3},{"type":"B","date":"2018-04-10T01:51:31.000Z","volume":43000,"label":" ","price":8.3},{"type":"B","date":"2018-04-10T01:51:31.000Z","volume":5500,"label":" ","price":8.3},{"type":"A","date":"2018-04-10T01:51:54.000Z","volume":20000,"label":" ","price":8.3},{"type":"U","date":"2018-04-10T01:52:33.000Z","volume":500,"label":"X","price":8.306},{"type":"A","date":"2018-04-10T01:53:10.000Z","volume":39500,"label":" ","price":8.3},{"type":"A","date":"2018-04-10T01:53:10.000Z","volume":2500,"label":"Y","price":8.3},{"type":"A","date":"2018-04-10T01:53:10.000Z","volume":8500,"label":" ","price":8.3},{"type":"A","date":"2018-04-10T01:53:10.000Z","volume":2000,"label":" ","price":8.3},{"type":"A","date":"2018-04-10T01:53:10.000Z","volume":4500,"label":" ","price":8.3},{"type":"B","date":"2018-04-10T01:53:12.000Z","volume":11500,"label":" ","price":8.3},{"type":"B","date":"2018-04-10T01:53:12.000Z","volume":2500,"label":" ","price":8.29},{"type":"A","date":"2018-04-10T01:53:12.000Z","volume":35000,"label":" ","price":8.31},{"type":"A","date":"2018-04-10T01:53:12.000Z","volume":1000,"label":" ","price":8.32},{"type":"A","date":"2018-04-10T01:53:12.000Z","volume":4500,"label":" ","price":8.32},{"type":"B","date":"2018-04-10T01:53:13.000Z","volume":5500,"label":" ","price":8.32},{"type":"U","date":"2018-04-10T01:53:36.000Z","volume":11000,"label":"X","price":8.3},{"type":"B","date":"2018-04-10T01:53:52.000Z","volume":3500,"label":" ","price":8.31},{"type":"B","date":"2018-04-10T01:53:53.000Z","volume":1000,"label":" ","price":8.31},{"type":"A","date":"2018-04-10T01:54:01.000Z","volume":13500,"label":" ","price":8.35},{"type":"B","date":"2018-04-10T01:54:04.000Z","volume":2500,"label":" ","price":8.32},{"type":"B","date":"2018-04-10T01:54:05.000Z","volume":500,"label":" ","price":8.32},{"type":"A","date":"2018-04-10T01:54:05.000Z","volume":19000,"label":" ","price":8.35},{"type":"U","date":"2018-04-10T01:56:24.000Z","volume":500,"label":"X","price":8.335},{"type":"A","date":"2018-04-10T01:56:41.000Z","volume":14500,"label":" ","price":8.35},{"type":"B","date":"2018-04-10T01:56:45.000Z","volume":1000,"label":" ","price":8.32},{"type":"B","date":"2018-04-10T01:57:50.000Z","volume":9000,"label":" ","price":8.33},{"type":"B","date":"2018-04-10T01:57:50.000Z","volume":2500,"label":" ","price":8.33},{"type":"B","date":"2018-04-10T01:58:12.000Z","volume":1000,"label":" ","price":8.34},{"type":"B","date":"2018-04-10T01:58:13.000Z","volume":500,"label":" ","price":8.34},{"type":"A","date":"2018-04-10T01:58:22.000Z","volume":5500,"label":" ","price":8.35},{"type":"A","date":"2018-04-10T01:59:28.000Z","volume":5000,"label":" ","price":8.35},{"type":"A","date":"2018-04-10T01:59:28.000Z","volume":4000,"label":" ","price":8.35},{"type":"A","date":"2018-04-10T01:59:37.000Z","volume":1000,"label":" ","price":8.35},{"type":"A","date":"2018-04-10T01:59:37.000Z","volume":7000,"label":" ","price":8.35},{"type":"B","date":"2018-04-10T02:00:40.000Z","volume":3000,"label":" ","price":8.34},{"type":"B","date":"2018-04-10T02:00:40.000Z","volume":500,"label":" ","price":8.34},{"type":"U","date":"2018-04-10T02:01:27.000Z","volume":500,"label":"X","price":8.345},{"type":"B","date":"2018-04-10T02:01:41.000Z","volume":3500,"label":" ","price":8.34},{"type":"B","date":"2018-04-10T02:01:41.000Z","volume":1000,"label":" ","price":8.34},{"type":"B","date":"2018-04-10T02:01:46.000Z","volume":10000,"label":"Y","price":8.34},{"type":"B","date":"2018-04-10T02:01:46.000Z","volume":22500,"label":" ","price":8.34},{"type":"B","date":"2018-04-10T02:01:46.000Z","volume":101500,"label":" ","price":8.34},{"type":"B","date":"2018-04-10T02:01:46.000Z","volume":9500,"label":" ","price":8.34},{"type":"B","date":"2018-04-10T02:01:47.000Z","volume":22500,"label":" ","price":8.34},{"type":"B","date":"2018-04-10T02:01:47.000Z","volume":16500,"label":" ","price":8.33},{"type":"B","date":"2018-04-10T02:02:12.000Z","volume":2500,"label":" ","price":8.33},{"type":"B","date":"2018-04-10T02:02:14.000Z","volume":500,"label":" ","price":8.33},{"type":"U","date":"2018-04-10T02:02:33.000Z","volume":1000,"label":"X","price":8.33},{"type":"B","date":"2018-04-10T02:02:40.000Z","volume":500,"label":" ","price":8.33},{"type":"B","date":"2018-04-10T02:02:46.000Z","volume":2500,"label":" ","price":8.33},{"type":"B","date":"2018-04-10T02:02:47.000Z","volume":1000,"label":" ","price":8.33},{"type":"B","date":"2018-04-10T02:03:10.000Z","volume":2000,"label":" ","price":8.33},{"type":"B","date":"2018-04-10T02:03:11.000Z","volume":7000,"label":" ","price":8.33},{"type":"B","date":"2018-04-10T02:03:13.000Z","volume":2500,"label":" ","price":8.33},{"type":"B","date":"2018-04-10T02:03:25.000Z","volume":500,"label":" ","price":8.33},{"type":"B","date":"2018-04-10T02:03:25.000Z","volume":1000,"label":" ","price":8.33},{"type":"B","date":"2018-04-10T02:03:26.000Z","volume":500,"label":" ","price":8.33},{"type":"B","date":"2018-04-10T02:03:45.000Z","volume":2500,"label":" ","price":8.33},{"type":"B","date":"2018-04-10T02:03:46.000Z","volume":500,"label":" ","price":8.33},{"type":"B","date":"2018-04-10T02:04:14.000Z","volume":2500,"label":" ","price":8.33},{"type":"B","date":"2018-04-10T02:04:15.000Z","volume":1000,"label":" ","price":8.33},{"type":"B","date":"2018-04-10T02:04:49.000Z","volume":2500,"label":" ","price":8.33},{"type":"B","date":"2018-04-10T02:04:50.000Z","volume":500,"label":" ","price":8.33},{"type":"B","date":"2018-04-10T02:05:14.000Z","volume":2000,"label":" ","price":8.33},{"type":"B","date":"2018-04-10T02:05:15.000Z","volume":500,"label":" ","price":8.33},{"type":"B","date":"2018-04-10T02:05:25.000Z","volume":1500,"label":" ","price":8.33},{"type":"B","date":"2018-04-10T02:05:26.000Z","volume":500,"label":" ","price":8.33},{"type":"B","date":"2018-04-10T02:05:48.000Z","volume":2000,"label":" ","price":8.33},{"type":"B","date":"2018-04-10T02:05:49.000Z","volume":500,"label":" ","price":8.33},{"type":"B","date":"2018-04-10T02:06:08.000Z","volume":500,"label":" ","price":8.33},{"type":"A","date":"2018-04-10T02:06:09.000Z","volume":500,"label":" ","price":8.34},{"type":"B","date":"2018-04-10T02:06:10.000Z","volume":500,"label":" ","price":8.33},{"type":"B","date":"2018-04-10T02:06:32.000Z","volume":5000,"label":" ","price":8.33},{"type":"A","date":"2018-04-10T02:06:33.000Z","volume":500,"label":" ","price":8.34},{"type":"B","date":"2018-04-10T02:06:34.000Z","volume":1000,"label":" ","price":8.33},{"type":"B","date":"2018-04-10T02:06:34.000Z","volume":500,"label":" ","price":8.33},{"type":"A","date":"2018-04-10T02:06:34.000Z","volume":500,"label":" ","price":8.34},{"type":"B","date":"2018-04-10T02:06:37.000Z","volume":5000,"label":" ","price":8.33},{"type":"A","date":"2018-04-10T02:06:38.000Z","volume":1000,"label":" ","price":8.34},{"type":"B","date":"2018-04-10T02:06:39.000Z","volume":1000,"label":" ","price":8.33},{"type":"A","date":"2018-04-10T02:06:39.000Z","volume":6000,"label":" ","price":8.34},{"type":"A","date":"2018-04-10T02:06:40.000Z","volume":1000,"label":" ","price":8.34},{"type":"U","date":"2018-04-10T02:07:18.000Z","volume":8000,"label":"X","price":8.332},{"type":"U","date":"2018-04-10T02:07:18.000Z","volume":2000,"label":"X","price":8.332},{"type":"U","date":"2018-04-10T02:07:18.000Z","volume":2000,"label":"X","price":8.332},{"type":"B","date":"2018-04-10T02:07:25.000Z","volume":1500,"label":" ","price":8.33},{"type":"B","date":"2018-04-10T02:07:27.000Z","volume":500,"label":" ","price":8.33},{"type":"B","date":"2018-04-10T02:07:46.000Z","volume":20000,"label":" ","price":8.33},{"type":"B","date":"2018-04-10T02:07:46.000Z","volume":2000,"label":" ","price":8.33},{"type":"A","date":"2018-04-10T02:07:47.000Z","volume":4000,"label":" ","price":8.34},{"type":"B","date":"2018-04-10T02:07:47.000Z","volume":500,"label":" ","price":8.33},{"type":"B","date":"2018-04-10T02:07:48.000Z","volume":6500,"label":" ","price":8.33},{"type":"B","date":"2018-04-10T02:07:48.000Z","volume":500,"label":" ","price":8.33},{"type":"A","date":"2018-04-10T02:07:49.000Z","volume":1500,"label":" ","price":8.34},{"type":"B","date":"2018-04-10T02:07:49.000Z","volume":500,"label":" ","price":8.33},{"type":"B","date":"2018-04-10T02:07:50.000Z","volume":4500,"label":" ","price":8.33},{"type":"B","date":"2018-04-10T02:07:51.000Z","volume":2000,"label":" ","price":8.33},{"type":"B","date":"2018-04-10T02:07:53.000Z","volume":500,"label":" ","price":8.33},{"type":"A","date":"2018-04-10T02:09:13.000Z","volume":1000,"label":" ","price":8.34},{"type":"A","date":"2018-04-10T02:09:14.000Z","volume":1500,"label":" ","price":8.34},{"type":"B","date":"2018-04-10T02:09:26.000Z","volume":1500,"label":" ","price":8.33},{"type":"B","date":"2018-04-10T02:09:27.000Z","volume":500,"label":" ","price":8.33},{"type":"B","date":"2018-04-10T02:09:27.000Z","volume":500,"label":" ","price":8.33},{"type":"A","date":"2018-04-10T02:10:07.000Z","volume":6500,"label":" ","price":8.34},{"type":"A","date":"2018-04-10T02:10:07.000Z","volume":141500,"label":" ","price":8.34},{"type":"A","date":"2018-04-10T02:10:07.000Z","volume":7000,"label":" ","price":8.34},{"type":"A","date":"2018-04-10T02:10:07.000Z","volume":11500,"label":" ","price":8.34},{"type":"A","date":"2018-04-10T02:10:07.000Z","volume":500,"label":" ","price":8.34},{"type":"A","date":"2018-04-10T02:10:07.000Z","volume":500,"label":" ","price":8.34},{"type":"A","date":"2018-04-10T02:10:07.000Z","volume":3500,"label":" ","price":8.35},{"type":"A","date":"2018-04-10T02:10:08.000Z","volume":7000,"label":"Y","price":8.35},{"type":"A","date":"2018-04-10T02:10:08.000Z","volume":19000,"label":" ","price":8.35},{"type":"B","date":"2018-04-10T02:10:09.000Z","volume":16000,"label":" ","price":8.34},{"type":"A","date":"2018-04-10T02:10:09.000Z","volume":4500,"label":" ","price":8.35},{"type":"B","date":"2018-04-10T02:10:11.000Z","volume":13000,"label":" ","price":8.34},{"type":"B","date":"2018-04-10T02:10:13.000Z","volume":3500,"label":" ","price":8.34},{"type":"A","date":"2018-04-10T02:10:26.000Z","volume":14500,"label":" ","price":8.35},{"type":"A","date":"2018-04-10T02:10:27.000Z","volume":8000,"label":" ","price":8.35},{"type":"A","date":"2018-04-10T02:11:01.000Z","volume":82500,"label":" ","price":8.35},{"type":"A","date":"2018-04-10T02:11:01.000Z","volume":10500,"label":" ","price":8.35},{"type":"U","date":"2018-04-10T02:11:01.000Z","volume":4500,"label":"X","price":8.35},{"type":"A","date":"2018-04-10T02:11:01.000Z","volume":500,"label":" ","price":8.35},{"type":"A","date":"2018-04-10T02:11:01.000Z","volume":500,"label":" ","price":8.35},{"type":"A","date":"2018-04-10T02:11:02.000Z","volume":9000,"label":"Y","price":8.36},{"type":"A","date":"2018-04-10T02:11:02.000Z","volume":5000,"label":" ","price":8.36},{"type":"A","date":"2018-04-10T02:11:02.000Z","volume":19000,"label":" ","price":8.36},{"type":"A","date":"2018-04-10T02:11:02.000Z","volume":8000,"label":"Y","price":8.36},{"type":"A","date":"2018-04-10T02:11:02.000Z","volume":18000,"label":" ","price":8.36},{"type":"A","date":"2018-04-10T02:11:02.000Z","volume":29000,"label":" ","price":8.36},{"type":"A","date":"2018-04-10T02:11:02.000Z","volume":4000,"label":" ","price":8.36},{"type":"A","date":"2018-04-10T02:11:02.000Z","volume":2000,"label":" ","price":8.36},{"type":"B","date":"2018-04-10T02:11:02.000Z","volume":4000,"label":" ","price":8.36},{"type":"B","date":"2018-04-10T02:11:02.000Z","volume":500,"label":" ","price":8.36},{"type":"A","date":"2018-04-10T02:11:02.000Z","volume":500,"label":" ","price":8.36},{"type":"B","date":"2018-04-10T02:11:03.000Z","volume":14500,"label":" ","price":8.36},{"type":"A","date":"2018-04-10T02:11:07.000Z","volume":1000,"label":"Y","price":8.37},{"type":"A","date":"2018-04-10T02:11:07.000Z","volume":6000,"label":" ","price":8.37},{"type":"A","date":"2018-04-10T02:11:07.000Z","volume":6500,"label":" ","price":8.37},{"type":"A","date":"2018-04-10T02:11:07.000Z","volume":2500,"label":" ","price":8.37},{"type":"A","date":"2018-04-10T02:11:07.000Z","volume":6000,"label":" ","price":8.37},{"type":"A","date":"2018-04-10T02:11:08.000Z","volume":8000,"label":" ","price":8.38},{"type":"A","date":"2018-04-10T02:11:11.000Z","volume":3500,"label":" ","price":8.38},{"type":"B","date":"2018-04-10T02:11:12.000Z","volume":500,"label":" ","price":8.38},{"type":"A","date":"2018-04-10T02:11:22.000Z","volume":24000,"label":" ","price":8.39},{"type":"A","date":"2018-04-10T02:11:22.000Z","volume":133000,"label":" ","price":8.4},{"type":"A","date":"2018-04-10T02:11:22.000Z","volume":2500,"label":" ","price":8.39},{"type":"A","date":"2018-04-10T02:11:22.000Z","volume":500,"label":" ","price":8.39},{"type":"A","date":"2018-04-10T02:11:22.000Z","volume":500,"label":" ","price":8.41},{"type":"A","date":"2018-04-10T02:11:33.000Z","volume":5000,"label":" ","price":8.4},{"type":"B","date":"2018-04-10T02:11:34.000Z","volume":7000,"label":" ","price":8.39},{"type":"U","date":"2018-04-10T02:11:35.000Z","volume":500,"label":"X","price":8.395},{"type":"B","date":"2018-04-10T02:11:35.000Z","volume":1500,"label":" ","price":8.39},{"type":"A","date":"2018-04-10T02:11:35.000Z","volume":4500,"label":" ","price":8.4},{"type":"A","date":"2018-04-10T02:11:45.000Z","volume":2000,"label":"Y","price":8.4},{"type":"A","date":"2018-04-10T02:11:46.000Z","volume":1000,"label":" ","price":8.4},{"type":"A","date":"2018-04-10T02:11:48.000Z","volume":11500,"label":" ","price":8.4},{"type":"B","date":"2018-04-10T02:11:48.000Z","volume":1500,"label":" ","price":8.4},{"type":"B","date":"2018-04-10T02:11:49.000Z","volume":1000,"label":" ","price":8.4},{"type":"A","date":"2018-04-10T02:11:53.000Z","volume":1500,"label":" ","price":8.41},{"type":"A","date":"2018-04-10T02:12:17.000Z","volume":3500,"label":"Y","price":8.41},{"type":"A","date":"2018-04-10T02:12:17.000Z","volume":1000,"label":" ","price":8.41},{"type":"A","date":"2018-04-10T02:12:20.000Z","volume":1500,"label":" ","price":8.41},{"type":"U","date":"2018-04-10T02:12:26.000Z","volume":500,"label":"X","price":8.399},{"type":"A","date":"2018-04-10T02:12:27.000Z","volume":2000,"label":" ","price":8.41},{"type":"A","date":"2018-04-10T02:12:32.000Z","volume":1000,"label":" ","price":8.41},{"type":"U","date":"2018-04-10T02:12:36.000Z","volume":2500,"label":"X","price":8.41},{"type":"A","date":"2018-04-10T02:13:05.000Z","volume":14000,"label":" ","price":8.41},{"type":"A","date":"2018-04-10T02:13:06.000Z","volume":1500,"label":" ","price":8.41},{"type":"A","date":"2018-04-10T02:13:15.000Z","volume":4500,"label":" ","price":8.41},{"type":"A","date":"2018-04-10T02:13:15.000Z","volume":500,"label":" ","price":8.41},{"type":"U","date":"2018-04-10T02:13:15.000Z","volume":500,"label":" ","price":8.41},{"type":"U","date":"2018-04-10T02:13:15.000Z","volume":500,"label":" ","price":8.41},{"type":"A","date":"2018-04-10T02:13:15.000Z","volume":500,"label":" ","price":8.41},{"type":"A","date":"2018-04-10T02:13:15.000Z","volume":2500,"label":" ","price":8.42},{"type":"A","date":"2018-04-10T02:13:16.000Z","volume":11000,"label":" ","price":8.42},{"type":"A","date":"2018-04-10T02:13:19.000Z","volume":2000,"label":" ","price":8.41},{"type":"B","date":"2018-04-10T02:13:19.000Z","volume":500,"label":" ","price":8.41},{"type":"B","date":"2018-04-10T02:13:19.000Z","volume":500,"label":" ","price":8.41},{"type":"A","date":"2018-04-10T02:13:21.000Z","volume":1000,"label":" ","price":8.42},{"type":"A","date":"2018-04-10T02:13:26.000Z","volume":1500,"label":" ","price":8.42},{"type":"U","date":"2018-04-10T02:13:27.000Z","volume":2000,"label":"X","price":8.42},{"type":"A","date":"2018-04-10T02:13:27.000Z","volume":2000,"label":" ","price":8.42},{"type":"A","date":"2018-04-10T02:13:27.000Z","volume":1000,"label":" ","price":8.42},{"type":"B","date":"2018-04-10T02:13:35.000Z","volume":500,"label":" ","price":8.41},{"type":"A","date":"2018-04-10T02:13:50.000Z","volume":1500,"label":" ","price":8.42},{"type":"A","date":"2018-04-10T02:13:51.000Z","volume":500,"label":" ","price":8.42},{"type":"A","date":"2018-04-10T02:14:08.000Z","volume":17500,"label":" ","price":8.42},{"type":"A","date":"2018-04-10T02:14:17.000Z","volume":2000,"label":" ","price":8.42},{"type":"A","date":"2018-04-10T02:14:21.000Z","volume":5000,"label":" ","price":8.42},{"type":"A","date":"2018-04-10T02:14:31.000Z","volume":19000,"label":" ","price":8.42},{"type":"B","date":"2018-04-10T02:14:31.000Z","volume":2000,"label":" ","price":8.42},{"type":"B","date":"2018-04-10T02:14:31.000Z","volume":19000,"label":" ","price":8.42},{"type":"B","date":"2018-04-10T02:14:32.000Z","volume":6500,"label":" ","price":8.42},{"type":"A","date":"2018-04-10T02:14:36.000Z","volume":63000,"label":" ","price":8.43},{"type":"U","date":"2018-04-10T02:14:36.000Z","volume":2500,"label":"X","price":8.42},{"type":"B","date":"2018-04-10T02:14:47.000Z","volume":20000,"label":" ","price":8.42},{"type":"B","date":"2018-04-10T02:14:47.000Z","volume":5500,"label":" ","price":8.42},{"type":"A","date":"2018-04-10T02:14:48.000Z","volume":4000,"label":" ","price":8.43},{"type":"U","date":"2018-04-10T02:14:51.000Z","volume":10000,"label":"X","price":8.43},{"type":"U","date":"2018-04-10T02:15:06.000Z","volume":1500,"label":"X","price":8.43},{"type":"A","date":"2018-04-10T02:15:21.000Z","volume":1500,"label":" ","price":8.43},{"type":"U","date":"2018-04-10T02:15:22.000Z","volume":1500,"label":"X","price":8.43},{"type":"A","date":"2018-04-10T02:15:22.000Z","volume":1000,"label":" ","price":8.43},{"type":"B","date":"2018-04-10T02:15:36.000Z","volume":10000,"label":" ","price":8.42},{"type":"B","date":"2018-04-10T02:15:36.000Z","volume":2500,"label":" ","price":8.42},{"type":"U","date":"2018-04-10T02:15:38.000Z","volume":1500,"label":"X","price":8.43},{"type":"U","date":"2018-04-10T02:15:56.000Z","volume":2500,"label":"X","price":8.43},{"type":"B","date":"2018-04-10T02:16:24.000Z","volume":20000,"label":" ","price":8.42},{"type":"B","date":"2018-04-10T02:16:24.000Z","volume":3500,"label":" ","price":8.42},{"type":"A","date":"2018-04-10T02:16:25.000Z","volume":7500,"label":" ","price":8.43},{"type":"B","date":"2018-04-10T02:16:26.000Z","volume":5500,"label":" ","price":8.42},{"type":"A","date":"2018-04-10T02:16:27.000Z","volume":2000,"label":" ","price":8.43},{"type":"U","date":"2018-04-10T02:18:24.000Z","volume":3000,"label":"X","price":8.43},{"type":"A","date":"2018-04-10T02:18:25.000Z","volume":56500,"label":"Y","price":8.43},{"type":"A","date":"2018-04-10T02:18:25.000Z","volume":205500,"label":" ","price":8.43},{"type":"A","date":"2018-04-10T02:18:25.000Z","volume":500,"label":" ","price":8.43},{"type":"A","date":"2018-04-10T02:18:25.000Z","volume":500,"label":" ","price":8.43},{"type":"A","date":"2018-04-10T02:18:25.000Z","volume":1500,"label":" ","price":8.43},{"type":"A","date":"2018-04-10T02:18:26.000Z","volume":2500,"label":" ","price":8.43},{"type":"A","date":"2018-04-10T02:18:32.000Z","volume":500,"label":" ","price":8.43},{"type":"A","date":"2018-04-10T02:18:37.000Z","volume":6500,"label":" ","price":8.43},{"type":"A","date":"2018-04-10T02:18:37.000Z","volume":6500,"label":" ","price":8.43},{"type":"A","date":"2018-04-10T02:18:39.000Z","volume":2000,"label":" ","price":8.43},{"type":"A","date":"2018-04-10T02:19:11.000Z","volume":2500,"label":" ","price":8.43},{"type":"A","date":"2018-04-10T02:19:11.000Z","volume":2500,"label":" ","price":8.43},{"type":"A","date":"2018-04-10T02:19:22.000Z","volume":2000,"label":" ","price":8.43},{"type":"U","date":"2018-04-10T02:19:23.000Z","volume":1500,"label":"X","price":8.426},{"type":"A","date":"2018-04-10T02:19:27.000Z","volume":1500,"label":" ","price":8.43},{"type":"A","date":"2018-04-10T02:19:36.000Z","volume":6000,"label":" ","price":8.43},{"type":"A","date":"2018-04-10T02:19:52.000Z","volume":1500,"label":"Y","price":8.43},{"type":"A","date":"2018-04-10T02:19:52.000Z","volume":3500,"label":" ","price":8.43},{"type":"A","date":"2018-04-10T02:19:52.000Z","volume":1000,"label":" ","price":8.43},{"type":"U","date":"2018-04-10T02:19:52.000Z","volume":500,"label":"X","price":8.43},{"type":"B","date":"2018-04-10T02:19:53.000Z","volume":165500,"label":" ","price":8.42},{"type":"B","date":"2018-04-10T02:19:53.000Z","volume":21500,"label":" ","price":8.41},{"type":"U","date":"2018-04-10T02:19:53.000Z","volume":40000,"label":" ","price":8.41},{"type":"B","date":"2018-04-10T02:19:54.000Z","volume":2000,"label":" ","price":8.4},{"type":"B","date":"2018-04-10T02:21:20.000Z","volume":10000,"label":" ","price":8.39},{"type":"B","date":"2018-04-10T02:21:21.000Z","volume":2500,"label":" ","price":8.39},{"type":"U","date":"2018-04-10T02:21:23.000Z","volume":5000,"label":"X","price":8.4},{"type":"A","date":"2018-04-10T02:21:23.000Z","volume":1000,"label":" ","price":8.4},{"type":"B","date":"2018-04-10T02:21:57.000Z","volume":20000,"label":" ","price":8.39},{"type":"B","date":"2018-04-10T02:21:57.000Z","volume":5500,"label":" ","price":8.39},{"type":"A","date":"2018-04-10T02:22:00.000Z","volume":10000,"label":" ","price":8.4},{"type":"A","date":"2018-04-10T02:22:15.000Z","volume":10000,"label":" ","price":8.4},{"type":"A","date":"2018-04-10T02:22:16.000Z","volume":4500,"label":" ","price":8.4},{"type":"B","date":"2018-04-10T02:23:10.000Z","volume":4000,"label":" ","price":8.39},{"type":"B","date":"2018-04-10T02:23:10.000Z","volume":1000,"label":" ","price":8.39},{"type":"A","date":"2018-04-10T02:23:12.000Z","volume":2500,"label":" ","price":8.4},{"type":"A","date":"2018-04-10T02:23:56.000Z","volume":500,"label":" ","price":8.4},{"type":"A","date":"2018-04-10T02:24:07.000Z","volume":2000,"label":" ","price":8.4},{"type":"A","date":"2018-04-10T02:24:07.000Z","volume":6000,"label":" ","price":8.4},{"type":"A","date":"2018-04-10T02:24:07.000Z","volume":15500,"label":" ","price":8.4},{"type":"A","date":"2018-04-10T02:24:07.000Z","volume":4000,"label":" ","price":8.4},{"type":"A","date":"2018-04-10T02:24:07.000Z","volume":8000,"label":" ","price":8.4},{"type":"A","date":"2018-04-10T02:24:07.000Z","volume":17000,"label":" ","price":8.4},{"type":"A","date":"2018-04-10T02:24:07.000Z","volume":4000,"label":" ","price":8.4},{"type":"A","date":"2018-04-10T02:24:08.000Z","volume":4000,"label":" ","price":8.4},{"type":"A","date":"2018-04-10T02:24:08.000Z","volume":4000,"label":" ","price":8.4},{"type":"A","date":"2018-04-10T02:24:08.000Z","volume":2000,"label":" ","price":8.4},{"type":"A","date":"2018-04-10T02:24:08.000Z","volume":2000,"label":" ","price":8.4},{"type":"A","date":"2018-04-10T02:24:08.000Z","volume":2000,"label":" ","price":8.4},{"type":"A","date":"2018-04-10T02:24:08.000Z","volume":3000,"label":" ","price":8.4},{"type":"A","date":"2018-04-10T02:24:08.000Z","volume":4000,"label":" ","price":8.4},{"type":"A","date":"2018-04-10T02:24:08.000Z","volume":4000,"label":" ","price":8.4},{"type":"A","date":"2018-04-10T02:24:08.000Z","volume":8000,"label":" ","price":8.4},{"type":"A","date":"2018-04-10T02:24:08.000Z","volume":2500,"label":" ","price":8.4},{"type":"A","date":"2018-04-10T02:24:08.000Z","volume":4000,"label":" ","price":8.4},{"type":"A","date":"2018-04-10T02:24:09.000Z","volume":4000,"label":" ","price":8.4},{"type":"A","date":"2018-04-10T02:24:09.000Z","volume":3500,"label":" ","price":8.4},{"type":"A","date":"2018-04-10T02:24:09.000Z","volume":500,"label":" ","price":8.41},{"type":"A","date":"2018-04-10T02:24:09.000Z","volume":500,"label":" ","price":8.4},{"type":"A","date":"2018-04-10T02:24:09.000Z","volume":7500,"label":" ","price":8.41},{"type":"A","date":"2018-04-10T02:24:09.000Z","volume":500,"label":" ","price":8.4},{"type":"A","date":"2018-04-10T02:24:09.000Z","volume":4000,"label":" ","price":8.41},{"type":"A","date":"2018-04-10T02:24:09.000Z","volume":4000,"label":" ","price":8.41},{"type":"A","date":"2018-04-10T02:24:09.000Z","volume":4000,"label":" ","price":8.41},{"type":"A","date":"2018-04-10T02:24:09.000Z","volume":5000,"label":" ","price":8.41},{"type":"A","date":"2018-04-10T02:24:09.000Z","volume":500,"label":" ","price":8.41},{"type":"B","date":"2018-04-10T02:24:09.000Z","volume":3000,"label":" ","price":8.41},{"type":"B","date":"2018-04-10T02:24:31.000Z","volume":500,"label":" ","price":8.41},{"type":"B","date":"2018-04-10T02:24:31.000Z","volume":500,"label":" ","price":8.41},{"type":"B","date":"2018-04-10T02:24:31.000Z","volume":1000,"label":" ","price":8.41},{"type":"B","date":"2018-04-10T02:24:31.000Z","volume":500,"label":" ","price":8.41},{"type":"B","date":"2018-04-10T02:24:33.000Z","volume":1000,"label":" ","price":8.41},{"type":"B","date":"2018-04-10T02:24:43.000Z","volume":20000,"label":" ","price":8.41},{"type":"B","date":"2018-04-10T02:24:43.000Z","volume":5500,"label":" ","price":8.41},{"type":"B","date":"2018-04-10T02:25:22.000Z","volume":20000,"label":" ","price":8.41},{"type":"B","date":"2018-04-10T02:25:22.000Z","volume":6000,"label":" ","price":8.41},{"type":"U","date":"2018-04-10T02:25:36.000Z","volume":1500,"label":"X","price":8.409},{"type":"U","date":"2018-04-10T02:25:36.000Z","volume":1000,"label":"X","price":8.409},{"type":"B","date":"2018-04-10T02:25:37.000Z","volume":8000,"label":" ","price":8.41},{"type":"B","date":"2018-04-10T02:25:37.000Z","volume":2500,"label":" ","price":8.41},{"type":"A","date":"2018-04-10T02:25:40.000Z","volume":3500,"label":" ","price":8.42},{"type":"A","date":"2018-04-10T02:25:44.000Z","volume":60000,"label":" ","price":8.42},{"type":"A","date":"2018-04-10T02:25:44.000Z","volume":3000,"label":" ","price":8.42},{"type":"A","date":"2018-04-10T02:25:45.000Z","volume":2000,"label":" ","price":8.42},{"type":"B","date":"2018-04-10T02:25:53.000Z","volume":58500,"label":" ","price":8.41},{"type":"U","date":"2018-04-10T02:25:53.000Z","volume":6500,"label":" ","price":8.41},{"type":"A","date":"2018-04-10T02:25:54.000Z","volume":3000,"label":" ","price":8.41},{"type":"B","date":"2018-04-10T02:25:55.000Z","volume":7000,"label":" ","price":8.4},{"type":"A","date":"2018-04-10T02:25:55.000Z","volume":2000,"label":" ","price":8.41},{"type":"B","date":"2018-04-10T02:26:03.000Z","volume":3000,"label":" ","price":8.4},{"type":"B","date":"2018-04-10T02:26:03.000Z","volume":11500,"label":" ","price":8.39},{"type":"B","date":"2018-04-10T02:26:03.000Z","volume":8500,"label":" ","price":8.39},{"type":"B","date":"2018-04-10T02:26:04.000Z","volume":15500,"label":" ","price":8.38},{"type":"A","date":"2018-04-10T02:26:23.000Z","volume":39000,"label":" ","price":8.38},{"type":"A","date":"2018-04-10T02:26:23.000Z","volume":500,"label":" ","price":8.38},{"type":"A","date":"2018-04-10T02:26:37.000Z","volume":1000,"label":" ","price":8.38},{"type":"A","date":"2018-04-10T02:26:38.000Z","volume":500,"label":" ","price":8.38},{"type":"A","date":"2018-04-10T02:26:38.000Z","volume":1000,"label":" ","price":8.38},{"type":"A","date":"2018-04-10T02:26:38.000Z","volume":1000,"label":" ","price":8.38},{"type":"A","date":"2018-04-10T02:26:38.000Z","volume":2000,"label":" ","price":8.38},{"type":"A","date":"2018-04-10T02:26:38.000Z","volume":2000,"label":" ","price":8.38},{"type":"A","date":"2018-04-10T02:26:38.000Z","volume":1000,"label":" ","price":8.38},{"type":"A","date":"2018-04-10T02:26:38.000Z","volume":17000,"label":" ","price":8.38},{"type":"A","date":"2018-04-10T02:26:38.000Z","volume":500,"label":" ","price":8.38},{"type":"A","date":"2018-04-10T02:26:38.000Z","volume":500,"label":" ","price":8.39},{"type":"A","date":"2018-04-10T02:26:38.000Z","volume":500,"label":" ","price":8.38},{"type":"A","date":"2018-04-10T02:26:38.000Z","volume":500,"label":" ","price":8.39},{"type":"A","date":"2018-04-10T02:26:38.000Z","volume":500,"label":" ","price":8.38},{"type":"A","date":"2018-04-10T02:26:38.000Z","volume":2000,"label":" ","price":8.39},{"type":"A","date":"2018-04-10T02:26:38.000Z","volume":500,"label":" ","price":8.38},{"type":"A","date":"2018-04-10T02:26:38.000Z","volume":1000,"label":" ","price":8.39},{"type":"A","date":"2018-04-10T02:26:39.000Z","volume":500,"label":" ","price":8.38},{"type":"A","date":"2018-04-10T02:26:39.000Z","volume":2000,"label":" ","price":8.38},{"type":"A","date":"2018-04-10T02:26:39.000Z","volume":4000,"label":" ","price":8.38},{"type":"A","date":"2018-04-10T02:26:39.000Z","volume":500,"label":" ","price":8.38},{"type":"A","date":"2018-04-10T02:26:39.000Z","volume":500,"label":" ","price":8.39},{"type":"A","date":"2018-04-10T02:26:39.000Z","volume":500,"label":" ","price":8.38},{"type":"A","date":"2018-04-10T02:26:39.000Z","volume":500,"label":" ","price":8.39},{"type":"A","date":"2018-04-10T02:26:39.000Z","volume":1000,"label":" ","price":8.39},{"type":"A","date":"2018-04-10T02:26:39.000Z","volume":1000,"label":" ","price":8.39},{"type":"A","date":"2018-04-10T02:26:39.000Z","volume":4500,"label":" ","price":8.39},{"type":"A","date":"2018-04-10T02:26:39.000Z","volume":500,"label":" ","price":8.39},{"type":"A","date":"2018-04-10T02:26:39.000Z","volume":500,"label":" ","price":8.4},{"type":"A","date":"2018-04-10T02:26:39.000Z","volume":500,"label":" ","price":8.39},{"type":"A","date":"2018-04-10T02:26:39.000Z","volume":500,"label":" ","price":8.4},{"type":"A","date":"2018-04-10T02:26:39.000Z","volume":500,"label":" ","price":8.42},{"type":"B","date":"2018-04-10T02:26:39.000Z","volume":20000,"label":" ","price":8.38},{"type":"A","date":"2018-04-10T02:26:39.000Z","volume":500,"label":" ","price":8.41},{"type":"A","date":"2018-04-10T02:26:39.000Z","volume":500,"label":" ","price":8.42},{"type":"A","date":"2018-04-10T02:26:39.000Z","volume":500,"label":" ","price":8.41},{"type":"A","date":"2018-04-10T02:26:39.000Z","volume":500,"label":" ","price":8.42},{"type":"A","date":"2018-04-10T02:26:40.000Z","volume":500,"label":" ","price":8.41},{"type":"A","date":"2018-04-10T02:26:40.000Z","volume":500,"label":" ","price":8.42},{"type":"B","date":"2018-04-10T02:26:40.000Z","volume":2000,"label":" ","price":8.38},{"type":"B","date":"2018-04-10T02:26:40.000Z","volume":3000,"label":" ","price":8.37},{"type":"A","date":"2018-04-10T02:26:40.000Z","volume":1000,"label":" ","price":8.41},{"type":"A","date":"2018-04-10T02:26:40.000Z","volume":500,"label":" ","price":8.41},{"type":"A","date":"2018-04-10T02:26:40.000Z","volume":500,"label":" ","price":8.41},{"type":"A","date":"2018-04-10T02:26:40.000Z","volume":1000,"label":" ","price":8.41},{"type":"A","date":"2018-04-10T02:26:40.000Z","volume":1000,"label":" ","price":8.41},{"type":"B","date":"2018-04-10T02:26:40.000Z","volume":500,"label":" ","price":8.4},{"type":"A","date":"2018-04-10T02:27:09.000Z","volume":3000,"label":" ","price":8.41},{"type":"U","date":"2018-04-10T02:27:12.000Z","volume":500,"label":"X","price":8.399},{"type":"U","date":"2018-04-10T02:27:12.000Z","volume":500,"label":"X","price":8.399},{"type":"B","date":"2018-04-10T02:27:36.000Z","volume":500,"label":" ","price":8.38},{"type":"A","date":"2018-04-10T02:29:35.000Z","volume":1000,"label":" ","price":8.41},{"type":"A","date":"2018-04-10T02:29:36.000Z","volume":1000,"label":" ","price":8.41},{"type":"A","date":"2018-04-10T02:29:36.000Z","volume":1000,"label":" ","price":8.41},{"type":"A","date":"2018-04-10T02:29:36.000Z","volume":1000,"label":" ","price":8.41},{"type":"A","date":"2018-04-10T02:29:36.000Z","volume":1000,"label":" ","price":8.41},{"type":"A","date":"2018-04-10T02:29:36.000Z","volume":1500,"label":" ","price":8.41},{"type":"A","date":"2018-04-10T02:29:36.000Z","volume":1000,"label":" ","price":8.41},{"type":"A","date":"2018-04-10T02:29:36.000Z","volume":1000,"label":" ","price":8.41},{"type":"A","date":"2018-04-10T02:29:36.000Z","volume":2000,"label":" ","price":8.41},{"type":"A","date":"2018-04-10T02:29:36.000Z","volume":1000,"label":" ","price":8.41},{"type":"A","date":"2018-04-10T02:29:36.000Z","volume":1000,"label":" ","price":8.41},{"type":"A","date":"2018-04-10T02:29:37.000Z","volume":1000,"label":" ","price":8.41},{"type":"A","date":"2018-04-10T02:29:37.000Z","volume":2000,"label":" ","price":8.41},{"type":"A","date":"2018-04-10T02:29:37.000Z","volume":1000,"label":" ","price":8.41},{"type":"A","date":"2018-04-10T02:29:37.000Z","volume":1000,"label":" ","price":8.41},{"type":"A","date":"2018-04-10T02:29:37.000Z","volume":500,"label":" ","price":8.41},{"type":"A","date":"2018-04-10T02:29:37.000Z","volume":1000,"label":" ","price":8.41},{"type":"A","date":"2018-04-10T02:29:37.000Z","volume":1000,"label":" ","price":8.41},{"type":"A","date":"2018-04-10T02:29:37.000Z","volume":500,"label":" ","price":8.41},{"type":"A","date":"2018-04-10T02:29:37.000Z","volume":1000,"label":" ","price":8.41},{"type":"A","date":"2018-04-10T02:29:37.000Z","volume":500,"label":" ","price":8.41},{"type":"A","date":"2018-04-10T02:29:38.000Z","volume":1000,"label":" ","price":8.41},{"type":"A","date":"2018-04-10T02:29:38.000Z","volume":500,"label":" ","price":8.41},{"type":"A","date":"2018-04-10T02:29:38.000Z","volume":2000,"label":" ","price":8.41},{"type":"A","date":"2018-04-10T02:29:38.000Z","volume":2000,"label":" ","price":8.41},{"type":"A","date":"2018-04-10T02:29:38.000Z","volume":1000,"label":" ","price":8.41},{"type":"A","date":"2018-04-10T02:29:38.000Z","volume":1000,"label":" ","price":8.41},{"type":"A","date":"2018-04-10T02:30:12.000Z","volume":9500,"label":" ","price":8.41},{"type":"B","date":"2018-04-10T02:30:16.000Z","volume":500,"label":" ","price":8.4},{"type":"B","date":"2018-04-10T02:31:12.000Z","volume":82500,"label":" ","price":8.4},{"type":"A","date":"2018-04-10T02:31:14.000Z","volume":10000,"label":" ","price":8.4},{"type":"U","date":"2018-04-10T02:31:14.000Z","volume":4500,"label":"X","price":8.4},{"type":"A","date":"2018-04-10T02:31:14.000Z","volume":6000,"label":" ","price":8.4},{"type":"A","date":"2018-04-10T02:31:54.000Z","volume":102000,"label":" ","price":8.4},{"type":"A","date":"2018-04-10T02:31:54.000Z","volume":13000,"label":" ","price":8.4},{"type":"B","date":"2018-04-10T02:31:55.000Z","volume":16000,"label":" ","price":8.4},{"type":"B","date":"2018-04-10T02:32:52.000Z","volume":500,"label":" ","price":8.4},{"type":"A","date":"2018-04-10T02:33:02.000Z","volume":7000,"label":" ","price":8.41},{"type":"A","date":"2018-04-10T02:33:02.000Z","volume":3000,"label":" ","price":8.41},{"type":"A","date":"2018-04-10T02:33:02.000Z","volume":6000,"label":"Y","price":8.41},{"type":"A","date":"2018-04-10T02:33:02.000Z","volume":20000,"label":" ","price":8.41},{"type":"A","date":"2018-04-10T02:33:03.000Z","volume":1500,"label":" ","price":8.41},{"type":"A","date":"2018-04-10T02:33:03.000Z","volume":60000,"label":" ","price":8.41},{"type":"A","date":"2018-04-10T02:33:03.000Z","volume":11500,"label":" ","price":8.41},{"type":"A","date":"2018-04-10T02:33:03.000Z","volume":7500,"label":" ","price":8.41},{"type":"A","date":"2018-04-10T02:33:03.000Z","volume":1000,"label":" ","price":8.42},{"type":"B","date":"2018-04-10T02:33:04.000Z","volume":11000,"label":" ","price":8.41},{"type":"A","date":"2018-04-10T02:33:04.000Z","volume":1500,"label":" ","price":8.42},{"type":"A","date":"2018-04-10T02:33:04.000Z","volume":500,"label":" ","price":8.42},{"type":"A","date":"2018-04-10T02:33:34.000Z","volume":1500,"label":" ","price":8.43},{"type":"U","date":"2018-04-10T02:33:37.000Z","volume":4500,"label":"X","price":8.43},{"type":"B","date":"2018-04-10T02:33:48.000Z","volume":15500,"label":"Y","price":8.42},{"type":"B","date":"2018-04-10T02:33:48.000Z","volume":20500,"label":" ","price":8.42},{"type":"B","date":"2018-04-10T02:34:01.000Z","volume":500,"label":" ","price":8.41},{"type":"A","date":"2018-04-10T02:34:12.000Z","volume":18500,"label":" ","price":8.42},{"type":"A","date":"2018-04-10T02:34:12.000Z","volume":9500,"label":" ","price":8.43},{"type":"A","date":"2018-04-10T02:34:12.000Z","volume":2000,"label":" ","price":8.43},{"type":"B","date":"2018-04-10T02:34:13.000Z","volume":5500,"label":" ","price":8.43},{"type":"U","date":"2018-04-10T02:34:17.000Z","volume":500,"label":"X","price":8.407},{"type":"B","date":"2018-04-10T02:34:21.000Z","volume":103000,"label":" ","price":8.43},{"type":"B","date":"2018-04-10T02:34:24.000Z","volume":7500,"label":" ","price":8.42},{"type":"B","date":"2018-04-10T02:36:08.000Z","volume":5000,"label":" ","price":8.41},{"type":"B","date":"2018-04-10T02:36:08.000Z","volume":1000,"label":" ","price":8.41},{"type":"A","date":"2018-04-10T02:37:14.000Z","volume":6000,"label":" ","price":8.42},{"type":"A","date":"2018-04-10T02:38:12.000Z","volume":8500,"label":" ","price":8.42},{"type":"B","date":"2018-04-10T02:38:13.000Z","volume":500,"label":" ","price":8.41},{"type":"B","date":"2018-04-10T02:38:20.000Z","volume":4000,"label":"Y","price":8.41},{"type":"B","date":"2018-04-10T02:38:20.000Z","volume":6000,"label":" ","price":8.41},{"type":"U","date":"2018-04-10T02:38:20.000Z","volume":500,"label":"X","price":8.415},{"type":"B","date":"2018-04-10T02:38:20.000Z","volume":2500,"label":" ","price":8.41},{"type":"A","date":"2018-04-10T02:38:30.000Z","volume":7000,"label":" ","price":8.42},{"type":"B","date":"2018-04-10T02:38:52.000Z","volume":30500,"label":" ","price":8.41},{"type":"A","date":"2018-04-10T02:38:54.000Z","volume":2000,"label":" ","price":8.41},{"type":"A","date":"2018-04-10T02:39:03.000Z","volume":2500,"label":" ","price":8.41},{"type":"B","date":"2018-04-10T02:40:18.000Z","volume":10000,"label":" ","price":8.4},{"type":"B","date":"2018-04-10T02:40:20.000Z","volume":2500,"label":" ","price":8.4},{"type":"A","date":"2018-04-10T02:40:29.000Z","volume":75000,"label":" ","price":8.41},{"type":"B","date":"2018-04-10T02:40:29.000Z","volume":9500,"label":" ","price":8.41},{"type":"B","date":"2018-04-10T02:40:30.000Z","volume":14500,"label":" ","price":8.41},{"type":"A","date":"2018-04-10T02:40:57.000Z","volume":4000,"label":" ","price":8.42},{"type":"B","date":"2018-04-10T02:40:58.000Z","volume":1000,"label":" ","price":8.41},{"type":"B","date":"2018-04-10T02:40:58.000Z","volume":500,"label":" ","price":8.41},{"type":"B","date":"2018-04-10T02:40:58.000Z","volume":500,"label":" ","price":8.41},{"type":"B","date":"2018-04-10T02:40:58.000Z","volume":500,"label":" ","price":8.41},{"type":"A","date":"2018-04-10T02:40:59.000Z","volume":2000,"label":" ","price":8.42},{"type":"A","date":"2018-04-10T02:41:07.000Z","volume":2500,"label":" ","price":8.42},{"type":"B","date":"2018-04-10T02:41:16.000Z","volume":7000,"label":" ","price":8.41},{"type":"B","date":"2018-04-10T02:41:34.000Z","volume":4000,"label":" ","price":8.41},{"type":"A","date":"2018-04-10T02:42:05.000Z","volume":2500,"label":" ","price":8.42},{"type":"A","date":"2018-04-10T02:43:02.000Z","volume":500,"label":" ","price":8.42},{"type":"A","date":"2018-04-10T02:43:13.000Z","volume":1500,"label":" ","price":8.42},{"type":"B","date":"2018-04-10T02:43:48.000Z","volume":500,"label":" ","price":8.41},{"type":"A","date":"2018-04-10T02:44:06.000Z","volume":62500,"label":" ","price":8.42},{"type":"A","date":"2018-04-10T02:44:06.000Z","volume":8000,"label":" ","price":8.42},{"type":"B","date":"2018-04-10T02:44:07.000Z","volume":1000,"label":" ","price":8.42},{"type":"U","date":"2018-04-10T02:44:17.000Z","volume":2000,"label":"X","price":8.418},{"type":"U","date":"2018-04-10T02:44:17.000Z","volume":1000,"label":"X","price":8.418},{"type":"B","date":"2018-04-10T02:45:19.000Z","volume":500,"label":" ","price":8.42},{"type":"B","date":"2018-04-10T02:45:49.000Z","volume":149500,"label":" ","price":8.42},{"type":"A","date":"2018-04-10T02:45:49.000Z","volume":5500,"label":" ","price":8.42},{"type":"A","date":"2018-04-10T02:45:49.000Z","volume":1500,"label":" ","price":8.42},{"type":"B","date":"2018-04-10T02:45:59.000Z","volume":500,"label":" ","price":8.41},{"type":"B","date":"2018-04-10T02:46:49.000Z","volume":500,"label":" ","price":8.41},{"type":"U","date":"2018-04-10T02:47:29.000Z","volume":500,"label":"X","price":8.415},{"type":"B","date":"2018-04-10T02:47:46.000Z","volume":2500,"label":" ","price":8.41},{"type":"B","date":"2018-04-10T02:47:47.000Z","volume":1000,"label":" ","price":8.41},{"type":"U","date":"2018-04-10T02:47:49.000Z","volume":1500,"label":"X","price":8.42},{"type":"B","date":"2018-04-10T02:48:01.000Z","volume":500,"label":" ","price":8.41},{"type":"A","date":"2018-04-10T02:48:10.000Z","volume":2000,"label":" ","price":8.42},{"type":"U","date":"2018-04-10T02:48:12.000Z","volume":500,"label":"X","price":8.42},{"type":"A","date":"2018-04-10T02:48:15.000Z","volume":2500,"label":" ","price":8.42},{"type":"A","date":"2018-04-10T02:48:18.000Z","volume":500,"label":" ","price":8.42},{"type":"B","date":"2018-04-10T02:48:19.000Z","volume":500,"label":" ","price":8.41},{"type":"U","date":"2018-04-10T02:48:23.000Z","volume":53,"label":"D","price":8.42},{"type":"B","date":"2018-04-10T02:49:09.000Z","volume":500,"label":" ","price":8.41},{"type":"U","date":"2018-04-10T02:49:12.000Z","volume":500,"label":"X","price":8.42},{"type":"A","date":"2018-04-10T02:49:20.000Z","volume":2000,"label":" ","price":8.42},{"type":"A","date":"2018-04-10T02:49:23.000Z","volume":500,"label":" ","price":8.42},{"type":"B","date":"2018-04-10T02:49:28.000Z","volume":4000,"label":" ","price":8.41},{"type":"A","date":"2018-04-10T02:49:29.000Z","volume":1000,"label":" ","price":8.42},{"type":"B","date":"2018-04-10T02:49:31.000Z","volume":1500,"label":" ","price":8.41},{"type":"A","date":"2018-04-10T02:49:31.000Z","volume":500,"label":" ","price":8.42},{"type":"B","date":"2018-04-10T02:49:51.000Z","volume":500,"label":" ","price":8.41},{"type":"A","date":"2018-04-10T02:49:53.000Z","volume":500,"label":" ","price":8.42},{"type":"B","date":"2018-04-10T02:50:14.000Z","volume":2500,"label":" ","price":8.41},{"type":"B","date":"2018-04-10T02:50:16.000Z","volume":1000,"label":" ","price":8.41},{"type":"B","date":"2018-04-10T02:50:17.000Z","volume":1000,"label":" ","price":8.41},{"type":"A","date":"2018-04-10T02:50:17.000Z","volume":1500,"label":" ","price":8.42},{"type":"B","date":"2018-04-10T02:50:41.000Z","volume":500,"label":" ","price":8.41},{"type":"A","date":"2018-04-10T02:50:53.000Z","volume":2000,"label":" ","price":8.42},{"type":"A","date":"2018-04-10T02:50:55.000Z","volume":500,"label":" ","price":8.42},{"type":"B","date":"2018-04-10T02:51:03.000Z","volume":2000,"label":" ","price":8.41},{"type":"B","date":"2018-04-10T02:51:04.000Z","volume":500,"label":" ","price":8.41},{"type":"A","date":"2018-04-10T02:51:05.000Z","volume":1000,"label":" ","price":8.42},{"type":"B","date":"2018-04-10T02:51:31.000Z","volume":500,"label":" ","price":8.41},{"type":"B","date":"2018-04-10T02:51:32.000Z","volume":500,"label":" ","price":8.41},{"type":"A","date":"2018-04-10T02:51:32.000Z","volume":500,"label":" ","price":8.42},{"type":"B","date":"2018-04-10T02:52:03.000Z","volume":11000,"label":" ","price":8.41},{"type":"B","date":"2018-04-10T02:52:03.000Z","volume":3000,"label":" ","price":8.41},{"type":"A","date":"2018-04-10T02:52:05.000Z","volume":4500,"label":" ","price":8.42},{"type":"B","date":"2018-04-10T02:52:11.000Z","volume":500,"label":" ","price":8.41},{"type":"B","date":"2018-04-10T02:53:01.000Z","volume":500,"label":" ","price":8.41},{"type":"A","date":"2018-04-10T02:53:01.000Z","volume":500,"label":" ","price":8.42},{"type":"B","date":"2018-04-10T02:53:02.000Z","volume":500,"label":" ","price":8.41},{"type":"A","date":"2018-04-10T02:53:07.000Z","volume":4000,"label":" ","price":8.42},{"type":"A","date":"2018-04-10T02:53:16.000Z","volume":1500,"label":" ","price":8.42},{"type":"B","date":"2018-04-10T02:53:35.000Z","volume":500,"label":" ","price":8.41},{"type":"B","date":"2018-04-10T02:53:52.000Z","volume":500,"label":" ","price":8.41},{"type":"A","date":"2018-04-10T02:53:53.000Z","volume":2000,"label":" ","price":8.42},{"type":"A","date":"2018-04-10T02:53:54.000Z","volume":1000,"label":" ","price":8.42},{"type":"A","date":"2018-04-10T02:54:07.000Z","volume":4000,"label":" ","price":8.42},{"type":"A","date":"2018-04-10T02:54:07.000Z","volume":1000,"label":" ","price":8.42},{"type":"U","date":"2018-04-10T02:54:17.000Z","volume":2000,"label":"X","price":8.418},{"type":"U","date":"2018-04-10T02:54:17.000Z","volume":2000,"label":"X","price":8.418},{"type":"U","date":"2018-04-10T02:54:17.000Z","volume":500,"label":"X","price":8.418},{"type":"A","date":"2018-04-10T02:54:31.000Z","volume":500,"label":" ","price":8.42},{"type":"A","date":"2018-04-10T02:54:32.000Z","volume":500,"label":" ","price":8.42},{"type":"B","date":"2018-04-10T02:54:32.000Z","volume":10000,"label":" ","price":8.41},{"type":"B","date":"2018-04-10T02:54:32.000Z","volume":3000,"label":" ","price":8.41},{"type":"A","date":"2018-04-10T02:54:34.000Z","volume":4000,"label":" ","price":8.42},{"type":"B","date":"2018-04-10T02:54:42.000Z","volume":500,"label":" ","price":8.41},{"type":"A","date":"2018-04-10T02:54:44.000Z","volume":500,"label":" ","price":8.42},{"type":"B","date":"2018-04-10T02:55:08.000Z","volume":1000,"label":" ","price":8.41},{"type":"B","date":"2018-04-10T02:55:09.000Z","volume":500,"label":" ","price":8.41},{"type":"A","date":"2018-04-10T02:55:11.000Z","volume":500,"label":" ","price":8.42},{"type":"B","date":"2018-04-10T02:55:13.000Z","volume":3000,"label":" ","price":8.41},{"type":"A","date":"2018-04-10T02:55:14.000Z","volume":1000,"label":" ","price":8.42},{"type":"B","date":"2018-04-10T02:55:14.000Z","volume":1000,"label":" ","price":8.41},{"type":"B","date":"2018-04-10T02:55:32.000Z","volume":500,"label":" ","price":8.41},{"type":"A","date":"2018-04-10T02:55:35.000Z","volume":500,"label":" ","price":8.42},{"type":"A","date":"2018-04-10T02:56:05.000Z","volume":2000,"label":" ","price":8.42},{"type":"B","date":"2018-04-10T02:56:06.000Z","volume":2000,"label":" ","price":8.41},{"type":"B","date":"2018-04-10T02:56:07.000Z","volume":500,"label":" ","price":8.41},{"type":"A","date":"2018-04-10T02:56:07.000Z","volume":1500,"label":" ","price":8.42},{"type":"B","date":"2018-04-10T02:56:32.000Z","volume":500,"label":" ","price":8.41},{"type":"B","date":"2018-04-10T02:56:49.000Z","volume":2500,"label":" ","price":8.41},{"type":"A","date":"2018-04-10T02:56:49.000Z","volume":1000,"label":" ","price":8.42},{"type":"B","date":"2018-04-10T02:56:50.000Z","volume":500,"label":" ","price":8.41},{"type":"B","date":"2018-04-10T02:56:58.000Z","volume":5000,"label":" ","price":8.41},{"type":"A","date":"2018-04-10T02:56:59.000Z","volume":1500,"label":" ","price":8.42},{"type":"B","date":"2018-04-10T02:56:59.000Z","volume":1000,"label":" ","price":8.41},{"type":"A","date":"2018-04-10T02:57:00.000Z","volume":500,"label":" ","price":8.42},{"type":"A","date":"2018-04-10T02:57:16.000Z","volume":21000,"label":" ","price":8.42},{"type":"A","date":"2018-04-10T02:57:18.000Z","volume":7000,"label":" ","price":8.42},{"type":"B","date":"2018-04-10T02:57:23.000Z","volume":500,"label":" ","price":8.41},{"type":"B","date":"2018-04-10T02:57:24.000Z","volume":2000,"label":" ","price":8.41},{"type":"B","date":"2018-04-10T02:57:26.000Z","volume":500,"label":" ","price":8.41},{"type":"A","date":"2018-04-10T02:57:30.000Z","volume":1000,"label":" ","price":8.42},{"type":"A","date":"2018-04-10T02:57:41.000Z","volume":1500,"label":" ","price":8.42},{"type":"B","date":"2018-04-10T02:57:47.000Z","volume":1000,"label":" ","price":8.41},{"type":"A","date":"2018-04-10T02:57:49.000Z","volume":1000,"label":" ","price":8.42},{"type":"B","date":"2018-04-10T02:58:11.000Z","volume":2500,"label":" ","price":8.41},{"type":"B","date":"2018-04-10T02:58:12.000Z","volume":500,"label":" ","price":8.41},{"type":"B","date":"2018-04-10T02:58:14.000Z","volume":500,"label":" ","price":8.41},{"type":"A","date":"2018-04-10T02:58:14.000Z","volume":1000,"label":" ","price":8.42},{"type":"A","date":"2018-04-10T02:58:22.000Z","volume":5500,"label":" ","price":8.42},{"type":"A","date":"2018-04-10T02:58:23.000Z","volume":2000,"label":" ","price":8.42},{"type":"B","date":"2018-04-10T02:58:47.000Z","volume":2000,"label":" ","price":8.41},{"type":"A","date":"2018-04-10T02:58:48.000Z","volume":500,"label":" ","price":8.42},{"type":"B","date":"2018-04-10T02:58:48.000Z","volume":500,"label":" ","price":8.41},{"type":"U","date":"2018-04-10T02:58:52.000Z","volume":5500,"label":"X","price":8.416},{"type":"U","date":"2018-04-10T02:58:52.000Z","volume":2000,"label":"X","price":8.416},{"type":"U","date":"2018-04-10T02:58:52.000Z","volume":3500,"label":"X","price":8.416},{"type":"U","date":"2018-04-10T02:59:14.000Z","volume":500,"label":"X","price":8.415},{"type":"B","date":"2018-04-10T02:59:32.000Z","volume":3000,"label":" ","price":8.41},{"type":"A","date":"2018-04-10T02:59:33.000Z","volume":1000,"label":" ","price":8.42},{"type":"B","date":"2018-04-10T02:59:34.000Z","volume":500,"label":" ","price":8.41},{"type":"A","date":"2018-04-10T02:59:35.000Z","volume":500,"label":" ","price":8.42},{"type":"B","date":"2018-04-10T02:59:50.000Z","volume":500,"label":" ","price":8.41},{"type":"A","date":"2018-04-10T02:59:50.000Z","volume":19500,"label":" ","price":8.42},{"type":"A","date":"2018-04-10T02:59:51.000Z","volume":6500,"label":"Y","price":8.42},{"type":"B","date":"2018-04-10T03:00:03.000Z","volume":22500,"label":"Y","price":8.41},{"type":"B","date":"2018-04-10T03:00:03.000Z","volume":409500,"label":" ","price":8.41},{"type":"B","date":"2018-04-10T03:00:03.000Z","volume":5500,"label":" ","price":8.41},{"type":"B","date":"2018-04-10T03:00:03.000Z","volume":6500,"label":" ","price":8.41},{"type":"A","date":"2018-04-10T03:00:05.000Z","volume":17500,"label":" ","price":8.41},{"type":"B","date":"2018-04-10T03:00:15.000Z","volume":60500,"label":" ","price":8.4},{"type":"B","date":"2018-04-10T03:00:15.000Z","volume":8500,"label":" ","price":8.4},{"type":"B","date":"2018-04-10T03:00:15.000Z","volume":102500,"label":" ","price":8.4},{"type":"B","date":"2018-04-10T03:00:15.000Z","volume":1500,"label":" ","price":8.39},{"type":"B","date":"2018-04-10T03:00:15.000Z","volume":7000,"label":" ","price":8.39},{"type":"B","date":"2018-04-10T03:00:16.000Z","volume":5500,"label":" ","price":8.39},{"type":"B","date":"2018-04-10T03:00:16.000Z","volume":1000,"label":" ","price":8.39},{"type":"B","date":"2018-04-10T03:00:17.000Z","volume":4000,"label":" ","price":8.39},{"type":"B","date":"2018-04-10T03:00:17.000Z","volume":17000,"label":" ","price":8.39},{"type":"U","date":"2018-04-10T03:00:17.000Z","volume":8000,"label":"X","price":8.4},{"type":"A","date":"2018-04-10T03:00:17.000Z","volume":15000,"label":" ","price":8.4},{"type":"B","date":"2018-04-10T03:00:17.000Z","volume":500,"label":"Y","price":8.38},{"type":"B","date":"2018-04-10T03:00:17.000Z","volume":1000,"label":" ","price":8.38},{"type":"B","date":"2018-04-10T03:00:31.000Z","volume":500,"label":" ","price":8.38},{"type":"B","date":"2018-04-10T03:00:31.000Z","volume":500,"label":" ","price":8.38},{"type":"B","date":"2018-04-10T03:00:31.000Z","volume":500,"label":" ","price":8.38},{"type":"B","date":"2018-04-10T03:00:31.000Z","volume":500,"label":" ","price":8.38},{"type":"B","date":"2018-04-10T03:00:31.000Z","volume":500,"label":" ","price":8.38},{"type":"B","date":"2018-04-10T03:00:31.000Z","volume":1500,"label":" ","price":8.38},{"type":"B","date":"2018-04-10T03:00:32.000Z","volume":500,"label":" ","price":8.38},{"type":"U","date":"2018-04-10T03:00:41.000Z","volume":41500,"label":" ","price":8.38},{"type":"U","date":"2018-04-10T03:00:41.000Z","volume":2000,"label":"Y","price":8.38},{"type":"U","date":"2018-04-10T03:00:41.000Z","volume":18000,"label":" ","price":8.38},{"type":"A","date":"2018-04-10T03:00:42.000Z","volume":26000,"label":" ","price":8.38},{"type":"A","date":"2018-04-10T03:00:42.000Z","volume":50000,"label":"Y","price":8.38},{"type":"A","date":"2018-04-10T03:00:42.000Z","volume":25500,"label":" ","price":8.38},{"type":"B","date":"2018-04-10T03:00:42.000Z","volume":19500,"label":" ","price":8.38},{"type":"B","date":"2018-04-10T03:00:42.000Z","volume":18000,"label":" ","price":8.38},{"type":"A","date":"2018-04-10T03:00:43.000Z","volume":20500,"label":" ","price":8.38},{"type":"A","date":"2018-04-10T03:00:43.000Z","volume":40000,"label":" ","price":8.39},{"type":"A","date":"2018-04-10T03:00:45.000Z","volume":5500,"label":" ","price":8.39},{"type":"A","date":"2018-04-10T03:00:48.000Z","volume":32500,"label":" ","price":8.4},{"type":"A","date":"2018-04-10T03:00:58.000Z","volume":10000,"label":" ","price":8.4},{"type":"A","date":"2018-04-10T03:01:01.000Z","volume":4500,"label":" ","price":8.4},{"type":"U","date":"2018-04-10T03:01:25.000Z","volume":2000,"label":"X","price":8.4},{"type":"B","date":"2018-04-10T03:02:18.000Z","volume":500,"label":" ","price":8.39},{"type":"A","date":"2018-04-10T03:03:17.000Z","volume":2000,"label":" ","price":8.4},{"type":"B","date":"2018-04-10T03:03:18.000Z","volume":24500,"label":" ","price":8.39},{"type":"B","date":"2018-04-10T03:03:18.000Z","volume":7000,"label":" ","price":8.39},{"type":"B","date":"2018-04-10T03:03:47.000Z","volume":20000,"label":" ","price":8.39},{"type":"B","date":"2018-04-10T03:03:47.000Z","volume":5500,"label":" ","price":8.39},{"type":"B","date":"2018-04-10T03:03:47.000Z","volume":13000,"label":" ","price":8.39},{"type":"B","date":"2018-04-10T03:03:47.000Z","volume":45500,"label":" ","price":8.39},{"type":"A","date":"2018-04-10T03:04:07.000Z","volume":4500,"label":" ","price":8.39},{"type":"B","date":"2018-04-10T03:04:28.000Z","volume":500,"label":" ","price":8.38},{"type":"U","date":"2018-04-10T03:06:25.000Z","volume":3000,"label":"X","price":8.39},{"type":"B","date":"2018-04-10T03:06:31.000Z","volume":2000,"label":" ","price":8.38},{"type":"B","date":"2018-04-10T03:06:31.000Z","volume":500,"label":" ","price":8.38},{"type":"B","date":"2018-04-10T03:08:00.000Z","volume":8000,"label":" ","price":8.38},{"type":"B","date":"2018-04-10T03:08:00.000Z","volume":2500,"label":" ","price":8.38},{"type":"A","date":"2018-04-10T03:08:16.000Z","volume":500,"label":"Y","price":8.39},{"type":"B","date":"2018-04-10T03:08:34.000Z","volume":10000,"label":" ","price":8.38},{"type":"B","date":"2018-04-10T03:08:34.000Z","volume":2500,"label":" ","price":8.38},{"type":"B","date":"2018-04-10T03:09:46.000Z","volume":9000,"label":" ","price":8.38},{"type":"B","date":"2018-04-10T03:09:46.000Z","volume":3000,"label":" ","price":8.38},{"type":"B","date":"2018-04-10T03:10:01.000Z","volume":500,"label":" ","price":8.38},{"type":"A","date":"2018-04-10T03:10:47.000Z","volume":500,"label":"Y","price":8.39},{"type":"B","date":"2018-04-10T03:10:58.000Z","volume":2500,"label":" ","price":8.38},{"type":"B","date":"2018-04-10T03:10:59.000Z","volume":500,"label":" ","price":8.38},{"type":"B","date":"2018-04-10T03:11:31.000Z","volume":500,"label":" ","price":8.38},{"type":"B","date":"2018-04-10T03:13:01.000Z","volume":10000,"label":" ","price":8.38},{"type":"B","date":"2018-04-10T03:13:02.000Z","volume":3000,"label":" ","price":8.38},{"type":"A","date":"2018-04-10T03:13:39.000Z","volume":3000,"label":" ","price":8.39},{"type":"B","date":"2018-04-10T03:14:49.000Z","volume":10000,"label":" ","price":8.38},{"type":"B","date":"2018-04-10T03:14:49.000Z","volume":2500,"label":" ","price":8.38},{"type":"A","date":"2018-04-10T03:15:04.000Z","volume":8000,"label":"Y","price":8.39},{"type":"A","date":"2018-04-10T03:15:04.000Z","volume":116000,"label":" ","price":8.39},{"type":"A","date":"2018-04-10T03:15:06.000Z","volume":6000,"label":" ","price":8.39},{"type":"A","date":"2018-04-10T03:15:20.000Z","volume":2000,"label":" ","price":8.39},{"type":"B","date":"2018-04-10T03:16:03.000Z","volume":500,"label":"Y","price":8.38},{"type":"B","date":"2018-04-10T03:16:03.000Z","volume":7500,"label":" ","price":8.38},{"type":"B","date":"2018-04-10T03:16:03.000Z","volume":2000,"label":" ","price":8.38},{"type":"A","date":"2018-04-10T03:16:09.000Z","volume":500,"label":"Y","price":8.39},{"type":"U","date":"2018-04-10T03:16:25.000Z","volume":1500,"label":"X","price":8.386},{"type":"U","date":"2018-04-10T03:16:25.000Z","volume":3000,"label":"X","price":8.386},{"type":"U","date":"2018-04-10T03:16:25.000Z","volume":4500,"label":"X","price":8.386},{"type":"A","date":"2018-04-10T03:16:25.000Z","volume":14500,"label":" ","price":8.39},{"type":"A","date":"2018-04-10T03:16:52.000Z","volume":27500,"label":" ","price":8.39},{"type":"B","date":"2018-04-10T03:16:54.000Z","volume":4000,"label":" ","price":8.39},{"type":"A","date":"2018-04-10T03:17:15.000Z","volume":32000,"label":" ","price":8.4},{"type":"A","date":"2018-04-10T03:17:35.000Z","volume":3000,"label":" ","price":8.4},{"type":"A","date":"2018-04-10T03:17:48.000Z","volume":1000,"label":" ","price":8.4},{"type":"A","date":"2018-04-10T03:18:40.000Z","volume":500,"label":" ","price":8.4},{"type":"B","date":"2018-04-10T03:18:41.000Z","volume":80000,"label":" ","price":8.39},{"type":"B","date":"2018-04-10T03:18:41.000Z","volume":10500,"label":" ","price":8.39},{"type":"B","date":"2018-04-10T03:18:41.000Z","volume":12500,"label":" ","price":8.39},{"type":"A","date":"2018-04-10T03:19:37.000Z","volume":4000,"label":" ","price":8.4},{"type":"B","date":"2018-04-10T03:20:13.000Z","volume":5000,"label":" ","price":8.39},{"type":"B","date":"2018-04-10T03:20:13.000Z","volume":1500,"label":" ","price":8.39},{"type":"A","date":"2018-04-10T03:20:52.000Z","volume":5000,"label":" ","price":8.4},{"type":"U","date":"2018-04-10T03:20:55.000Z","volume":1500,"label":"X","price":8.4},{"type":"A","date":"2018-04-10T03:21:21.000Z","volume":500,"label":" ","price":8.4},{"type":"B","date":"2018-04-10T03:22:13.000Z","volume":1000,"label":" ","price":8.39},{"type":"A","date":"2018-04-10T03:22:18.000Z","volume":5000,"label":" ","price":8.4},{"type":"A","date":"2018-04-10T03:22:32.000Z","volume":2000,"label":" ","price":8.4},{"type":"A","date":"2018-04-10T03:22:52.000Z","volume":500,"label":"Y","price":8.4},{"type":"A","date":"2018-04-10T03:22:52.000Z","volume":3000,"label":" ","price":8.4},{"type":"A","date":"2018-04-10T03:23:22.000Z","volume":10000,"label":" ","price":8.4},{"type":"A","date":"2018-04-10T03:24:01.000Z","volume":500,"label":" ","price":8.4},{"type":"U","date":"2018-04-10T03:24:02.000Z","volume":500,"label":"X","price":8.4},{"type":"A","date":"2018-04-10T03:24:37.000Z","volume":3500,"label":" ","price":8.4},{"type":"U","date":"2018-04-10T03:24:39.000Z","volume":1500,"label":"X","price":8.4},{"type":"A","date":"2018-04-10T03:24:45.000Z","volume":1500,"label":" ","price":8.4},{"type":"B","date":"2018-04-10T03:25:28.000Z","volume":2000,"label":" ","price":8.39},{"type":"U","date":"2018-04-10T03:25:28.000Z","volume":500,"label":"X","price":8.395},{"type":"U","date":"2018-04-10T03:26:25.000Z","volume":6500,"label":"X","price":8.393},{"type":"U","date":"2018-04-10T03:26:25.000Z","volume":3500,"label":"X","price":8.393},{"type":"A","date":"2018-04-10T03:26:27.000Z","volume":2000,"label":" ","price":8.4},{"type":"U","date":"2018-04-10T03:26:29.000Z","volume":1000,"label":"X","price":8.4},{"type":"B","date":"2018-04-10T03:26:30.000Z","volume":4500,"label":" ","price":8.39},{"type":"A","date":"2018-04-10T03:26:32.000Z","volume":500,"label":"Y","price":8.4},{"type":"U","date":"2018-04-10T03:26:45.000Z","volume":4500,"label":"X","price":8.4},{"type":"A","date":"2018-04-10T03:26:45.000Z","volume":24500,"label":"Y","price":8.4},{"type":"A","date":"2018-04-10T03:26:45.000Z","volume":180000,"label":" ","price":8.4},{"type":"A","date":"2018-04-10T03:26:45.000Z","volume":4500,"label":" ","price":8.4},{"type":"U","date":"2018-04-10T03:26:46.000Z","volume":15000,"label":" ","price":8.4},{"type":"A","date":"2018-04-10T03:26:46.000Z","volume":6000,"label":" ","price":8.4},{"type":"A","date":"2018-04-10T03:26:52.000Z","volume":5500,"label":" ","price":8.4},{"type":"A","date":"2018-04-10T03:26:52.000Z","volume":5500,"label":" ","price":8.4},{"type":"A","date":"2018-04-10T03:26:52.000Z","volume":5000,"label":" ","price":8.4},{"type":"A","date":"2018-04-10T03:26:53.000Z","volume":4000,"label":" ","price":8.4},{"type":"A","date":"2018-04-10T03:26:55.000Z","volume":500,"label":" ","price":8.4},{"type":"A","date":"2018-04-10T03:27:27.000Z","volume":1000,"label":" ","price":8.4},{"type":"U","date":"2018-04-10T03:27:29.000Z","volume":1000,"label":"X","price":8.4},{"type":"U","date":"2018-04-10T03:27:29.000Z","volume":500,"label":"X","price":8.4},{"type":"U","date":"2018-04-10T03:27:29.000Z","volume":500,"label":"X","price":8.4},{"type":"A","date":"2018-04-10T03:27:37.000Z","volume":8000,"label":" ","price":8.4},{"type":"A","date":"2018-04-10T03:27:38.000Z","volume":2500,"label":" ","price":8.4},{"type":"A","date":"2018-04-10T03:28:16.000Z","volume":500,"label":" ","price":8.4},{"type":"U","date":"2018-04-10T03:28:29.000Z","volume":375,"label":"D","price":8.4},{"type":"B","date":"2018-04-10T03:28:35.000Z","volume":10000,"label":" ","price":8.39},{"type":"B","date":"2018-04-10T03:28:35.000Z","volume":2500,"label":" ","price":8.39},{"type":"A","date":"2018-04-10T03:29:02.000Z","volume":110500,"label":" ","price":8.4},{"type":"U","date":"2018-04-10T03:29:03.000Z","volume":2000,"label":" ","price":8.4},{"type":"B","date":"2018-04-10T03:29:04.000Z","volume":1000,"label":" ","price":8.4},{"type":"B","date":"2018-04-10T03:29:04.000Z","volume":2500,"label":" ","price":8.4},{"type":"B","date":"2018-04-10T03:29:05.000Z","volume":3500,"label":" ","price":8.4},{"type":"B","date":"2018-04-10T03:29:06.000Z","volume":1000,"label":" ","price":8.4},{"type":"A","date":"2018-04-10T03:29:14.000Z","volume":500,"label":" ","price":8.41},{"type":"A","date":"2018-04-10T03:30:15.000Z","volume":195500,"label":" ","price":8.41},{"type":"A","date":"2018-04-10T03:30:15.000Z","volume":48500,"label":" ","price":8.41},{"type":"U","date":"2018-04-10T03:30:42.000Z","volume":1000,"label":" ","price":8.41},{"type":"B","date":"2018-04-10T03:30:43.000Z","volume":4000,"label":" ","price":8.41},{"type":"B","date":"2018-04-10T03:30:43.000Z","volume":1500,"label":" ","price":8.41},{"type":"U","date":"2018-04-10T03:30:44.000Z","volume":2500,"label":"X","price":8.42},{"type":"B","date":"2018-04-10T03:30:47.000Z","volume":3500,"label":" ","price":8.41},{"type":"B","date":"2018-04-10T03:30:59.000Z","volume":2000,"label":" ","price":8.41},{"type":"A","date":"2018-04-10T03:31:01.000Z","volume":1000,"label":" ","price":8.42},{"type":"U","date":"2018-04-10T03:31:18.000Z","volume":2500,"label":"X","price":8.406},{"type":"U","date":"2018-04-10T03:31:18.000Z","volume":1500,"label":"X","price":8.406},{"type":"U","date":"2018-04-10T03:31:18.000Z","volume":500,"label":"X","price":8.406},{"type":"B","date":"2018-04-10T03:31:23.000Z","volume":3500,"label":" ","price":8.41},{"type":"A","date":"2018-04-10T03:31:24.000Z","volume":1000,"label":" ","price":8.42},{"type":"A","date":"2018-04-10T03:31:54.000Z","volume":500,"label":" ","price":8.42},{"type":"U","date":"2018-04-10T03:33:16.000Z","volume":1500,"label":"X","price":8.42},{"type":"A","date":"2018-04-10T03:33:16.000Z","volume":500,"label":"Y","price":8.42},{"type":"A","date":"2018-04-10T03:33:18.000Z","volume":500,"label":" ","price":8.42},{"type":"U","date":"2018-04-10T03:33:46.000Z","volume":3000,"label":"X","price":8.42},{"type":"A","date":"2018-04-10T03:34:06.000Z","volume":2000,"label":" ","price":8.42},{"type":"A","date":"2018-04-10T03:34:07.000Z","volume":500,"label":" ","price":8.42},{"type":"B","date":"2018-04-10T03:34:12.000Z","volume":19000,"label":" ","price":8.41},{"type":"B","date":"2018-04-10T03:34:12.000Z","volume":10000,"label":" ","price":8.41},{"type":"B","date":"2018-04-10T03:34:12.000Z","volume":71500,"label":" ","price":8.41},{"type":"B","date":"2018-04-10T03:34:12.000Z","volume":118500,"label":" ","price":8.41},{"type":"B","date":"2018-04-10T03:34:12.000Z","volume":35500,"label":" ","price":8.41},{"type":"B","date":"2018-04-10T03:34:12.000Z","volume":99000,"label":" ","price":8.4},{"type":"B","date":"2018-04-10T03:34:12.000Z","volume":4500,"label":" ","price":8.41},{"type":"B","date":"2018-04-10T03:34:12.000Z","volume":4000,"label":" ","price":8.41},{"type":"B","date":"2018-04-10T03:34:12.000Z","volume":12000,"label":" ","price":8.4},{"type":"B","date":"2018-04-10T03:34:12.000Z","volume":26000,"label":" ","price":8.41},{"type":"B","date":"2018-04-10T03:34:12.000Z","volume":16000,"label":" ","price":8.41},{"type":"B","date":"2018-04-10T03:34:14.000Z","volume":3000,"label":" ","price":8.4},{"type":"B","date":"2018-04-10T03:34:19.000Z","volume":20500,"label":" ","price":8.39},{"type":"B","date":"2018-04-10T03:34:23.000Z","volume":16500,"label":" ","price":8.39},{"type":"B","date":"2018-04-10T03:34:24.000Z","volume":10500,"label":" ","price":8.39},{"type":"U","date":"2018-04-10T03:34:25.000Z","volume":1500,"label":"X","price":8.39},{"type":"B","date":"2018-04-10T03:34:26.000Z","volume":14000,"label":" ","price":8.39},{"type":"B","date":"2018-04-10T03:34:26.000Z","volume":31500,"label":" ","price":8.39},{"type":"B","date":"2018-04-10T03:34:31.000Z","volume":500,"label":" ","price":8.37},{"type":"U","date":"2018-04-10T03:34:46.000Z","volume":2000,"label":"X","price":8.37},{"type":"U","date":"2018-04-10T03:35:15.000Z","volume":500,"label":"X","price":8.404},{"type":"B","date":"2018-04-10T03:35:51.000Z","volume":9000,"label":" ","price":8.37},{"type":"B","date":"2018-04-10T03:37:51.000Z","volume":500,"label":" ","price":8.37},{"type":"B","date":"2018-04-10T03:38:05.000Z","volume":2000,"label":" ","price":8.37},{"type":"B","date":"2018-04-10T03:38:20.000Z","volume":6000,"label":" ","price":8.37},{"type":"B","date":"2018-04-10T03:38:47.000Z","volume":7500,"label":"Y","price":8.37},{"type":"B","date":"2018-04-10T03:38:47.000Z","volume":2000,"label":" ","price":8.37},{"type":"B","date":"2018-04-10T03:39:50.000Z","volume":1500,"label":"Y","price":8.37},{"type":"B","date":"2018-04-10T03:39:50.000Z","volume":500,"label":" ","price":8.37},{"type":"A","date":"2018-04-10T03:40:27.000Z","volume":500,"label":" ","price":8.38},{"type":"A","date":"2018-04-10T03:40:50.000Z","volume":5000,"label":" ","price":8.38},{"type":"U","date":"2018-04-10T03:43:08.000Z","volume":1500,"label":"X","price":8.375},{"type":"A","date":"2018-04-10T03:43:38.000Z","volume":500,"label":" ","price":8.38},{"type":"A","date":"2018-04-10T03:45:07.000Z","volume":134500,"label":" ","price":8.38},{"type":"A","date":"2018-04-10T03:45:08.000Z","volume":58500,"label":" ","price":8.39},{"type":"A","date":"2018-04-10T03:45:08.000Z","volume":41000,"label":" ","price":8.39},{"type":"A","date":"2018-04-10T03:45:09.000Z","volume":19500,"label":" ","price":8.4},{"type":"B","date":"2018-04-10T03:45:56.000Z","volume":500,"label":" ","price":8.38},{"type":"A","date":"2018-04-10T03:46:09.000Z","volume":2000,"label":"Y","price":8.4},{"type":"A","date":"2018-04-10T03:46:09.000Z","volume":1000,"label":" ","price":8.4},{"type":"A","date":"2018-04-10T03:46:10.000Z","volume":1500,"label":" ","price":8.4},{"type":"U","date":"2018-04-10T03:46:21.000Z","volume":1500,"label":"X","price":8.386},{"type":"U","date":"2018-04-10T03:46:21.000Z","volume":1000,"label":"X","price":8.386},{"type":"U","date":"2018-04-10T03:46:21.000Z","volume":500,"label":"X","price":8.386},{"type":"A","date":"2018-04-10T03:46:33.000Z","volume":6000,"label":" ","price":8.4},{"type":"B","date":"2018-04-10T03:46:33.000Z","volume":500,"label":" ","price":8.39},{"type":"U","date":"2018-04-10T03:46:36.000Z","volume":3000,"label":"X","price":8.4},{"type":"B","date":"2018-04-10T03:46:37.000Z","volume":500,"label":" ","price":8.39},{"type":"A","date":"2018-04-10T03:46:37.000Z","volume":3500,"label":" ","price":8.4},{"type":"A","date":"2018-04-10T03:46:37.000Z","volume":3500,"label":" ","price":8.4},{"type":"A","date":"2018-04-10T03:46:37.000Z","volume":1000,"label":" ","price":8.4},{"type":"B","date":"2018-04-10T03:46:52.000Z","volume":56500,"label":" ","price":8.4},{"type":"B","date":"2018-04-10T03:46:52.000Z","volume":6500,"label":" ","price":8.39},{"type":"B","date":"2018-04-10T03:46:57.000Z","volume":500,"label":" ","price":8.39},{"type":"A","date":"2018-04-10T03:49:41.000Z","volume":500,"label":" ","price":8.4},{"type":"A","date":"2018-04-10T03:54:33.000Z","volume":500,"label":" ","price":8.4},{"type":"B","date":"2018-04-10T03:54:33.000Z","volume":500,"label":" ","price":8.39},{"type":"A","date":"2018-04-10T03:54:42.000Z","volume":2500,"label":" ","price":8.4},{"type":"B","date":"2018-04-10T03:54:42.000Z","volume":1000,"label":" ","price":8.39},{"type":"B","date":"2018-04-10T03:54:45.000Z","volume":500,"label":" ","price":8.39},{"type":"A","date":"2018-04-10T03:55:24.000Z","volume":7500,"label":" ","price":8.4},{"type":"B","date":"2018-04-10T03:55:24.000Z","volume":2000,"label":" ","price":8.39},{"type":"B","date":"2018-04-10T03:55:27.000Z","volume":500,"label":" ","price":8.39},{"type":"U","date":"2018-04-10T03:56:21.000Z","volume":500,"label":"X","price":8.399},{"type":"A","date":"2018-04-10T03:57:37.000Z","volume":500,"label":" ","price":8.4},{"type":"A","date":"2018-04-10T03:57:37.000Z","volume":1000,"label":" ","price":8.4},{"type":"U","date":"2018-04-10T03:58:21.000Z","volume":1000,"label":"X","price":8.4},{"type":"A","date":"2018-04-10T03:58:22.000Z","volume":500,"label":" ","price":8.4},{"type":"A","date":"2018-04-10T03:58:37.000Z","volume":2000,"label":" ","price":8.4},{"type":"A","date":"2018-04-10T03:58:40.000Z","volume":2000,"label":" ","price":8.4},{"type":"B","date":"2018-04-10T03:58:41.000Z","volume":1000,"label":" ","price":8.39},{"type":"B","date":"2018-04-10T03:58:56.000Z","volume":4500,"label":" ","price":8.39},{"type":"B","date":"2018-04-10T03:58:56.000Z","volume":1000,"label":" ","price":8.39},{"type":"U","date":"2018-04-10T03:59:00.000Z","volume":1500,"label":"X","price":8.39},{"type":"U","date":"2018-04-10T03:59:00.000Z","volume":500,"label":"X","price":8.39},{"type":"B","date":"2018-04-10T03:59:01.000Z","volume":500,"label":" ","price":8.39},{"type":"A","date":"2018-04-10T03:59:02.000Z","volume":5000,"label":" ","price":8.4},{"type":"A","date":"2018-04-10T03:59:30.000Z","volume":1000,"label":" ","price":8.4},{"type":"A","date":"2018-04-10T03:59:30.000Z","volume":3000,"label":" ","price":8.4},{"type":"B","date":"2018-04-10T03:59:31.000Z","volume":1000,"label":"Y","price":8.39},{"type":"B","date":"2018-04-10T03:59:31.000Z","volume":1500,"label":" ","price":8.39},{"type":"A","date":"2018-04-10T03:59:37.000Z","volume":1500,"label":" ","price":8.4},{"type":"A","date":"2018-04-10T03:59:37.000Z","volume":500,"label":" ","price":8.4},{"type":"B","date":"2018-04-10T05:00:01.000Z","volume":8000,"label":" ","price":8.39},{"type":"A","date":"2018-04-10T05:00:02.000Z","volume":5000,"label":" ","price":8.4},{"type":"B","date":"2018-04-10T05:00:02.000Z","volume":1500,"label":" ","price":8.39},{"type":"A","date":"2018-04-10T05:00:18.000Z","volume":1500,"label":" ","price":8.4},{"type":"A","date":"2018-04-10T05:00:21.000Z","volume":1000,"label":" ","price":8.4},{"type":"A","date":"2018-04-10T05:00:22.000Z","volume":98500,"label":" ","price":8.4},{"type":"A","date":"2018-04-10T05:00:22.000Z","volume":58500,"label":" ","price":8.4},{"type":"U","date":"2018-04-10T05:00:48.000Z","volume":3000,"label":"X","price":8.41},{"type":"U","date":"2018-04-10T05:01:11.000Z","volume":500,"label":"X","price":8.4},{"type":"A","date":"2018-04-10T05:03:06.000Z","volume":5000,"label":" ","price":8.41},{"type":"A","date":"2018-04-10T05:03:14.000Z","volume":20000,"label":" ","price":8.41},{"type":"A","date":"2018-04-10T05:03:42.000Z","volume":5500,"label":"Y","price":8.41},{"type":"A","date":"2018-04-10T05:03:42.000Z","volume":40000,"label":" ","price":8.41},{"type":"A","date":"2018-04-10T05:03:42.000Z","volume":3000,"label":" ","price":8.41},{"type":"A","date":"2018-04-10T05:03:42.000Z","volume":3500,"label":" ","price":8.41},{"type":"A","date":"2018-04-10T05:03:42.000Z","volume":6500,"label":" ","price":8.41},{"type":"A","date":"2018-04-10T05:03:58.000Z","volume":16000,"label":"Y","price":8.41},{"type":"A","date":"2018-04-10T05:03:58.000Z","volume":9000,"label":" ","price":8.41},{"type":"A","date":"2018-04-10T05:03:58.000Z","volume":1500,"label":" ","price":8.41},{"type":"A","date":"2018-04-10T05:04:02.000Z","volume":12500,"label":" ","price":8.41},{"type":"A","date":"2018-04-10T05:04:02.000Z","volume":25000,"label":" ","price":8.41},{"type":"A","date":"2018-04-10T05:04:02.000Z","volume":4500,"label":" ","price":8.41},{"type":"A","date":"2018-04-10T05:04:02.000Z","volume":28000,"label":" ","price":8.41},{"type":"A","date":"2018-04-10T05:04:02.000Z","volume":16000,"label":" ","price":8.41},{"type":"A","date":"2018-04-10T05:06:02.000Z","volume":10000,"label":" ","price":8.42},{"type":"A","date":"2018-04-10T05:06:03.000Z","volume":3500,"label":" ","price":8.42},{"type":"B","date":"2018-04-10T05:06:05.000Z","volume":20000,"label":" ","price":8.41},{"type":"A","date":"2018-04-10T05:06:06.000Z","volume":6500,"label":" ","price":8.42},{"type":"A","date":"2018-04-10T05:06:31.000Z","volume":20000,"label":" ","price":8.42},{"type":"A","date":"2018-04-10T05:06:32.000Z","volume":7000,"label":" ","price":8.42},{"type":"A","date":"2018-04-10T05:07:07.000Z","volume":5000,"label":" ","price":8.42},{"type":"A","date":"2018-04-10T05:07:07.000Z","volume":1500,"label":" ","price":8.42},{"type":"A","date":"2018-04-10T05:07:56.000Z","volume":500,"label":" ","price":8.42},{"type":"A","date":"2018-04-10T05:08:03.000Z","volume":10000,"label":" ","price":8.42},{"type":"A","date":"2018-04-10T05:08:08.000Z","volume":3500,"label":" ","price":8.42},{"type":"B","date":"2018-04-10T05:09:24.000Z","volume":500,"label":" ","price":8.41},{"type":"A","date":"2018-04-10T05:09:29.000Z","volume":4000,"label":" ","price":8.42},{"type":"A","date":"2018-04-10T05:09:29.000Z","volume":1500,"label":" ","price":8.42},{"type":"U","date":"2018-04-10T05:10:11.000Z","volume":500,"label":"X","price":8.419},{"type":"B","date":"2018-04-10T05:10:54.000Z","volume":4000,"label":" ","price":8.41},{"type":"A","date":"2018-04-10T05:10:57.000Z","volume":1500,"label":" ","price":8.42},{"type":"A","date":"2018-04-10T05:11:32.000Z","volume":4500,"label":" ","price":8.42},{"type":"B","date":"2018-04-10T05:11:38.000Z","volume":4000,"label":" ","price":8.41},{"type":"A","date":"2018-04-10T05:11:41.000Z","volume":2500,"label":" ","price":8.42},{"type":"A","date":"2018-04-10T05:11:51.000Z","volume":4500,"label":" ","price":8.42},{"type":"A","date":"2018-04-10T05:11:51.000Z","volume":1500,"label":" ","price":8.42},{"type":"A","date":"2018-04-10T05:11:53.000Z","volume":40000,"label":" ","price":8.42},{"type":"A","date":"2018-04-10T05:11:53.000Z","volume":13500,"label":" ","price":8.42},{"type":"U","date":"2018-04-10T05:12:11.000Z","volume":500,"label":"X","price":8.419},{"type":"B","date":"2018-04-10T05:12:28.000Z","volume":5000,"label":" ","price":8.41},{"type":"A","date":"2018-04-10T05:12:30.000Z","volume":1500,"label":" ","price":8.42},{"type":"B","date":"2018-04-10T05:13:19.000Z","volume":10000,"label":" ","price":8.41},{"type":"A","date":"2018-04-10T05:13:22.000Z","volume":3500,"label":" ","price":8.42},{"type":"A","date":"2018-04-10T05:13:45.000Z","volume":9000,"label":" ","price":8.42},{"type":"A","date":"2018-04-10T05:13:46.000Z","volume":3000,"label":" ","price":8.42},{"type":"U","date":"2018-04-10T05:14:11.000Z","volume":500,"label":"X","price":8.415},{"type":"A","date":"2018-04-10T05:14:25.000Z","volume":500,"label":" ","price":8.42},{"type":"U","date":"2018-04-10T05:14:43.000Z","volume":500,"label":"X","price":8.415},{"type":"B","date":"2018-04-10T05:15:00.000Z","volume":1000,"label":" ","price":8.41},{"type":"A","date":"2018-04-10T05:15:01.000Z","volume":500,"label":" ","price":8.42},{"type":"A","date":"2018-04-10T05:15:02.000Z","volume":4000,"label":" ","price":8.42},{"type":"A","date":"2018-04-10T05:15:02.000Z","volume":1500,"label":" ","price":8.42},{"type":"U","date":"2018-04-10T05:15:32.000Z","volume":468,"label":"D","price":8.44},{"type":"U","date":"2018-04-10T05:16:11.000Z","volume":500,"label":"X","price":8.419},{"type":"A","date":"2018-04-10T05:16:19.000Z","volume":2000,"label":" ","price":8.42},{"type":"A","date":"2018-04-10T05:16:21.000Z","volume":500,"label":" ","price":8.42},{"type":"A","date":"2018-04-10T05:16:51.000Z","volume":2000,"label":" ","price":8.42},{"type":"A","date":"2018-04-10T05:16:54.000Z","volume":500,"label":" ","price":8.42},{"type":"A","date":"2018-04-10T05:17:04.000Z","volume":7500,"label":" ","price":8.42},{"type":"A","date":"2018-04-10T05:17:04.000Z","volume":1000,"label":" ","price":8.42},{"type":"A","date":"2018-04-10T05:17:05.000Z","volume":3000,"label":" ","price":8.42},{"type":"B","date":"2018-04-10T05:17:08.000Z","volume":5000,"label":" ","price":8.41},{"type":"A","date":"2018-04-10T05:17:16.000Z","volume":1500,"label":" ","price":8.42},{"type":"B","date":"2018-04-10T05:17:24.000Z","volume":3000,"label":" ","price":8.41},{"type":"A","date":"2018-04-10T05:17:26.000Z","volume":1000,"label":" ","price":8.42},{"type":"A","date":"2018-04-10T05:17:34.000Z","volume":1000,"label":" ","price":8.42},{"type":"A","date":"2018-04-10T05:17:36.000Z","volume":500,"label":" ","price":8.42},{"type":"A","date":"2018-04-10T05:17:47.000Z","volume":3500,"label":" ","price":8.42},{"type":"A","date":"2018-04-10T05:17:47.000Z","volume":1000,"label":" ","price":8.42},{"type":"A","date":"2018-04-10T05:18:04.000Z","volume":1000,"label":" ","price":8.42},{"type":"A","date":"2018-04-10T05:18:07.000Z","volume":500,"label":" ","price":8.42},{"type":"B","date":"2018-04-10T05:18:24.000Z","volume":6000,"label":" ","price":8.41},{"type":"A","date":"2018-04-10T05:18:27.000Z","volume":2000,"label":" ","price":8.42},{"type":"A","date":"2018-04-10T05:19:17.000Z","volume":3500,"label":" ","price":8.42},{"type":"A","date":"2018-04-10T05:19:18.000Z","volume":1000,"label":" ","price":8.42},{"type":"A","date":"2018-04-10T05:19:40.000Z","volume":8500,"label":" ","price":8.42},{"type":"A","date":"2018-04-10T05:19:41.000Z","volume":3000,"label":" ","price":8.42},{"type":"B","date":"2018-04-10T05:19:57.000Z","volume":1000,"label":" ","price":8.41},{"type":"A","date":"2018-04-10T05:19:58.000Z","volume":500,"label":" ","price":8.42},{"type":"A","date":"2018-04-10T05:20:47.000Z","volume":3500,"label":" ","price":8.42},{"type":"A","date":"2018-04-10T05:20:48.000Z","volume":1000,"label":" ","price":8.42},{"type":"A","date":"2018-04-10T05:21:04.000Z","volume":1000,"label":" ","price":8.42},{"type":"A","date":"2018-04-10T05:21:05.000Z","volume":500,"label":" ","price":8.42},{"type":"A","date":"2018-04-10T05:21:51.000Z","volume":2500,"label":" ","price":8.42},{"type":"U","date":"2018-04-10T05:21:53.000Z","volume":10000,"label":"X","price":8.415},{"type":"U","date":"2018-04-10T05:21:53.000Z","volume":6000,"label":"X","price":8.41},{"type":"A","date":"2018-04-10T05:21:54.000Z","volume":500,"label":" ","price":8.42},{"type":"A","date":"2018-04-10T05:22:17.000Z","volume":3500,"label":" ","price":8.42},{"type":"A","date":"2018-04-10T05:22:18.000Z","volume":1500,"label":" ","price":8.42},{"type":"A","date":"2018-04-10T05:22:34.000Z","volume":12500,"label":" ","price":8.42},{"type":"A","date":"2018-04-10T05:22:35.000Z","volume":500,"label":"Y","price":8.42},{"type":"A","date":"2018-04-10T05:22:35.000Z","volume":500,"label":" ","price":8.42},{"type":"A","date":"2018-04-10T05:22:37.000Z","volume":4500,"label":" ","price":8.42},{"type":"A","date":"2018-04-10T05:23:18.000Z","volume":3000,"label":" ","price":8.42},{"type":"A","date":"2018-04-10T05:23:19.000Z","volume":1000,"label":" ","price":8.42},{"type":"A","date":"2018-04-10T05:23:36.000Z","volume":1000,"label":" ","price":8.42},{"type":"A","date":"2018-04-10T05:23:41.000Z","volume":8500,"label":" ","price":8.42},{"type":"A","date":"2018-04-10T05:23:43.000Z","volume":2500,"label":" ","price":8.42},{"type":"B","date":"2018-04-10T05:23:46.000Z","volume":5000,"label":" ","price":8.41},{"type":"A","date":"2018-04-10T05:23:48.000Z","volume":5500,"label":" ","price":8.42},{"type":"A","date":"2018-04-10T05:25:02.000Z","volume":3500,"label":" ","price":8.42},{"type":"A","date":"2018-04-10T05:25:02.000Z","volume":1000,"label":" ","price":8.42},{"type":"A","date":"2018-04-10T05:25:19.000Z","volume":18000,"label":" ","price":8.42},{"type":"A","date":"2018-04-10T05:25:20.000Z","volume":6000,"label":" ","price":8.42},{"type":"A","date":"2018-04-10T05:25:23.000Z","volume":1000,"label":" ","price":8.42},{"type":"A","date":"2018-04-10T05:25:33.000Z","volume":500,"label":" ","price":8.42},{"type":"A","date":"2018-04-10T05:26:07.000Z","volume":500,"label":" ","price":8.42},{"type":"A","date":"2018-04-10T05:26:07.000Z","volume":500,"label":" ","price":8.42},{"type":"U","date":"2018-04-10T05:26:11.000Z","volume":2000,"label":"X","price":8.419},{"type":"B","date":"2018-04-10T05:26:42.000Z","volume":10000,"label":" ","price":8.41},{"type":"A","date":"2018-04-10T05:26:43.000Z","volume":3000,"label":" ","price":8.42},{"type":"U","date":"2018-04-10T05:26:49.000Z","volume":3000,"label":"X","price":8.42},{"type":"A","date":"2018-04-10T05:27:00.000Z","volume":8500,"label":" ","price":8.42},{"type":"A","date":"2018-04-10T05:27:01.000Z","volume":2000,"label":" ","price":8.42},{"type":"A","date":"2018-04-10T05:27:17.000Z","volume":500,"label":" ","price":8.42},{"type":"A","date":"2018-04-10T05:27:26.000Z","volume":2000,"label":" ","price":8.42},{"type":"B","date":"2018-04-10T05:27:27.000Z","volume":2000,"label":" ","price":8.41},{"type":"A","date":"2018-04-10T05:27:34.000Z","volume":1000,"label":" ","price":8.42},{"type":"A","date":"2018-04-10T05:27:43.000Z","volume":1000,"label":" ","price":8.42},{"type":"A","date":"2018-04-10T05:27:45.000Z","volume":500,"label":" ","price":8.42},{"type":"B","date":"2018-04-10T05:27:55.000Z","volume":50500,"label":" ","price":8.41},{"type":"A","date":"2018-04-10T05:28:07.000Z","volume":18500,"label":" ","price":8.42},{"type":"U","date":"2018-04-10T05:28:11.000Z","volume":500,"label":"X","price":8.414},{"type":"A","date":"2018-04-10T05:28:45.000Z","volume":3000,"label":" ","price":8.42},{"type":"A","date":"2018-04-10T05:29:32.000Z","volume":4500,"label":" ","price":8.42},{"type":"B","date":"2018-04-10T05:29:33.000Z","volume":3000,"label":" ","price":8.41}