[{"type":"A","date":"2018-04-17T01:32:25.000Z","volume":1150000,"label":" ","price":0.026},{"type":"A","date":"2018-04-17T01:33:52.000Z","volume":30000,"label":" ","price":0.027},{"type":"B","date":"2018-04-17T01:35:49.000Z","volume":2000,"label":" ","price":0.026},{"type":"B","date":"2018-04-17T01:45:01.000Z","volume":100000,"label":" ","price":0.026},{"type":"B","date":"2018-04-17T01:52:03.000Z","volume":48000,"label":"Y","price":0.026},{"type":"B","date":"2018-04-17T01:52:03.000Z","volume":2000,"label":" ","price":0.026},{"type":"B","date":"2018-04-17T01:52:03.000Z","volume":1950000,"label":" ","price":0.025},{"type":"B","date":"2018-04-17T01:52:34.000Z","volume":584000,"label":" ","price":0.026},{"type":"A","date":"2018-04-17T01:55:07.000Z","volume":1030000,"label":"Y","price":0.026},{"type":"A","date":"2018-04-17T01:55:07.000Z","volume":50000,"label":" ","price":0.026},{"type":"A","date":"2018-04-17T01:57:36.000Z","volume":336000,"label":"Y","price":0.026},{"type":"B","date":"2018-04-17T01:57:44.000Z","volume":1000000,"label":" ","price":0.026},{"type":"B","date":"2018-04-17T02:00:46.000Z","volume":364000,"label":" ","price":0.026},{"type":"A","date":"2018-04-17T02:01:52.000Z","volume":300000,"label":" ","price":0.026},{"type":"B","date":"2018-04-17T02:04:04.000Z","volume":40000,"label":" ","price":0.025},{"type":"A","date":"2018-04-17T02:04:17.000Z","volume":338000,"label":" ","price":0.026},{"type":"B","date":"2018-04-17T02:04:22.000Z","volume":40000,"label":"Y","price":0.026},{"type":"B","date":"2018-04-17T02:12:00.000Z","volume":822000,"label":" ","price":0.026},{"type":"B","date":"2018-04-17T02:16:58.000Z","volume":400000,"label":" ","price":0.025},{"type":"B","date":"2018-04-17T02:42:16.000Z","volume":1000000,"label":" ","price":0.025},{"type":"B","date":"2018-04-17T02:44:41.000Z","volume":200000,"label":" ","price":0.025},{"type":"B","date":"2018-04-17T03:15:55.000Z","volume":5000000,"label":" ","price":0.025},{"type":"B","date":"2018-04-17T03:19:13.000Z","volume":888000,"label":" ","price":0.025},{"type":"B","date":"2018-04-17T03:26:24.000Z","volume":234000,"label":"Y","price":0.025},{"type":"B","date":"2018-04-17T05:00:09.000Z","volume":4000,"label":" ","price":0.025},{"type":"B","date":"2018-04-17T05:14:11.000Z","volume":120000,"label":" ","price":0.025},{"type":"B","date":"2018-04-17T05:58:15.000Z","volume":600000,"label":" ","price":0.025},{"type":"B","date":"2018-04-17T06:18:03.000Z","volume":2220000,"label":" ","price":0.025},{"type":"A","date":"2018-04-17T06:31:07.000Z","volume":2000,"label":" ","price":0.026},{"type":"B","date":"2018-04-17T06:32:31.000Z","volume":2000,"label":" ","price":0.025},{"type":"A","date":"2018-04-17T06:34:56.000Z","volume":2000,"label":" ","price":0.026},{"type":"B","date":"2018-04-17T06:35:22.000Z","volume":2000,"label":" ","price":0.025},{"type":"A","date":"2018-04-17T06:36:05.000Z","volume":300000,"label":" ","price":0.026},{"type":"A","date":"2018-04-17T06:36:23.000Z","volume":100000,"label":" ","price":0.026},{"type":"A","date":"2018-04-17T06:37:33.000Z","volume":2000,"label":" ","price":0.026},{"type":"A","date":"2018-04-17T06:38:26.000Z","volume":440000,"label":" ","price":0.026},{"type":"A","date":"2018-04-17T06:40:22.000Z","volume":400000,"label":" ","price":0.026},{"type":"A","date":"2018-04-17T06:42:10.000Z","volume":450000,"label":" ","price":0.026},{"type":"A","date":"2018-04-17T06:42:54.000Z","volume":420000,"label":" ","price":0.026},{"type":"A","date":"2018-04-17T06:44:10.000Z","volume":400000,"label":" ","price":0.026},{"type":"A","date":"2018-04-17T06:45:57.000Z","volume":450000,"label":" ","price":0.026},{"type":"A","date":"2018-04-17T06:47:14.000Z","volume":420000,"label":" ","price":0.026},{"type":"A","date":"2018-04-17T06:52:47.000Z","volume":700000,"label":" ","price":0.026},{"type":"A","date":"2018-04-17T06:52:49.000Z","volume":400000,"label":" ","price":0.026},{"type":"A","date":"2018-04-17T06:53:57.000Z","volume":22000,"label":" ","price":0.026},{"type":"A","date":"2018-04-17T06:54:47.000Z","volume":420000,"label":" ","price":0.026},{"type":"A","date":"2018-04-17T06:55:20.000Z","volume":2000,"label":" ","price":0.026},{"type":"B","date":"2018-04-17T06:56:16.000Z","volume":500000,"label":" ","price":0.025},{"type":"B","date":"2018-04-17T07:47:35.000Z","volume":348000,"label":" ","price":0.025},{"type":"A","date":"2018-04-17T07:48:08.000Z","volume":1700000,"label":" ","price":0.026},{"type":"B","date":"2018-04-17T07:51:39.000Z","volume":6000000,"label":" ","price":0.025},{"type":"B","date":"2018-04-17T07:51:43.000Z","volume":2000,"label":" ","price":0.025},{"type":"A","date":"2018-04-17T07:59:08.000Z","volume":2000,"label":" ","price":0.026},{"type":"B","date":"2018-04-17T07:59:56.000Z","volume":960000,"label":" ","price":0.025}]