[{"type":"A","date":"2018-05-04T02:00:41.000Z","volume":8000,"label":" ","price":3.78},{"type":"A","date":"2018-05-04T02:00:41.000Z","volume":30000,"label":"Y","price":3.79},{"type":"A","date":"2018-05-04T02:00:41.000Z","volume":2000,"label":" ","price":3.79},{"type":"B","date":"2018-05-04T02:02:56.000Z","volume":6000,"label":" ","price":3.79},{"type":"A","date":"2018-05-04T02:30:33.000Z","volume":2000,"label":" ","price":3.79},{"type":"B","date":"2018-05-04T02:36:44.000Z","volume":6000,"label":" ","price":3.78},{"type":"A","date":"2018-05-04T02:45:31.000Z","volume":2000,"label":"Y","price":3.79},{"type":"A","date":"2018-05-04T02:45:31.000Z","volume":8000,"label":" ","price":3.79},{"type":"A","date":"2018-05-04T02:53:40.000Z","volume":20000,"label":" ","price":3.79},{"type":"B","date":"2018-05-04T02:59:14.000Z","volume":20000,"label":"Y","price":3.76},{"type":"A","date":"2018-05-04T02:59:59.000Z","volume":10000,"label":" ","price":3.76},{"type":"A","date":"2018-05-04T03:01:59.000Z","volume":4000,"label":" ","price":3.76},{"type":"B","date":"2018-05-04T03:02:14.000Z","volume":16000,"label":" ","price":3.76},{"type":"A","date":"2018-05-04T03:40:21.000Z","volume":6000,"label":" ","price":3.76},{"type":"A","date":"2018-05-04T03:46:23.000Z","volume":10000,"label":" ","price":3.76},{"type":"B","date":"2018-05-04T05:52:23.000Z","volume":12000,"label":"Y","price":3.76},{"type":"B","date":"2018-05-04T06:07:57.000Z","volume":10000,"label":" ","price":3.75},{"type":"B","date":"2018-05-04T06:13:12.000Z","volume":24000,"label":" ","price":3.75},{"type":"B","date":"2018-05-04T06:13:26.000Z","volume":2000,"label":" ","price":3.75},{"type":"B","date":"2018-05-04T06:17:08.000Z","volume":22000,"label":" ","price":3.74},{"type":"B","date":"2018-05-04T06:17:18.000Z","volume":98000,"label":" ","price":3.73},{"type":"B","date":"2018-05-04T06:17:18.000Z","volume":2000,"label":" ","price":3.73},{"type":"B","date":"2018-05-04T06:30:44.000Z","volume":4000,"label":" ","price":3.72},{"type":"B","date":"2018-05-04T06:42:50.000Z","volume":2000,"label":" ","price":3.72},{"type":"A","date":"2018-05-04T06:48:26.000Z","volume":28000,"label":" ","price":3.72},{"type":"B","date":"2018-05-04T07:20:48.000Z","volume":20000,"label":" ","price":3.72},{"type":"B","date":"2018-05-04T07:20:48.000Z","volume":12000,"label":" ","price":3.71},{"type":"B","date":"2018-05-04T07:20:48.000Z","volume":8000,"label":" ","price":3.7},{"type":"B","date":"2018-05-04T07:38:14.000Z","volume":10000,"label":" ","price":3.71},{"type":"A","date":"2018-05-04T07:42:42.000Z","volume":10000,"label":" ","price":3.71},{"type":"B","date":"2018-05-04T07:53:02.000Z","volume":10000,"label":" ","price":3.71},{"type":"A","date":"2018-05-04T07:57:30.000Z","volume":8000,"label":" ","price":3.73}]