[{"type":"A","date":"2018-03-13T07:57:26.000Z","volume":32000,"price":4.35,"category":"ubbull"},{"type":"A","date":"2018-03-13T07:01:01.000Z","volume":22000,"price":4.34,"category":"ubbull"},{"type":"A","date":"2018-03-13T07:01:01.000Z","volume":22000,"price":4.34,"category":"ubbull"},{"type":"A","date":"2018-03-13T06:58:07.000Z","volume":20000,"price":4.34,"category":"ubbull"},{"type":"A","date":"2018-03-13T05:22:21.000Z","volume":32000,"price":4.35,"category":"ubbull"},{"type":"A","date":"2018-03-13T05:22:19.000Z","volume":30000,"price":4.34,"category":"ubbull"},{"type":"A","date":"2018-03-13T05:22:19.000Z","volume":100000,"price":4.34,"category":"ubbull"},{"type":"A","date":"2018-03-13T02:19:14.000Z","volume":16000,"price":4.34,"category":"ubbull"},{"type":"A","date":"2018-03-13T01:50:04.000Z","volume":22000,"price":4.35,"category":"ubbull"},{"type":"A","date":"2018-03-13T07:59:20.000Z","volume":6000,"price":4.35,"category":"bbull"},{"type":"A","date":"2018-03-13T07:59:12.000Z","volume":6000,"price":4.35,"category":"bbull"},{"type":"A","date":"2018-03-13T07:59:05.000Z","volume":6000,"price":4.35,"category":"bbull"},{"type":"A","date":"2018-03-13T07:59:03.000Z","volume":8000,"price":4.35,"category":"bbull"},{"type":"A","date":"2018-03-13T07:59:03.000Z","volume":6000,"price":4.35,"category":"bbull"},{"type":"A","date":"2018-03-13T07:58:55.000Z","volume":8000,"price":4.35,"category":"bbull"},{"type":"A","date":"2018-03-13T07:58:55.000Z","volume":6000,"price":4.35,"category":"bbull"},{"type":"A","date":"2018-03-13T07:58:29.000Z","volume":10000,"price":4.35,"category":"bbull"},{"type":"A","date":"2018-03-13T07:58:11.000Z","volume":8000,"price":4.35,"category":"bbull"},{"type":"A","date":"2018-03-13T07:22:32.000Z","volume":8000,"price":4.34,"category":"bbull"},{"type":"A","date":"2018-03-13T07:01:11.000Z","volume":6000,"price":4.35,"category":"bbull"},{"type":"A","date":"2018-03-13T06:53:48.000Z","volume":10000,"price":4.34,"category":"bbull"},{"type":"A","date":"2018-03-13T06:00:40.000Z","volume":8000,"price":4.35,"category":"bbull"},{"type":"A","date":"2018-03-13T05:27:26.000Z","volume":12000,"price":4.35,"category":"bbull"},{"type":"A","date":"2018-03-13T05:22:23.000Z","volume":8000,"price":4.35,"category":"bbull"},{"type":"A","date":"2018-03-13T05:22:19.000Z","volume":6000,"price":4.34,"category":"bbull"},{"type":"A","date":"2018-03-13T02:23:27.000Z","volume":10000,"price":4.35,"category":"bbull"},{"type":"A","date":"2018-03-13T01:46:40.000Z","volume":8000,"price":4.35,"category":"bbull"},{"type":"A","date":"2018-03-13T01:46:35.000Z","volume":12000,"price":4.34,"category":"bbull"},{"type":"A","date":"2018-03-13T07:59:57.000Z","volume":2000,"price":4.35,"category":"rbull"},{"type":"A","date":"2018-03-13T07:59:56.000Z","volume":2000,"price":4.35,"category":"rbull"},{"type":"A","date":"2018-03-13T07:59:55.000Z","volume":2000,"price":4.35,"category":"rbull"},{"type":"A","date":"2018-03-13T07:59:40.000Z","volume":2000,"price":4.35,"category":"rbull"},{"type":"A","date":"2018-03-13T07:59:32.000Z","volume":2000,"price":4.35,"category":"rbull"},{"type":"A","date":"2018-03-13T07:59:29.000Z","volume":2000,"price":4.35,"category":"rbull"},{"type":"A","date":"2018-03-13T07:59:23.000Z","volume":2000,"price":4.35,"category":"rbull"},{"type":"A","date":"2018-03-13T07:59:20.000Z","volume":2000,"price":4.35,"category":"rbull"},{"type":"A","date":"2018-03-13T07:59:15.000Z","volume":2000,"price":4.35,"category":"rbull"},{"type":"A","date":"2018-03-13T07:59:06.000Z","volume":2000,"price":4.34,"category":"rbull"},{"type":"A","date":"2018-03-13T07:59:06.000Z","volume":2000,"price":4.35,"category":"rbull"},{"type":"A","date":"2018-03-13T07:59:03.000Z","volume":2000,"price":4.35,"category":"rbull"},{"type":"A","date":"2018-03-13T07:59:03.000Z","volume":2000,"price":4.35,"category":"rbull"},{"type":"A","date":"2018-03-13T07:59:02.000Z","volume":2000,"price":4.35,"category":"rbull"},{"type":"A","date":"2018-03-13T07:58:58.000Z","volume":2000,"price":4.35,"category":"rbull"},{"type":"A","date":"2018-03-13T07:58:32.000Z","volume":2000,"price":4.35,"category":"rbull"},{"type":"A","date":"2018-03-13T07:58:32.000Z","volume":2000,"price":4.35,"category":"rbull"},{"type":"A","date":"2018-03-13T07:58:28.000Z","volume":2000,"price":4.35,"category":"rbull"},{"type":"A","date":"2018-03-13T07:58:20.000Z","volume":2000,"price":4.35,"category":"rbull"},{"type":"A","date":"2018-03-13T07:58:12.000Z","volume":2000,"price":4.35,"category":"rbull"},{"type":"A","date":"2018-03-13T07:58:11.000Z","volume":2000,"price":4.35,"category":"rbull"},{"type":"A","date":"2018-03-13T07:57:58.000Z","volume":2000,"price":4.35,"category":"rbull"},{"type":"A","date":"2018-03-13T07:57:55.000Z","volume":2000,"price":4.35,"category":"rbull"},{"type":"A","date":"2018-03-13T07:57:42.000Z","volume":2000,"price":4.35,"category":"rbull"},{"type":"A","date":"2018-03-13T07:57:32.000Z","volume":2000,"price":4.35,"category":"rbull"},{"type":"A","date":"2018-03-13T07:57:26.000Z","volume":2000,"price":4.35,"category":"rbull"},{"type":"A","date":"2018-03-13T07:57:08.000Z","volume":2000,"price":4.35,"category":"rbull"},{"type":"A","date":"2018-03-13T07:56:58.000Z","volume":2000,"price":4.35,"category":"rbull"},{"type":"A","date":"2018-03-13T07:55:28.000Z","volume":2000,"price":4.35,"category":"rbull"},{"type":"A","date":"2018-03-13T07:55:11.000Z","volume":2000,"price":4.34,"category":"rbull"},{"type":"A","date":"2018-03-13T07:55:11.000Z","volume":2000,"price":4.34,"category":"rbull"},{"type":"A","date":"2018-03-13T07:55:06.000Z","volume":2000,"price":4.35,"category":"rbull"},{"type":"A","date":"2018-03-13T07:54:28.000Z","volume":2000,"price":4.35,"category":"rbull"},{"type":"A","date":"2018-03-13T07:50:59.000Z","volume":2000,"price":4.35,"category":"rbull"},{"type":"A","date":"2018-03-13T07:50:20.000Z","volume":2000,"price":4.35,"category":"rbull"},{"type":"A","date":"2018-03-13T07:50:19.000Z","volume":2000,"price":4.35,"category":"rbull"},{"type":"A","date":"2018-03-13T07:45:42.000Z","volume":2000,"price":4.35,"category":"rbull"},{"type":"A","date":"2018-03-13T07:45:20.000Z","volume":2000,"price":4.35,"category":"rbull"},{"type":"A","date":"2018-03-13T07:43:40.000Z","volume":2000,"price":4.35,"category":"rbull"},{"type":"A","date":"2018-03-13T07:40:00.000Z","volume":2000,"price":4.35,"category":"rbull"},{"type":"A","date":"2018-03-13T07:39:39.000Z","volume":2000,"price":4.35,"category":"rbull"},{"type":"A","date":"2018-03-13T07:38:58.000Z","volume":2000,"price":4.35,"category":"rbull"},{"type":"A","date":"2018-03-13T07:34:15.000Z","volume":2000,"price":4.35,"category":"rbull"},{"type":"A","date":"2018-03-13T07:30:00.000Z","volume":2000,"price":4.35,"category":"rbull"},{"type":"A","date":"2018-03-13T07:26:54.000Z","volume":2000,"price":4.35,"category":"rbull"},{"type":"A","date":"2018-03-13T07:22:32.000Z","volume":2000,"price":4.35,"category":"rbull"},{"type":"A","date":"2018-03-13T07:20:14.000Z","volume":2000,"price":4.35,"category":"rbull"},{"type":"A","date":"2018-03-13T07:20:13.000Z","volume":2000,"price":4.35,"category":"rbull"},{"type":"A","date":"2018-03-13T07:10:42.000Z","volume":2000,"price":4.35,"category":"rbull"},{"type":"A","date":"2018-03-13T07:10:38.000Z","volume":2000,"price":4.35,"category":"rbull"},{"type":"A","date":"2018-03-13T07:09:44.000Z","volume":2000,"price":4.35,"category":"rbull"},{"type":"A","date":"2018-03-13T07:07:22.000Z","volume":2000,"price":4.35,"category":"rbull"},{"type":"A","date":"2018-03-13T07:06:00.000Z","volume":2000,"price":4.35,"category":"rbull"},{"type":"A","date":"2018-03-13T07:01:01.000Z","volume":2000,"price":4.35,"category":"rbull"},{"type":"A","date":"2018-03-13T06:58:41.000Z","volume":2000,"price":4.34,"category":"rbull"},{"type":"A","date":"2018-03-13T06:57:17.000Z","volume":2000,"price":4.34,"category":"rbull"},{"type":"A","date":"2018-03-13T06:53:50.000Z","volume":2000,"price":4.34,"category":"rbull"},{"type":"A","date":"2018-03-13T06:53:50.000Z","volume":2000,"price":4.34,"category":"rbull"},{"type":"A","date":"2018-03-13T06:32:19.000Z","volume":2000,"price":4.35,"category":"rbull"},{"type":"A","date":"2018-03-13T06:30:55.000Z","volume":2000,"price":4.35,"category":"rbull"},{"type":"A","date":"2018-03-13T06:28:58.000Z","volume":2000,"price":4.35,"category":"rbull"},{"type":"A","date":"2018-03-13T06:11:36.000Z","volume":2000,"price":4.35,"category":"rbull"},{"type":"A","date":"2018-03-13T06:01:09.000Z","volume":2000,"price":4.35,"category":"rbull"},{"type":"A","date":"2018-03-13T05:57:57.000Z","volume":2000,"price":4.35,"category":"rbull"},{"type":"A","date":"2018-03-13T05:52:08.000Z","volume":2000,"price":4.35,"category":"rbull"},{"type":"A","date":"2018-03-13T05:37:58.000Z","volume":2000,"price":4.35,"category":"rbull"},{"type":"A","date":"2018-03-13T05:34:04.000Z","volume":2000,"price":4.35,"category":"rbull"},{"type":"A","date":"2018-03-13T05:25:43.000Z","volume":2000,"price":4.35,"category":"rbull"},{"type":"A","date":"2018-03-13T05:22:49.000Z","volume":2000,"price":4.35,"category":"rbull"},{"type":"A","date":"2018-03-13T05:22:19.000Z","volume":2000,"price":4.35,"category":"rbull"},{"type":"A","date":"2018-03-13T05:22:19.000Z","volume":2000,"price":4.34,"category":"rbull"},{"type":"A","date":"2018-03-13T05:22:19.000Z","volume":2000,"price":4.34,"category":"rbull"},{"type":"A","date":"2018-03-13T03:59:31.000Z","volume":2000,"price":4.34,"category":"rbull"},{"type":"A","date":"2018-03-13T03:39:57.000Z","volume":2000,"price":4.34,"category":"rbull"},{"type":"A","date":"2018-03-13T03:19:29.000Z","volume":2000,"price":4.34,"category":"rbull"},{"type":"A","date":"2018-03-13T03:02:55.000Z","volume":2000,"price":4.34,"category":"rbull"},{"type":"A","date":"2018-03-13T03:02:18.000Z","volume":2000,"price":4.34,"category":"rbull"},{"type":"A","date":"2018-03-13T03:00:05.000Z","volume":2000,"price":4.34,"category":"rbull"},{"type":"A","date":"2018-03-13T02:45:40.000Z","volume":2000,"price":4.34,"category":"rbull"},{"type":"A","date":"2018-03-13T02:45:13.000Z","volume":2000,"price":4.34,"category":"rbull"},{"type":"A","date":"2018-03-13T02:44:36.000Z","volume":2000,"price":4.34,"category":"rbull"},{"type":"A","date":"2018-03-13T02:39:27.000Z","volume":2000,"price":4.34,"category":"rbull"},{"type":"A","date":"2018-03-13T02:39:27.000Z","volume":2000,"price":4.34,"category":"rbull"},{"type":"A","date":"2018-03-13T02:32:00.000Z","volume":2000,"price":4.35,"category":"rbull"},{"type":"A","date":"2018-03-13T02:25:18.000Z","volume":2000,"price":4.35,"category":"rbull"},{"type":"A","date":"2018-03-13T02:24:59.000Z","volume":2000,"price":4.35,"category":"rbull"},{"type":"A","date":"2018-03-13T02:18:13.000Z","volume":2000,"price":4.34,"category":"rbull"},{"type":"A","date":"2018-03-13T01:51:37.000Z","volume":2000,"price":4.35,"category":"rbull"},{"type":"A","date":"2018-03-13T01:50:05.000Z","volume":2000,"price":4.36,"category":"rbull"},{"type":"A","date":"2018-03-13T01:50:04.000Z","volume":2000,"price":4.35,"category":"rbull"},{"type":"A","date":"2018-03-13T01:46:57.000Z","volume":2000,"price":4.35,"category":"rbull"},{"type":"A","date":"2018-03-13T01:46:40.000Z","volume":2000,"price":4.35,"category":"rbull"},{"type":"A","date":"2018-03-13T01:46:40.000Z","volume":2000,"price":4.35,"category":"rbull"},{"type":"A","date":"2018-03-13T01:46:35.000Z","volume":2000,"price":4.35,"category":"rbull"},{"type":"B","date":"2018-03-13T07:59:29.000Z","volume":2000,"price":4.33,"category":"rbear"},{"type":"B","date":"2018-03-13T07:59:21.000Z","volume":2000,"price":4.34,"category":"rbear"},{"type":"B","date":"2018-03-13T07:59:17.000Z","volume":2000,"price":4.33,"category":"rbear"},{"type":"B","date":"2018-03-13T07:59:06.000Z","volume":2000,"price":4.34,"category":"rbear"},{"type":"B","date":"2018-03-13T07:58:46.000Z","volume":2000,"price":4.34,"category":"rbear"},{"type":"B","date":"2018-03-13T07:57:32.000Z","volume":2000,"price":4.34,"category":"rbear"},{"type":"B","date":"2018-03-13T07:56:17.000Z","volume":2000,"price":4.33,"category":"rbear"},{"type":"B","date":"2018-03-13T07:55:17.000Z","volume":2000,"price":4.33,"category":"rbear"},{"type":"B","date":"2018-03-13T07:53:32.000Z","volume":2000,"price":4.33,"category":"rbear"},{"type":"B","date":"2018-03-13T07:53:20.000Z","volume":2000,"price":4.34,"category":"rbear"},{"type":"B","date":"2018-03-13T07:52:02.000Z","volume":2000,"price":4.33,"category":"rbear"},{"type":"B","date":"2018-03-13T07:50:17.000Z","volume":2000,"price":4.33,"category":"rbear"},{"type":"B","date":"2018-03-13T07:49:29.000Z","volume":2000,"price":4.33,"category":"rbear"},{"type":"B","date":"2018-03-13T07:45:32.000Z","volume":2000,"price":4.33,"category":"rbear"},{"type":"B","date":"2018-03-13T07:45:13.000Z","volume":2000,"price":4.33,"category":"rbear"},{"type":"B","date":"2018-03-13T07:43:37.000Z","volume":2000,"price":4.34,"category":"rbear"},{"type":"B","date":"2018-03-13T07:43:36.000Z","volume":2000,"price":4.33,"category":"rbear"},{"type":"B","date":"2018-03-13T07:43:36.000Z","volume":2000,"price":4.34,"category":"rbear"},{"type":"B","date":"2018-03-13T07:35:19.000Z","volume":2000,"price":4.33,"category":"rbear"},{"type":"B","date":"2018-03-13T07:34:16.000Z","volume":2000,"price":4.34,"category":"rbear"},{"type":"B","date":"2018-03-13T07:34:16.000Z","volume":2000,"price":4.34,"category":"rbear"},{"type":"B","date":"2018-03-13T07:26:55.000Z","volume":2000,"price":4.34,"category":"rbear"},{"type":"B","date":"2018-03-13T07:22:32.000Z","volume":2000,"price":4.33,"category":"rbear"},{"type":"B","date":"2018-03-13T07:18:24.000Z","volume":2000,"price":4.34,"category":"rbear"},{"type":"B","date":"2018-03-13T07:16:22.000Z","volume":2000,"price":4.34,"category":"rbear"},{"type":"B","date":"2018-03-13T07:16:21.000Z","volume":2000,"price":4.34,"category":"rbear"},{"type":"B","date":"2018-03-13T07:16:11.000Z","volume":2000,"price":4.34,"category":"rbear"},{"type":"B","date":"2018-03-13T07:11:45.000Z","volume":2000,"price":4.34,"category":"rbear"},{"type":"B","date":"2018-03-13T07:11:44.000Z","volume":2000,"price":4.34,"category":"rbear"},{"type":"B","date":"2018-03-13T07:10:39.000Z","volume":2000,"price":4.34,"category":"rbear"},{"type":"B","date":"2018-03-13T07:10:38.000Z","volume":2000,"price":4.34,"category":"rbear"},{"type":"B","date":"2018-03-13T07:07:17.000Z","volume":2000,"price":4.34,"category":"rbear"},{"type":"B","date":"2018-03-13T07:01:47.000Z","volume":2000,"price":4.34,"category":"rbear"},{"type":"B","date":"2018-03-13T07:01:01.000Z","volume":2000,"price":4.33,"category":"rbear"},{"type":"B","date":"2018-03-13T06:50:06.000Z","volume":2000,"price":4.33,"category":"rbear"},{"type":"B","date":"2018-03-13T06:50:00.000Z","volume":2000,"price":4.34,"category":"rbear"},{"type":"B","date":"2018-03-13T06:40:12.000Z","volume":2000,"price":4.34,"category":"rbear"},{"type":"B","date":"2018-03-13T06:40:11.000Z","volume":2000,"price":4.34,"category":"rbear"},{"type":"B","date":"2018-03-13T06:37:15.000Z","volume":2000,"price":4.34,"category":"rbear"},{"type":"B","date":"2018-03-13T06:35:19.000Z","volume":2000,"price":4.34,"category":"rbear"},{"type":"B","date":"2018-03-13T06:32:13.000Z","volume":2000,"price":4.34,"category":"rbear"},{"type":"B","date":"2018-03-13T06:21:55.000Z","volume":2000,"price":4.34,"category":"rbear"},{"type":"B","date":"2018-03-13T06:11:37.000Z","volume":2000,"price":4.34,"category":"rbear"},{"type":"B","date":"2018-03-13T06:09:41.000Z","volume":2000,"price":4.34,"category":"rbear"},{"type":"B","date":"2018-03-13T06:05:20.000Z","volume":2000,"price":4.34,"category":"rbear"},{"type":"B","date":"2018-03-13T06:05:00.000Z","volume":2000,"price":4.34,"category":"rbear"},{"type":"B","date":"2018-03-13T06:00:41.000Z","volume":2000,"price":4.34,"category":"rbear"},{"type":"B","date":"2018-03-13T05:57:58.000Z","volume":2000,"price":4.34,"category":"rbear"},{"type":"B","date":"2018-03-13T05:57:47.000Z","volume":2000,"price":4.34,"category":"rbear"},{"type":"B","date":"2018-03-13T05:57:44.000Z","volume":2000,"price":4.34,"category":"rbear"},{"type":"B","date":"2018-03-13T05:56:00.000Z","volume":2000,"price":4.34,"category":"rbear"},{"type":"B","date":"2018-03-13T05:52:17.000Z","volume":2000,"price":4.34,"category":"rbear"},{"type":"B","date":"2018-03-13T05:50:17.000Z","volume":2000,"price":4.34,"category":"rbear"},{"type":"B","date":"2018-03-13T05:48:47.000Z","volume":2000,"price":4.34,"category":"rbear"},{"type":"B","date":"2018-03-13T05:47:12.000Z","volume":2000,"price":4.34,"category":"rbear"},{"type":"B","date":"2018-03-13T05:45:02.000Z","volume":2000,"price":4.34,"category":"rbear"},{"type":"B","date":"2018-03-13T05:44:09.000Z","volume":2000,"price":4.34,"category":"rbear"},{"type":"B","date":"2018-03-13T05:41:17.000Z","volume":2000,"price":4.34,"category":"rbear"},{"type":"B","date":"2018-03-13T05:38:16.000Z","volume":2000,"price":4.34,"category":"rbear"},{"type":"B","date":"2018-03-13T05:34:02.000Z","volume":2000,"price":4.34,"category":"rbear"},{"type":"B","date":"2018-03-13T05:21:47.000Z","volume":2000,"price":4.33,"category":"rbear"},{"type":"B","date":"2018-03-13T05:03:41.000Z","volume":2000,"price":4.33,"category":"rbear"},{"type":"B","date":"2018-03-13T05:00:01.000Z","volume":2000,"price":4.33,"category":"rbear"},{"type":"B","date":"2018-03-13T03:58:41.000Z","volume":2000,"price":4.33,"category":"rbear"},{"type":"B","date":"2018-03-13T03:48:59.000Z","volume":2000,"price":4.33,"category":"rbear"},{"type":"B","date":"2018-03-13T03:48:51.000Z","volume":2000,"price":4.33,"category":"rbear"},{"type":"B","date":"2018-03-13T03:45:15.000Z","volume":2000,"price":4.33,"category":"rbear"},{"type":"B","date":"2018-03-13T03:45:14.000Z","volume":2000,"price":4.33,"category":"rbear"},{"type":"B","date":"2018-03-13T03:38:14.000Z","volume":2000,"price":4.33,"category":"rbear"},{"type":"B","date":"2018-03-13T03:25:10.000Z","volume":2000,"price":4.33,"category":"rbear"},{"type":"B","date":"2018-03-13T03:19:29.000Z","volume":2000,"price":4.33,"category":"rbear"},{"type":"B","date":"2018-03-13T03:18:35.000Z","volume":2000,"price":4.33,"category":"rbear"},{"type":"B","date":"2018-03-13T03:17:04.000Z","volume":2000,"price":4.33,"category":"rbear"},{"type":"B","date":"2018-03-13T03:13:21.000Z","volume":2000,"price":4.33,"category":"rbear"},{"type":"B","date":"2018-03-13T03:12:44.000Z","volume":2000,"price":4.33,"category":"rbear"},{"type":"B","date":"2018-03-13T03:12:29.000Z","volume":2000,"price":4.33,"category":"rbear"},{"type":"B","date":"2018-03-13T03:00:14.000Z","volume":2000,"price":4.32,"category":"rbear"},{"type":"B","date":"2018-03-13T02:59:43.000Z","volume":2000,"price":4.32,"category":"rbear"},{"type":"B","date":"2018-03-13T02:58:14.000Z","volume":2000,"price":4.32,"category":"rbear"},{"type":"B","date":"2018-03-13T02:54:31.000Z","volume":2000,"price":4.32,"category":"rbear"},{"type":"B","date":"2018-03-13T02:50:36.000Z","volume":2000,"price":4.33,"category":"rbear"},{"type":"B","date":"2018-03-13T02:45:44.000Z","volume":2000,"price":4.33,"category":"rbear"},{"type":"B","date":"2018-03-13T02:40:29.000Z","volume":2000,"price":4.33,"category":"rbear"},{"type":"B","date":"2018-03-13T02:35:48.000Z","volume":2000,"price":4.34,"category":"rbear"},{"type":"B","date":"2018-03-13T02:35:12.000Z","volume":2000,"price":4.34,"category":"rbear"},{"type":"B","date":"2018-03-13T02:26:44.000Z","volume":2000,"price":4.34,"category":"rbear"},{"type":"B","date":"2018-03-13T02:25:18.000Z","volume":2000,"price":4.34,"category":"rbear"},{"type":"B","date":"2018-03-13T02:20:11.000Z","volume":2000,"price":4.34,"category":"rbear"},{"type":"B","date":"2018-03-13T02:19:14.000Z","volume":2000,"price":4.33,"category":"rbear"},{"type":"B","date":"2018-03-13T02:15:13.000Z","volume":2000,"price":4.33,"category":"rbear"},{"type":"B","date":"2018-03-13T02:14:14.000Z","volume":2000,"price":4.33,"category":"rbear"},{"type":"B","date":"2018-03-13T02:07:11.000Z","volume":2000,"price":4.33,"category":"rbear"},{"type":"B","date":"2018-03-13T02:05:19.000Z","volume":2000,"price":4.34,"category":"rbear"},{"type":"B","date":"2018-03-13T02:04:21.000Z","volume":2000,"price":4.34,"category":"rbear"},{"type":"B","date":"2018-03-13T02:02:14.000Z","volume":2000,"price":4.34,"category":"rbear"},{"type":"B","date":"2018-03-13T01:54:48.000Z","volume":2000,"price":4.33,"category":"rbear"},{"type":"B","date":"2018-03-13T01:54:47.000Z","volume":2000,"price":4.34,"category":"rbear"},{"type":"B","date":"2018-03-13T01:50:25.000Z","volume":2000,"price":4.34,"category":"rbear"},{"type":"B","date":"2018-03-13T01:50:04.000Z","volume":2000,"price":4.34,"category":"rbear"},{"type":"B","date":"2018-03-13T01:46:40.000Z","volume":2000,"price":4.34,"category":"rbear"},{"type":"B","date":"2018-03-13T01:46:37.000Z","volume":2000,"price":4.34,"category":"rbear"},{"type":"B","date":"2018-03-13T01:38:14.000Z","volume":2000,"price":4.32,"category":"rbear"},{"type":"B","date":"2018-03-13T07:57:32.000Z","volume":8000,"price":4.34,"category":"bbear"},{"type":"B","date":"2018-03-13T07:52:00.000Z","volume":6000,"price":4.33,"category":"bbear"},{"type":"B","date":"2018-03-13T07:45:12.000Z","volume":8000,"price":4.34,"category":"bbear"},{"type":"B","date":"2018-03-13T07:39:39.000Z","volume":10000,"price":4.34,"category":"bbear"},{"type":"B","date":"2018-03-13T07:29:35.000Z","volume":6000,"price":4.34,"category":"bbear"},{"type":"B","date":"2018-03-13T07:10:37.000Z","volume":10000,"price":4.34,"category":"bbear"},{"type":"B","date":"2018-03-13T07:07:09.000Z","volume":8000,"price":4.34,"category":"bbear"},{"type":"B","date":"2018-03-13T06:32:20.000Z","volume":12000,"price":4.34,"category":"bbear"},{"type":"B","date":"2018-03-13T06:30:56.000Z","volume":6000,"price":4.34,"category":"bbear"},{"type":"B","date":"2018-03-13T06:09:40.000Z","volume":10000,"price":4.34,"category":"bbear"},{"type":"B","date":"2018-03-13T06:04:59.000Z","volume":10000,"price":4.34,"category":"bbear"},{"type":"B","date":"2018-03-13T05:57:44.000Z","volume":8000,"price":4.34,"category":"bbear"},{"type":"B","date":"2018-03-13T05:35:32.000Z","volume":6000,"price":4.34,"category":"bbear"},{"type":"B","date":"2018-03-13T05:21:46.000Z","volume":10000,"price":4.33,"category":"bbear"},{"type":"B","date":"2018-03-13T03:45:04.000Z","volume":12000,"price":4.33,"category":"bbear"},{"type":"B","date":"2018-03-13T03:19:29.000Z","volume":8000,"price":4.33,"category":"bbear"},{"type":"B","date":"2018-03-13T03:17:04.000Z","volume":10000,"price":4.33,"category":"bbear"},{"type":"B","date":"2018-03-13T03:12:14.000Z","volume":6000,"price":4.32,"category":"bbear"},{"type":"B","date":"2018-03-13T02:58:05.000Z","volume":6000,"price":4.32,"category":"bbear"},{"type":"B","date":"2018-03-13T02:54:32.000Z","volume":8000,"price":4.31,"category":"bbear"},{"type":"B","date":"2018-03-13T02:54:32.000Z","volume":8000,"price":4.32,"category":"bbear"},{"type":"B","date":"2018-03-13T02:44:37.000Z","volume":14000,"price":4.33,"category":"bbear"},{"type":"B","date":"2018-03-13T02:39:28.000Z","volume":12000,"price":4.33,"category":"bbear"},{"type":"B","date":"2018-03-13T02:32:00.000Z","volume":10000,"price":4.33,"category":"bbear"},{"type":"B","date":"2018-03-13T02:31:59.000Z","volume":14000,"price":4.34,"category":"bbear"},{"type":"B","date":"2018-03-13T02:07:10.000Z","volume":14000,"price":4.34,"category":"bbear"},{"type":"B","date":"2018-03-13T02:06:52.000Z","volume":10000,"price":4.34,"category":"bbear"},{"type":"B","date":"2018-03-13T02:04:20.000Z","volume":12000,"price":4.34,"category":"bbear"},{"type":"B","date":"2018-03-13T02:02:13.000Z","volume":8000,"price":4.34,"category":"bbear"},{"type":"B","date":"2018-03-13T01:54:47.000Z","volume":6000,"price":4.34,"category":"bbear"},{"type":"B","date":"2018-03-13T01:50:26.000Z","volume":6000,"price":4.35,"category":"bbear"},{"type":"B","date":"2018-03-13T01:50:25.000Z","volume":6000,"price":4.35,"category":"bbear"},{"type":"B","date":"2018-03-13T01:50:23.000Z","volume":10000,"price":4.35,"category":"bbear"},{"type":"B","date":"2018-03-13T01:44:09.000Z","volume":10000,"price":4.32,"category":"bbear"},{"type":"B","date":"2018-03-13T07:43:36.000Z","volume":20000,"price":4.34,"category":"ubbear"},{"type":"B","date":"2018-03-13T07:39:38.000Z","volume":40000,"price":4.34,"category":"ubbear"},{"type":"B","date":"2018-03-13T07:11:44.000Z","volume":20000,"price":4.34,"category":"ubbear"},{"type":"B","date":"2018-03-13T06:50:05.000Z","volume":22000,"price":4.34,"category":"ubbear"},{"type":"B","date":"2018-03-13T06:32:19.000Z","volume":46000,"price":4.34,"category":"ubbear"},{"type":"B","date":"2018-03-13T06:30:55.000Z","volume":24000,"price":4.34,"category":"ubbear"},{"type":"B","date":"2018-03-13T03:12:29.000Z","volume":34000,"price":4.33,"category":"ubbear"},{"type":"B","date":"2018-03-13T02:54:31.000Z","volume":18000,"price":4.33,"category":"ubbear"},{"type":"B","date":"2018-03-13T02:54:31.000Z","volume":58000,"price":4.33,"category":"ubbear"},{"type":"B","date":"2018-03-13T02:44:36.000Z","volume":64000,"price":4.33,"category":"ubbear"},{"type":"B","date":"2018-03-13T02:39:27.000Z","volume":44000,"price":4.34,"category":"ubbear"},{"type":"B","date":"2018-03-13T02:31:59.000Z","volume":36000,"price":4.34,"category":"ubbear"},{"type":"B","date":"2018-03-13T01:51:37.000Z","volume":18000,"price":4.35,"category":"ubbear"},{"type":"B","date":"2018-03-13T01:50:25.000Z","volume":16000,"price":4.35,"category":"ubbear"}]