[{"type":"U","date":"2018-04-17T01:20:00.000Z","volume":92000,"label":"U","price":66.5},{"type":"A","date":"2018-04-17T01:30:03.000Z","volume":2500,"label":" ","price":66.8},{"type":"A","date":"2018-04-17T01:30:08.000Z","volume":1000,"label":" ","price":66.8},{"type":"A","date":"2018-04-17T01:30:19.000Z","volume":500,"label":" ","price":66.8},{"type":"A","date":"2018-04-17T01:30:26.000Z","volume":2000,"label":"Y","price":66.8},{"type":"B","date":"2018-04-17T01:30:26.000Z","volume":500,"label":" ","price":66.6},{"type":"B","date":"2018-04-17T01:30:26.000Z","volume":1000,"label":" ","price":66.6},{"type":"B","date":"2018-04-17T01:30:26.000Z","volume":1000,"label":" ","price":66.55},{"type":"B","date":"2018-04-17T01:30:28.000Z","volume":1500,"label":" ","price":66.55},{"type":"B","date":"2018-04-17T01:30:34.000Z","volume":500,"label":"Y","price":66.6},{"type":"B","date":"2018-04-17T01:30:34.000Z","volume":1500,"label":" ","price":66.6},{"type":"A","date":"2018-04-17T01:30:39.000Z","volume":1000,"label":" ","price":66.7},{"type":"B","date":"2018-04-17T01:30:39.000Z","volume":1000,"label":" ","price":66.55},{"type":"B","date":"2018-04-17T01:30:55.000Z","volume":500,"label":" ","price":66.6},{"type":"B","date":"2018-04-17T01:31:13.000Z","volume":2000,"label":" ","price":66.6},{"type":"B","date":"2018-04-17T01:31:19.000Z","volume":1000,"label":" ","price":66.6},{"type":"B","date":"2018-04-17T01:31:22.000Z","volume":4500,"label":" ","price":66.6},{"type":"B","date":"2018-04-17T01:31:24.000Z","volume":1500,"label":" ","price":66.6},{"type":"B","date":"2018-04-17T01:31:24.000Z","volume":500,"label":" ","price":66.6},{"type":"B","date":"2018-04-17T01:31:24.000Z","volume":7500,"label":" ","price":66.6},{"type":"B","date":"2018-04-17T01:31:24.000Z","volume":2500,"label":" ","price":66.55},{"type":"B","date":"2018-04-17T01:31:25.000Z","volume":1500,"label":" ","price":66.55},{"type":"B","date":"2018-04-17T01:31:26.000Z","volume":1500,"label":" ","price":66.5},{"type":"U","date":"2018-04-17T01:31:34.000Z","volume":2000,"label":" ","price":66.55},{"type":"A","date":"2018-04-17T01:31:36.000Z","volume":1500,"label":" ","price":66.65},{"type":"U","date":"2018-04-17T01:31:38.000Z","volume":5000,"label":" ","price":66.6},{"type":"B","date":"2018-04-17T01:31:38.000Z","volume":1000,"label":" ","price":66.55},{"type":"U","date":"2018-04-17T01:31:38.000Z","volume":500,"label":" ","price":66.6},{"type":"B","date":"2018-04-17T01:31:38.000Z","volume":500,"label":" ","price":66.55},{"type":"A","date":"2018-04-17T01:31:40.000Z","volume":1000,"label":"Y","price":66.6},{"type":"B","date":"2018-04-17T01:31:40.000Z","volume":2000,"label":" ","price":66.55},{"type":"B","date":"2018-04-17T01:31:41.000Z","volume":1000,"label":" ","price":66.55},{"type":"B","date":"2018-04-17T01:31:41.000Z","volume":1000,"label":" ","price":66.55},{"type":"A","date":"2018-04-17T01:31:41.000Z","volume":500,"label":" ","price":66.6},{"type":"A","date":"2018-04-17T01:31:43.000Z","volume":500,"label":" ","price":66.6},{"type":"B","date":"2018-04-17T01:31:48.000Z","volume":1000,"label":" ","price":66.55},{"type":"A","date":"2018-04-17T01:31:50.000Z","volume":1500,"label":" ","price":66.6},{"type":"B","date":"2018-04-17T01:31:50.000Z","volume":500,"label":" ","price":66.55},{"type":"A","date":"2018-04-17T01:31:57.000Z","volume":500,"label":" ","price":66.6},{"type":"B","date":"2018-04-17T01:31:57.000Z","volume":500,"label":" ","price":66.55},{"type":"B","date":"2018-04-17T01:31:58.000Z","volume":1500,"label":" ","price":66.55},{"type":"B","date":"2018-04-17T01:31:58.000Z","volume":500,"label":" ","price":66.55},{"type":"B","date":"2018-04-17T01:32:06.000Z","volume":1500,"label":" ","price":66.55},{"type":"B","date":"2018-04-17T01:32:06.000Z","volume":500,"label":" ","price":66.55},{"type":"A","date":"2018-04-17T01:32:11.000Z","volume":500,"label":" ","price":66.6},{"type":"B","date":"2018-04-17T01:32:12.000Z","volume":500,"label":" ","price":66.55},{"type":"A","date":"2018-04-17T01:32:12.000Z","volume":500,"label":" ","price":66.6},{"type":"B","date":"2018-04-17T01:32:20.000Z","volume":500,"label":" ","price":66.55},{"type":"A","date":"2018-04-17T01:32:25.000Z","volume":2000,"label":" ","price":66.6},{"type":"B","date":"2018-04-17T01:32:25.000Z","volume":500,"label":" ","price":66.55},{"type":"A","date":"2018-04-17T01:32:34.000Z","volume":500,"label":" ","price":66.6},{"type":"B","date":"2018-04-17T01:32:39.000Z","volume":500,"label":" ","price":66.55},{"type":"B","date":"2018-04-17T01:32:42.000Z","volume":500,"label":" ","price":66.55},{"type":"B","date":"2018-04-17T01:32:42.000Z","volume":500,"label":" ","price":66.55},{"type":"U","date":"2018-04-17T01:32:52.000Z","volume":500,"label":"X","price":66.575},{"type":"B","date":"2018-04-17T01:33:05.000Z","volume":1500,"label":"Y","price":66.55},{"type":"B","date":"2018-04-17T01:33:05.000Z","volume":1500,"label":" ","price":66.55},{"type":"B","date":"2018-04-17T01:33:05.000Z","volume":500,"label":" ","price":66.55},{"type":"B","date":"2018-04-17T01:33:05.000Z","volume":1000,"label":" ","price":66.55},{"type":"B","date":"2018-04-17T01:33:05.000Z","volume":6500,"label":" ","price":66.55},{"type":"B","date":"2018-04-17T01:33:05.000Z","volume":2000,"label":" ","price":66.5},{"type":"B","date":"2018-04-17T01:33:07.000Z","volume":2500,"label":" ","price":66.5},{"type":"B","date":"2018-04-17T01:33:07.000Z","volume":1000,"label":" ","price":66.5},{"type":"B","date":"2018-04-17T01:33:09.000Z","volume":3000,"label":" ","price":66.5},{"type":"B","date":"2018-04-17T01:33:09.000Z","volume":1000,"label":" ","price":66.5},{"type":"B","date":"2018-04-17T01:33:10.000Z","volume":4000,"label":" ","price":66.5},{"type":"A","date":"2018-04-17T01:33:10.000Z","volume":1000,"label":" ","price":66.55},{"type":"B","date":"2018-04-17T01:33:15.000Z","volume":1000,"label":" ","price":66.45},{"type":"B","date":"2018-04-17T01:33:15.000Z","volume":1500,"label":" ","price":66.45},{"type":"B","date":"2018-04-17T01:33:15.000Z","volume":500,"label":" ","price":66.45},{"type":"A","date":"2018-04-17T01:33:16.000Z","volume":2500,"label":" ","price":66.5},{"type":"B","date":"2018-04-17T01:33:17.000Z","volume":1000,"label":" ","price":66.4},{"type":"B","date":"2018-04-17T01:33:17.000Z","volume":500,"label":" ","price":66.4},{"type":"B","date":"2018-04-17T01:33:17.000Z","volume":500,"label":" ","price":66.4},{"type":"B","date":"2018-04-17T01:33:18.000Z","volume":1000,"label":" ","price":66.45},{"type":"A","date":"2018-04-17T01:33:18.000Z","volume":500,"label":" ","price":66.45},{"type":"B","date":"2018-04-17T01:33:18.000Z","volume":500,"label":" ","price":66.4},{"type":"A","date":"2018-04-17T01:33:22.000Z","volume":1500,"label":" ","price":66.45},{"type":"A","date":"2018-04-17T01:33:22.000Z","volume":3500,"label":" ","price":66.45},{"type":"B","date":"2018-04-17T01:33:22.000Z","volume":500,"label":" ","price":66.4},{"type":"A","date":"2018-04-17T01:33:23.000Z","volume":500,"label":" ","price":66.45},{"type":"U","date":"2018-04-17T01:33:28.000Z","volume":1000,"label":" ","price":66.45},{"type":"A","date":"2018-04-17T01:33:40.000Z","volume":1000,"label":" ","price":66.5},{"type":"A","date":"2018-04-17T01:33:41.000Z","volume":16000,"label":" ","price":66.5},{"type":"A","date":"2018-04-17T01:33:41.000Z","volume":500,"label":" ","price":66.5},{"type":"B","date":"2018-04-17T01:33:42.000Z","volume":1000,"label":" ","price":66.45},{"type":"A","date":"2018-04-17T01:33:42.000Z","volume":1000,"label":" ","price":66.5},{"type":"B","date":"2018-04-17T01:34:11.000Z","volume":5000,"label":" ","price":66.5},{"type":"B","date":"2018-04-17T01:34:11.000Z","volume":1000,"label":" ","price":66.45},{"type":"B","date":"2018-04-17T01:34:11.000Z","volume":500,"label":" ","price":66.45},{"type":"B","date":"2018-04-17T01:34:23.000Z","volume":500,"label":" ","price":66.5},{"type":"U","date":"2018-04-17T01:34:23.000Z","volume":500,"label":" ","price":66.5},{"type":"B","date":"2018-04-17T01:34:24.000Z","volume":1500,"label":" ","price":66.5},{"type":"B","date":"2018-04-17T01:34:24.000Z","volume":500,"label":" ","price":66.5},{"type":"B","date":"2018-04-17T01:34:24.000Z","volume":500,"label":" ","price":66.5},{"type":"B","date":"2018-04-17T01:34:24.000Z","volume":3500,"label":" ","price":66.5},{"type":"B","date":"2018-04-17T01:34:43.000Z","volume":1000,"label":" ","price":66.5},{"type":"B","date":"2018-04-17T01:34:43.000Z","volume":1000,"label":" ","price":66.5},{"type":"A","date":"2018-04-17T01:34:44.000Z","volume":1000,"label":" ","price":66.5},{"type":"B","date":"2018-04-17T01:34:51.000Z","volume":500,"label":" ","price":66.45},{"type":"A","date":"2018-04-17T01:34:57.000Z","volume":1500,"label":" ","price":66.5},{"type":"B","date":"2018-04-17T01:35:44.000Z","volume":6000,"label":" ","price":66.45},{"type":"B","date":"2018-04-17T01:35:44.000Z","volume":3000,"label":" ","price":66.45},{"type":"B","date":"2018-04-17T01:35:44.000Z","volume":500,"label":" ","price":66.45},{"type":"B","date":"2018-04-17T01:35:44.000Z","volume":1000,"label":" ","price":66.45},{"type":"B","date":"2018-04-17T01:35:44.000Z","volume":500,"label":" ","price":66.4},{"type":"B","date":"2018-04-17T01:35:44.000Z","volume":500,"label":" ","price":66.4},{"type":"U","date":"2018-04-17T01:35:44.000Z","volume":100,"label":"D","price":66.65},{"type":"U","date":"2018-04-17T01:35:44.000Z","volume":500,"label":" ","price":66.45},{"type":"B","date":"2018-04-17T01:35:45.000Z","volume":3500,"label":" ","price":66.4},{"type":"B","date":"2018-04-17T01:35:45.000Z","volume":1000,"label":" ","price":66.4},{"type":"B","date":"2018-04-17T01:35:45.000Z","volume":1500,"label":" ","price":66.4},{"type":"B","date":"2018-04-17T01:35:46.000Z","volume":500,"label":" ","price":66.4},{"type":"A","date":"2018-04-17T01:35:48.000Z","volume":2000,"label":" ","price":66.45},{"type":"A","date":"2018-04-17T01:35:50.000Z","volume":2500,"label":" ","price":66.45},{"type":"B","date":"2018-04-17T01:35:50.000Z","volume":500,"label":" ","price":66.4},{"type":"A","date":"2018-04-17T01:35:51.000Z","volume":500,"label":" ","price":66.5},{"type":"A","date":"2018-04-17T01:36:03.000Z","volume":1000,"label":" ","price":66.45},{"type":"A","date":"2018-04-17T01:36:03.000Z","volume":1000,"label":" ","price":66.45},{"type":"A","date":"2018-04-17T01:36:04.000Z","volume":1500,"label":" ","price":66.5},{"type":"B","date":"2018-04-17T01:36:04.000Z","volume":500,"label":" ","price":66.4},{"type":"A","date":"2018-04-17T01:36:07.000Z","volume":500,"label":" ","price":66.5},{"type":"B","date":"2018-04-17T01:36:11.000Z","volume":8000,"label":" ","price":66.4},{"type":"B","date":"2018-04-17T01:36:11.000Z","volume":2500,"label":" ","price":66.4},{"type":"B","date":"2018-04-17T01:36:11.000Z","volume":500,"label":" ","price":66.4},{"type":"B","date":"2018-04-17T01:36:14.000Z","volume":2000,"label":" ","price":66.4},{"type":"B","date":"2018-04-17T01:36:14.000Z","volume":500,"label":" ","price":66.4},{"type":"B","date":"2018-04-17T01:37:22.000Z","volume":500,"label":" ","price":66.4},{"type":"B","date":"2018-04-17T01:37:24.000Z","volume":1000,"label":" ","price":66.45},{"type":"B","date":"2018-04-17T01:37:24.000Z","volume":500,"label":"Y","price":66.45},{"type":"B","date":"2018-04-17T01:37:26.000Z","volume":2500,"label":" ","price":66.45},{"type":"B","date":"2018-04-17T01:37:26.000Z","volume":500,"label":" ","price":66.45},{"type":"B","date":"2018-04-17T01:37:26.000Z","volume":7000,"label":" ","price":66.45},{"type":"B","date":"2018-04-17T01:37:26.000Z","volume":2500,"label":" ","price":66.4},{"type":"B","date":"2018-04-17T01:37:26.000Z","volume":2000,"label":" ","price":66.4},{"type":"B","date":"2018-04-17T01:37:26.000Z","volume":500,"label":" ","price":66.4},{"type":"B","date":"2018-04-17T01:37:30.000Z","volume":5000,"label":" ","price":66.4},{"type":"B","date":"2018-04-17T01:37:30.000Z","volume":1500,"label":" ","price":66.4},{"type":"B","date":"2018-04-17T01:37:30.000Z","volume":500,"label":" ","price":66.4},{"type":"B","date":"2018-04-17T01:37:31.000Z","volume":2000,"label":" ","price":66.4},{"type":"B","date":"2018-04-17T01:37:31.000Z","volume":500,"label":" ","price":66.4},{"type":"B","date":"2018-04-17T01:37:32.000Z","volume":4500,"label":" ","price":66.4},{"type":"A","date":"2018-04-17T01:37:32.000Z","volume":1500,"label":" ","price":66.4},{"type":"A","date":"2018-04-17T01:37:32.000Z","volume":500,"label":" ","price":66.4},{"type":"B","date":"2018-04-17T01:37:34.000Z","volume":1000,"label":" ","price":66.35},{"type":"B","date":"2018-04-17T01:37:34.000Z","volume":1500,"label":" ","price":66.35},{"type":"B","date":"2018-04-17T01:37:37.000Z","volume":20000,"label":" ","price":66.35},{"type":"B","date":"2018-04-17T01:37:37.000Z","volume":500,"label":" ","price":66.35},{"type":"B","date":"2018-04-17T01:37:37.000Z","volume":1500,"label":" ","price":66.35},{"type":"B","date":"2018-04-17T01:37:38.000Z","volume":4000,"label":" ","price":66.3},{"type":"B","date":"2018-04-17T01:37:38.000Z","volume":5000,"label":" ","price":66.3},{"type":"B","date":"2018-04-17T01:37:38.000Z","volume":1500,"label":" ","price":66.3},{"type":"A","date":"2018-04-17T01:37:38.000Z","volume":1500,"label":" ","price":66.35},{"type":"A","date":"2018-04-17T01:37:39.000Z","volume":1500,"label":" ","price":66.35},{"type":"B","date":"2018-04-17T01:37:39.000Z","volume":1500,"label":" ","price":66.3},{"type":"B","date":"2018-04-17T01:37:39.000Z","volume":500,"label":" ","price":66.3},{"type":"A","date":"2018-04-17T01:38:13.000Z","volume":500,"label":" ","price":66.35},{"type":"A","date":"2018-04-17T01:38:26.000Z","volume":500,"label":" ","price":66.35},{"type":"A","date":"2018-04-17T01:38:55.000Z","volume":500,"label":" ","price":66.35},{"type":"A","date":"2018-04-17T01:38:56.000Z","volume":2000,"label":" ","price":66.35},{"type":"B","date":"2018-04-17T01:38:56.000Z","volume":500,"label":" ","price":66.3},{"type":"B","date":"2018-04-17T01:39:12.000Z","volume":500,"label":" ","price":66.3},{"type":"B","date":"2018-04-17T01:39:19.000Z","volume":18500,"label":" ","price":66.3},{"type":"B","date":"2018-04-17T01:39:19.000Z","volume":3000,"label":" ","price":66.25},{"type":"B","date":"2018-04-17T01:39:19.000Z","volume":5500,"label":" ","price":66.25},{"type":"B","date":"2018-04-17T01:39:19.000Z","volume":1500,"label":" ","price":66.25},{"type":"B","date":"2018-04-17T01:39:19.000Z","volume":500,"label":" ","price":66.25},{"type":"B","date":"2018-04-17T01:39:19.000Z","volume":1000,"label":" ","price":66.2},{"type":"B","date":"2018-04-17T01:39:19.000Z","volume":500,"label":" ","price":66.2},{"type":"B","date":"2018-04-17T01:39:21.000Z","volume":3000,"label":" ","price":66.2},{"type":"B","date":"2018-04-17T01:39:21.000Z","volume":1000,"label":" ","price":66.2},{"type":"B","date":"2018-04-17T01:39:21.000Z","volume":500,"label":" ","price":66.2},{"type":"A","date":"2018-04-17T01:39:22.000Z","volume":1500,"label":" ","price":66.25},{"type":"A","date":"2018-04-17T01:39:22.000Z","volume":6000,"label":" ","price":66.25},{"type":"B","date":"2018-04-17T01:39:22.000Z","volume":1000,"label":" ","price":66.2},{"type":"B","date":"2018-04-17T01:39:22.000Z","volume":500,"label":" ","price":66.2},{"type":"A","date":"2018-04-17T01:39:22.000Z","volume":500,"label":" ","price":66.25},{"type":"B","date":"2018-04-17T01:39:22.000Z","volume":500,"label":" ","price":66.2},{"type":"A","date":"2018-04-17T01:39:26.000Z","volume":1500,"label":" ","price":66.25},{"type":"B","date":"2018-04-17T01:39:59.000Z","volume":500,"label":" ","price":66.25},{"type":"B","date":"2018-04-17T01:39:59.000Z","volume":500,"label":" ","price":66.25},{"type":"B","date":"2018-04-17T01:40:13.000Z","volume":500,"label":"Y","price":66.25},{"type":"U","date":"2018-04-17T01:40:13.000Z","volume":2500,"label":"X","price":66.25},{"type":"B","date":"2018-04-17T01:40:22.000Z","volume":500,"label":" ","price":66.25},{"type":"B","date":"2018-04-17T01:40:26.000Z","volume":3000,"label":" ","price":66.25},{"type":"B","date":"2018-04-17T01:40:26.000Z","volume":7000,"label":" ","price":66.25},{"type":"B","date":"2018-04-17T01:40:26.000Z","volume":3000,"label":" ","price":66.2},{"type":"B","date":"2018-04-17T01:40:26.000Z","volume":3000,"label":" ","price":66.2},{"type":"B","date":"2018-04-17T01:40:27.000Z","volume":2500,"label":" ","price":66.15},{"type":"A","date":"2018-04-17T01:40:27.000Z","volume":2500,"label":" ","price":66.2},{"type":"B","date":"2018-04-17T01:40:32.000Z","volume":500,"label":" ","price":66.15},{"type":"A","date":"2018-04-17T01:40:32.000Z","volume":500,"label":" ","price":66.2},{"type":"B","date":"2018-04-17T01:40:35.000Z","volume":12000,"label":" ","price":66.15},{"type":"B","date":"2018-04-17T01:40:35.000Z","volume":1000,"label":" ","price":66.1},{"type":"B","date":"2018-04-17T01:40:38.000Z","volume":1500,"label":" ","price":66.1},{"type":"B","date":"2018-04-17T01:40:38.000Z","volume":500,"label":" ","price":66.1},{"type":"B","date":"2018-04-17T01:40:43.000Z","volume":500,"label":" ","price":66.1},{"type":"A","date":"2018-04-17T01:40:46.000Z","volume":7500,"label":" ","price":66.15},{"type":"U","date":"2018-04-17T01:40:46.000Z","volume":1500,"label":"X","price":66.15},{"type":"A","date":"2018-04-17T01:40:54.000Z","volume":1000,"label":" ","price":66.2},{"type":"U","date":"2018-04-17T01:41:19.000Z","volume":58,"label":"D","price":66.2},{"type":"A","date":"2018-04-17T01:41:23.000Z","volume":1000,"label":" ","price":66.15},{"type":"B","date":"2018-04-17T01:41:24.000Z","volume":500,"label":" ","price":66.1},{"type":"B","date":"2018-04-17T01:41:27.000Z","volume":3000,"label":" ","price":66.1},{"type":"B","date":"2018-04-17T01:41:27.000Z","volume":3000,"label":" ","price":66.1},{"type":"B","date":"2018-04-17T01:41:27.000Z","volume":500,"label":" ","price":66.1},{"type":"B","date":"2018-04-17T01:41:28.000Z","volume":1000,"label":" ","price":66.1},{"type":"A","date":"2018-04-17T01:41:31.000Z","volume":1000,"label":" ","price":66.15},{"type":"B","date":"2018-04-17T01:41:32.000Z","volume":3000,"label":" ","price":66.1},{"type":"B","date":"2018-04-17T01:41:33.000Z","volume":3000,"label":" ","price":66.1},{"type":"B","date":"2018-04-17T01:41:33.000Z","volume":500,"label":" ","price":66.1},{"type":"B","date":"2018-04-17T01:41:34.000Z","volume":500,"label":" ","price":66.1},{"type":"B","date":"2018-04-17T01:41:34.000Z","volume":500,"label":" ","price":66.1},{"type":"B","date":"2018-04-17T01:41:34.000Z","volume":3000,"label":" ","price":66.1},{"type":"A","date":"2018-04-17T01:41:34.000Z","volume":1000,"label":" ","price":66.15},{"type":"B","date":"2018-04-17T01:41:35.000Z","volume":500,"label":" ","price":66.1},{"type":"B","date":"2018-04-17T01:41:36.000Z","volume":3000,"label":" ","price":66.1},{"type":"B","date":"2018-04-17T01:41:36.000Z","volume":500,"label":" ","price":66.1},{"type":"A","date":"2018-04-17T01:41:40.000Z","volume":1500,"label":" ","price":66.15},{"type":"B","date":"2018-04-17T01:41:40.000Z","volume":500,"label":" ","price":66.1},{"type":"A","date":"2018-04-17T01:42:03.000Z","volume":1000,"label":" ","price":66.15},{"type":"B","date":"2018-04-17T01:42:11.000Z","volume":500,"label":" ","price":66.1},{"type":"A","date":"2018-04-17T01:42:21.000Z","volume":500,"label":" ","price":66.15},{"type":"B","date":"2018-04-17T01:42:32.000Z","volume":500,"label":" ","price":66.1},{"type":"A","date":"2018-04-17T01:42:34.000Z","volume":1000,"label":" ","price":66.15},{"type":"A","date":"2018-04-17T01:42:36.000Z","volume":1500,"label":" ","price":66.15},{"type":"B","date":"2018-04-17T01:42:42.000Z","volume":500,"label":" ","price":66.1},{"type":"B","date":"2018-04-17T01:42:42.000Z","volume":500,"label":" ","price":66.1},{"type":"A","date":"2018-04-17T01:42:49.000Z","volume":500,"label":" ","price":66.15},{"type":"A","date":"2018-04-17T01:42:49.000Z","volume":2000,"label":"Y","price":66.15},{"type":"A","date":"2018-04-17T01:42:49.000Z","volume":11500,"label":" ","price":66.15},{"type":"B","date":"2018-04-17T01:42:49.000Z","volume":1500,"label":"Y","price":66.15},{"type":"B","date":"2018-04-17T01:42:49.000Z","volume":500,"label":" ","price":66.15},{"type":"A","date":"2018-04-17T01:42:50.000Z","volume":3000,"label":" ","price":66.2},{"type":"A","date":"2018-04-17T01:42:50.000Z","volume":2000,"label":" ","price":66.2},{"type":"A","date":"2018-04-17T01:42:50.000Z","volume":14000,"label":" ","price":66.2},{"type":"A","date":"2018-04-17T01:42:51.000Z","volume":500,"label":"Y","price":66.25},{"type":"A","date":"2018-04-17T01:42:51.000Z","volume":3500,"label":" ","price":66.25},{"type":"B","date":"2018-04-17T01:42:51.000Z","volume":500,"label":" ","price":66.2},{"type":"A","date":"2018-04-17T01:42:52.000Z","volume":500,"label":" ","price":66.25},{"type":"A","date":"2018-04-17T01:42:53.000Z","volume":2000,"label":" ","price":66.25},{"type":"A","date":"2018-04-17T01:42:54.000Z","volume":500,"label":" ","price":66.25},{"type":"A","date":"2018-04-17T01:42:56.000Z","volume":1000,"label":" ","price":66.25},{"type":"B","date":"2018-04-17T01:43:00.000Z","volume":500,"label":"Y","price":66.25},{"type":"B","date":"2018-04-17T01:43:02.000Z","volume":8000,"label":"Y","price":66.25},{"type":"B","date":"2018-04-17T01:43:02.000Z","volume":4500,"label":" ","price":66.25},{"type":"B","date":"2018-04-17T01:43:07.000Z","volume":500,"label":" ","price":66.15},{"type":"B","date":"2018-04-17T01:43:09.000Z","volume":500,"label":" ","price":66.15},{"type":"A","date":"2018-04-17T01:43:25.000Z","volume":500,"label":" ","price":66.15},{"type":"A","date":"2018-04-17T01:43:40.000Z","volume":500,"label":" ","price":66.15},{"type":"A","date":"2018-04-17T01:44:09.000Z","volume":11000,"label":" ","price":66.15},{"type":"A","date":"2018-04-17T01:44:09.000Z","volume":2500,"label":" ","price":66.15},{"type":"A","date":"2018-04-17T01:44:09.000Z","volume":500,"label":" ","price":66.15},{"type":"B","date":"2018-04-17T01:44:11.000Z","volume":500,"label":" ","price":66.15},{"type":"A","date":"2018-04-17T01:44:13.000Z","volume":500,"label":" ","price":66.2},{"type":"A","date":"2018-04-17T01:44:26.000Z","volume":1000,"label":" ","price":66.2},{"type":"B","date":"2018-04-17T01:44:29.000Z","volume":500,"label":" ","price":66.15},{"type":"A","date":"2018-04-17T01:44:32.000Z","volume":500,"label":" ","price":66.2},{"type":"A","date":"2018-04-17T01:44:57.000Z","volume":500,"label":" ","price":66.2},{"type":"B","date":"2018-04-17T01:44:57.000Z","volume":500,"label":" ","price":66.15},{"type":"B","date":"2018-04-17T01:44:58.000Z","volume":3500,"label":" ","price":66.15},{"type":"B","date":"2018-04-17T01:44:58.000Z","volume":11500,"label":" ","price":66.15},{"type":"B","date":"2018-04-17T01:44:58.000Z","volume":2000,"label":" ","price":66.1},{"type":"B","date":"2018-04-17T01:44:58.000Z","volume":500,"label":" ","price":66.1},{"type":"A","date":"2018-04-17T01:44:59.000Z","volume":2000,"label":" ","price":66.15},{"type":"B","date":"2018-04-17T01:45:00.000Z","volume":1500,"label":" ","price":66.1},{"type":"B","date":"2018-04-17T01:45:00.000Z","volume":500,"label":" ","price":66.1},{"type":"B","date":"2018-04-17T01:45:00.000Z","volume":1000,"label":" ","price":66.1},{"type":"B","date":"2018-04-17T01:45:00.000Z","volume":500,"label":" ","price":66.1},{"type":"A","date":"2018-04-17T01:45:01.000Z","volume":2000,"label":" ","price":66.15},{"type":"B","date":"2018-04-17T01:45:02.000Z","volume":500,"label":" ","price":66.1},{"type":"U","date":"2018-04-17T01:45:04.000Z","volume":500,"label":"X","price":66.125},{"type":"A","date":"2018-04-17T01:45:17.000Z","volume":1000,"label":" ","price":66.15},{"type":"B","date":"2018-04-17T01:45:26.000Z","volume":1000,"label":" ","price":66.1},{"type":"B","date":"2018-04-17T01:45:26.000Z","volume":500,"label":" ","price":66.1},{"type":"B","date":"2018-04-17T01:45:30.000Z","volume":500,"label":" ","price":66.1},{"type":"B","date":"2018-04-17T01:45:33.000Z","volume":500,"label":" ","price":66.1},{"type":"B","date":"2018-04-17T01:45:34.000Z","volume":500,"label":" ","price":66.1},{"type":"B","date":"2018-04-17T01:45:42.000Z","volume":500,"label":" ","price":66.1},{"type":"B","date":"2018-04-17T01:45:48.000Z","volume":1000,"label":" ","price":66.1},{"type":"B","date":"2018-04-17T01:45:48.000Z","volume":500,"label":" ","price":66.1},{"type":"B","date":"2018-04-17T01:45:49.000Z","volume":500,"label":" ","price":66.1},{"type":"B","date":"2018-04-17T01:45:54.000Z","volume":500,"label":" ","price":66.1},{"type":"B","date":"2018-04-17T01:46:17.000Z","volume":500,"label":" ","price":66.1},{"type":"B","date":"2018-04-17T01:46:17.000Z","volume":500,"label":" ","price":66.1},{"type":"B","date":"2018-04-17T01:46:26.000Z","volume":500,"label":" ","price":66.1},{"type":"B","date":"2018-04-17T01:46:26.000Z","volume":500,"label":" ","price":66.1},{"type":"B","date":"2018-04-17T01:46:26.000Z","volume":1000,"label":" ","price":66.1},{"type":"B","date":"2018-04-17T01:46:26.000Z","volume":500,"label":" ","price":66.1},{"type":"B","date":"2018-04-17T01:46:27.000Z","volume":500,"label":" ","price":66.1},{"type":"B","date":"2018-04-17T01:46:27.000Z","volume":4000,"label":" ","price":66.1},{"type":"B","date":"2018-04-17T01:46:27.000Z","volume":1500,"label":" ","price":66.1},{"type":"B","date":"2018-04-17T01:46:27.000Z","volume":2500,"label":" ","price":66.1},{"type":"B","date":"2018-04-17T01:46:27.000Z","volume":1000,"label":" ","price":66.1},{"type":"B","date":"2018-04-17T01:46:27.000Z","volume":2000,"label":" ","price":66.1},{"type":"B","date":"2018-04-17T01:46:28.000Z","volume":2000,"label":" ","price":66.05},{"type":"A","date":"2018-04-17T01:46:31.000Z","volume":500,"label":" ","price":66.1},{"type":"A","date":"2018-04-17T01:46:35.000Z","volume":2000,"label":" ","price":66.1},{"type":"A","date":"2018-04-17T01:46:35.000Z","volume":11000,"label":" ","price":66.1},{"type":"A","date":"2018-04-17T01:46:35.000Z","volume":6000,"label":" ","price":66.1},{"type":"B","date":"2018-04-17T01:46:35.000Z","volume":1000,"label":" ","price":66.05},{"type":"A","date":"2018-04-17T01:46:35.000Z","volume":3500,"label":" ","price":66.1},{"type":"A","date":"2018-04-17T01:46:36.000Z","volume":6500,"label":" ","price":66.15},{"type":"B","date":"2018-04-17T01:46:55.000Z","volume":5000,"label":" ","price":66.1},{"type":"B","date":"2018-04-17T01:46:55.000Z","volume":500,"label":"Y","price":66.1},{"type":"B","date":"2018-04-17T01:46:55.000Z","volume":2000,"label":" ","price":66.1},{"type":"U","date":"2018-04-17T01:47:01.000Z","volume":500,"label":"X","price":66.075},{"type":"A","date":"2018-04-17T01:47:16.000Z","volume":500,"label":" ","price":66.1},{"type":"B","date":"2018-04-17T01:48:06.000Z","volume":500,"label":" ","price":66.05},{"type":"B","date":"2018-04-17T01:48:06.000Z","volume":11500,"label":" ","price":66.05},{"type":"B","date":"2018-04-17T01:48:06.000Z","volume":500,"label":" ","price":66},{"type":"B","date":"2018-04-17T01:48:06.000Z","volume":500,"label":"Y","price":66},{"type":"B","date":"2018-04-17T01:48:06.000Z","volume":500,"label":" ","price":66},{"type":"U","date":"2018-04-17T01:48:12.000Z","volume":1000,"label":"X","price":66.025},{"type":"B","date":"2018-04-17T01:48:15.000Z","volume":10000,"label":" ","price":66},{"type":"A","date":"2018-04-17T01:48:15.000Z","volume":3000,"label":" ","price":66.05},{"type":"B","date":"2018-04-17T01:48:15.000Z","volume":500,"label":" ","price":66},{"type":"B","date":"2018-04-17T01:48:18.000Z","volume":500,"label":" ","price":66},{"type":"B","date":"2018-04-17T01:48:42.000Z","volume":1000,"label":" ","price":66},{"type":"A","date":"2018-04-17T01:48:45.000Z","volume":10000,"label":" ","price":66.05},{"type":"A","date":"2018-04-17T01:48:46.000Z","volume":2500,"label":" ","price":66.05},{"type":"A","date":"2018-04-17T01:49:13.000Z","volume":1000,"label":" ","price":66.05},{"type":"B","date":"2018-04-17T01:49:26.000Z","volume":500,"label":" ","price":66},{"type":"B","date":"2018-04-17T01:49:36.000Z","volume":500,"label":" ","price":66},{"type":"B","date":"2018-04-17T01:49:36.000Z","volume":11000,"label":" ","price":66},{"type":"A","date":"2018-04-17T01:49:36.000Z","volume":3000,"label":" ","price":66},{"type":"B","date":"2018-04-17T01:49:41.000Z","volume":500,"label":" ","price":65.95},{"type":"B","date":"2018-04-17T01:49:45.000Z","volume":500,"label":" ","price":65.95},{"type":"B","date":"2018-04-17T01:49:52.000Z","volume":500,"label":" ","price":65.95},{"type":"A","date":"2018-04-17T01:49:58.000Z","volume":18500,"label":" ","price":66},{"type":"A","date":"2018-04-17T01:50:00.000Z","volume":2500,"label":" ","price":66.05},{"type":"A","date":"2018-04-17T01:50:03.000Z","volume":500,"label":" ","price":66.05},{"type":"A","date":"2018-04-17T01:50:06.000Z","volume":1500,"label":" ","price":66.1},{"type":"U","date":"2018-04-17T01:50:28.000Z","volume":500,"label":"X","price":66.025},{"type":"A","date":"2018-04-17T01:51:08.000Z","volume":3000,"label":" ","price":66.05},{"type":"A","date":"2018-04-17T01:51:09.000Z","volume":3000,"label":" ","price":66.05},{"type":"A","date":"2018-04-17T01:51:34.000Z","volume":1000,"label":" ","price":66.05},{"type":"B","date":"2018-04-17T01:51:46.000Z","volume":500,"label":" ","price":66},{"type":"B","date":"2018-04-17T01:51:58.000Z","volume":500,"label":" ","price":66},{"type":"B","date":"2018-04-17T01:52:08.000Z","volume":500,"label":" ","price":66},{"type":"A","date":"2018-04-17T01:52:11.000Z","volume":1000,"label":" ","price":66.05},{"type":"B","date":"2018-04-17T01:52:21.000Z","volume":500,"label":" ","price":66},{"type":"B","date":"2018-04-17T01:52:28.000Z","volume":500,"label":" ","price":66},{"type":"A","date":"2018-04-17T01:52:31.000Z","volume":5000,"label":" ","price":66.05},{"type":"A","date":"2018-04-17T01:52:42.000Z","volume":500,"label":" ","price":66.05},{"type":"A","date":"2018-04-17T01:52:57.000Z","volume":2500,"label":" ","price":66.05},{"type":"A","date":"2018-04-17T01:52:58.000Z","volume":2500,"label":" ","price":66.05},{"type":"A","date":"2018-04-17T01:52:58.000Z","volume":2500,"label":" ","price":66.05},{"type":"A","date":"2018-04-17T01:53:20.000Z","volume":5000,"label":" ","price":66.05},{"type":"U","date":"2018-04-17T01:53:45.000Z","volume":500,"label":"X","price":66.075},{"type":"U","date":"2018-04-17T01:53:45.000Z","volume":500,"label":"X","price":66.075},{"type":"A","date":"2018-04-17T01:54:03.000Z","volume":500,"label":" ","price":66.1},{"type":"A","date":"2018-04-17T01:54:12.000Z","volume":1000,"label":" ","price":66.1},{"type":"B","date":"2018-04-17T01:54:18.000Z","volume":500,"label":" ","price":66.05},{"type":"B","date":"2018-04-17T01:54:28.000Z","volume":500,"label":" ","price":66.05},{"type":"B","date":"2018-04-17T01:54:38.000Z","volume":500,"label":" ","price":66.05},{"type":"B","date":"2018-04-17T01:54:48.000Z","volume":500,"label":" ","price":66.05},{"type":"B","date":"2018-04-17T01:54:51.000Z","volume":500,"label":" ","price":66.05},{"type":"B","date":"2018-04-17T01:54:58.000Z","volume":1000,"label":" ","price":66.05},{"type":"B","date":"2018-04-17T01:55:08.000Z","volume":500,"label":" ","price":66.05},{"type":"A","date":"2018-04-17T01:55:08.000Z","volume":10000,"label":" ","price":66.1},{"type":"B","date":"2018-04-17T01:55:50.000Z","volume":500,"label":" ","price":66.05},{"type":"U","date":"2018-04-17T01:55:51.000Z","volume":500,"label":"X","price":66.075},{"type":"A","date":"2018-04-17T01:56:02.000Z","volume":500,"label":" ","price":66.1},{"type":"B","date":"2018-04-17T01:56:15.000Z","volume":500,"label":" ","price":66.05},{"type":"B","date":"2018-04-17T01:56:30.000Z","volume":500,"label":" ","price":66.05},{"type":"B","date":"2018-04-17T01:56:40.000Z","volume":3500,"label":" ","price":66.05},{"type":"B","date":"2018-04-17T01:56:41.000Z","volume":500,"label":" ","price":66.05},{"type":"B","date":"2018-04-17T01:56:43.000Z","volume":500,"label":" ","price":66.05},{"type":"U","date":"2018-04-17T01:56:43.000Z","volume":500,"label":"X","price":66.075},{"type":"A","date":"2018-04-17T01:56:55.000Z","volume":1000,"label":" ","price":66.1},{"type":"B","date":"2018-04-17T01:57:02.000Z","volume":500,"label":" ","price":66.05},{"type":"A","date":"2018-04-17T01:57:03.000Z","volume":1000,"label":" ","price":66.1},{"type":"B","date":"2018-04-17T01:57:10.000Z","volume":500,"label":" ","price":66.05},{"type":"A","date":"2018-04-17T01:57:14.000Z","volume":10000,"label":" ","price":66.1},{"type":"B","date":"2018-04-17T01:57:28.000Z","volume":500,"label":" ","price":66.05},{"type":"B","date":"2018-04-17T01:57:38.000Z","volume":500,"label":" ","price":66.05},{"type":"A","date":"2018-04-17T01:57:40.000Z","volume":1000,"label":" ","price":66.1},{"type":"B","date":"2018-04-17T01:57:46.000Z","volume":500,"label":" ","price":66.05},{"type":"B","date":"2018-04-17T01:57:54.000Z","volume":500,"label":" ","price":66.05},{"type":"B","date":"2018-04-17T01:57:56.000Z","volume":500,"label":" ","price":66.05},{"type":"B","date":"2018-04-17T01:58:04.000Z","volume":500,"label":" ","price":66.05},{"type":"B","date":"2018-04-17T01:58:04.000Z","volume":2000,"label":" ","price":66.05},{"type":"B","date":"2018-04-17T01:58:04.000Z","volume":1000,"label":" ","price":66.05},{"type":"B","date":"2018-04-17T01:58:06.000Z","volume":500,"label":" ","price":66.05},{"type":"B","date":"2018-04-17T01:58:09.000Z","volume":1000,"label":" ","price":66.05},{"type":"B","date":"2018-04-17T01:58:12.000Z","volume":1000,"label":" ","price":66.05},{"type":"B","date":"2018-04-17T01:58:14.000Z","volume":500,"label":" ","price":66.05},{"type":"B","date":"2018-04-17T01:58:22.000Z","volume":500,"label":" ","price":66.05},{"type":"B","date":"2018-04-17T01:58:23.000Z","volume":20000,"label":" ","price":66.05},{"type":"B","date":"2018-04-17T01:58:23.000Z","volume":1000,"label":" ","price":66.05},{"type":"B","date":"2018-04-17T01:58:24.000Z","volume":500,"label":" ","price":66},{"type":"A","date":"2018-04-17T01:58:24.000Z","volume":1000,"label":" ","price":66.05},{"type":"B","date":"2018-04-17T01:58:36.000Z","volume":500,"label":" ","price":66},{"type":"B","date":"2018-04-17T01:58:36.000Z","volume":500,"label":" ","price":66},{"type":"B","date":"2018-04-17T01:58:36.000Z","volume":1500,"label":" ","price":66},{"type":"B","date":"2018-04-17T01:58:36.000Z","volume":1000,"label":" ","price":66},{"type":"B","date":"2018-04-17T01:58:39.000Z","volume":3000,"label":" ","price":66},{"type":"B","date":"2018-04-17T01:58:39.000Z","volume":500,"label":" ","price":66},{"type":"B","date":"2018-04-17T01:58:48.000Z","volume":500,"label":" ","price":66},{"type":"B","date":"2018-04-17T01:58:52.000Z","volume":500,"label":" ","price":66},{"type":"B","date":"2018-04-17T01:59:00.000Z","volume":500,"label":" ","price":66},{"type":"B","date":"2018-04-17T01:59:00.000Z","volume":500,"label":" ","price":66},{"type":"B","date":"2018-04-17T01:59:10.000Z","volume":500,"label":" ","price":66},{"type":"B","date":"2018-04-17T01:59:19.000Z","volume":500,"label":" ","price":66},{"type":"B","date":"2018-04-17T01:59:20.000Z","volume":500,"label":" ","price":66},{"type":"B","date":"2018-04-17T01:59:30.000Z","volume":500,"label":" ","price":66},{"type":"B","date":"2018-04-17T01:59:40.000Z","volume":500,"label":" ","price":66},{"type":"B","date":"2018-04-17T01:59:47.000Z","volume":500,"label":" ","price":66},{"type":"B","date":"2018-04-17T01:59:50.000Z","volume":500,"label":" ","price":66},{"type":"A","date":"2018-04-17T01:59:50.000Z","volume":500,"label":" ","price":66.05},{"type":"A","date":"2018-04-17T01:59:50.000Z","volume":500,"label":" ","price":66.05},{"type":"B","date":"2018-04-17T01:59:59.000Z","volume":3500,"label":" ","price":66},{"type":"A","date":"2018-04-17T01:59:59.000Z","volume":500,"label":" ","price":66.05},{"type":"B","date":"2018-04-17T02:00:00.000Z","volume":3500,"label":" ","price":66},{"type":"B","date":"2018-04-17T02:00:00.000Z","volume":1000,"label":"Y","price":66},{"type":"B","date":"2018-04-17T02:00:00.000Z","volume":1500,"label":" ","price":66},{"type":"B","date":"2018-04-17T02:00:00.000Z","volume":500,"label":"Y","price":66},{"type":"U","date":"2018-04-17T02:00:10.000Z","volume":2000,"label":" ","price":66},{"type":"A","date":"2018-04-17T02:00:10.000Z","volume":500,"label":" ","price":66},{"type":"U","date":"2018-04-17T02:00:10.000Z","volume":3500,"label":" ","price":66},{"type":"A","date":"2018-04-17T02:00:13.000Z","volume":5500,"label":" ","price":66},{"type":"A","date":"2018-04-17T02:00:13.000Z","volume":500,"label":" ","price":66.05},{"type":"A","date":"2018-04-17T02:00:13.000Z","volume":500,"label":" ","price":66.05},{"type":"B","date":"2018-04-17T02:00:13.000Z","volume":500,"label":" ","price":66},{"type":"A","date":"2018-04-17T02:00:13.000Z","volume":13000,"label":" ","price":66.05},{"type":"A","date":"2018-04-17T02:00:13.000Z","volume":500,"label":"Y","price":66.1},{"type":"A","date":"2018-04-17T02:00:13.000Z","volume":1500,"label":"Y","price":66.1},{"type":"A","date":"2018-04-17T02:00:13.000Z","volume":500,"label":" ","price":66.1},{"type":"A","date":"2018-04-17T02:00:13.000Z","volume":1000,"label":"Y","price":66.1},{"type":"A","date":"2018-04-17T02:00:13.000Z","volume":500,"label":" ","price":66.1},{"type":"A","date":"2018-04-17T02:00:13.000Z","volume":500,"label":"Y","price":66.1},{"type":"A","date":"2018-04-17T02:00:13.000Z","volume":500,"label":"Y","price":66.1},{"type":"A","date":"2018-04-17T02:00:14.000Z","volume":9000,"label":" ","price":66.1},{"type":"A","date":"2018-04-17T02:00:14.000Z","volume":500,"label":" ","price":66.15},{"type":"A","date":"2018-04-17T02:00:14.000Z","volume":2000,"label":" ","price":66.2},{"type":"A","date":"2018-04-17T02:00:14.000Z","volume":1000,"label":" ","price":66.2},{"type":"A","date":"2018-04-17T02:00:14.000Z","volume":500,"label":" ","price":66.2},{"type":"A","date":"2018-04-17T02:00:14.000Z","volume":9000,"label":" ","price":66.2},{"type":"A","date":"2018-04-17T02:00:14.000Z","volume":5000,"label":" ","price":66.2},{"type":"A","date":"2018-04-17T02:00:14.000Z","volume":2500,"label":" ","price":66.25},{"type":"A","date":"2018-04-17T02:00:14.000Z","volume":2500,"label":" ","price":66.25},{"type":"A","date":"2018-04-17T02:00:14.000Z","volume":500,"label":" ","price":66.25},{"type":"A","date":"2018-04-17T02:00:14.000Z","volume":500,"label":" ","price":66.25},{"type":"B","date":"2018-04-17T02:00:16.000Z","volume":12500,"label":" ","price":66.2},{"type":"A","date":"2018-04-17T02:00:16.000Z","volume":2000,"label":" ","price":66.2},{"type":"A","date":"2018-04-17T02:00:18.000Z","volume":1500,"label":" ","price":66.2},{"type":"B","date":"2018-04-17T02:00:18.000Z","volume":8000,"label":" ","price":66.15},{"type":"B","date":"2018-04-17T02:00:19.000Z","volume":500,"label":"Y","price":66.15},{"type":"B","date":"2018-04-17T02:00:19.000Z","volume":1500,"label":" ","price":66.15},{"type":"B","date":"2018-04-17T02:00:20.000Z","volume":3500,"label":" ","price":66.15},{"type":"B","date":"2018-04-17T02:00:21.000Z","volume":5500,"label":" ","price":66.1},{"type":"B","date":"2018-04-17T02:00:23.000Z","volume":500,"label":" ","price":66.05},{"type":"A","date":"2018-04-17T02:00:54.000Z","volume":500,"label":" ","price":66.1},{"type":"B","date":"2018-04-17T02:01:22.000Z","volume":1000,"label":" ","price":66.05},{"type":"B","date":"2018-04-17T02:01:32.000Z","volume":500,"label":" ","price":66},{"type":"B","date":"2018-04-17T02:01:32.000Z","volume":2500,"label":" ","price":66},{"type":"B","date":"2018-04-17T02:01:36.000Z","volume":500,"label":" ","price":65.95},{"type":"B","date":"2018-04-17T02:01:56.000Z","volume":500,"label":" ","price":65.95},{"type":"A","date":"2018-04-17T02:01:58.000Z","volume":2000,"label":" ","price":66.05},{"type":"B","date":"2018-04-17T02:02:19.000Z","volume":500,"label":" ","price":65.95},{"type":"B","date":"2018-04-17T02:02:20.000Z","volume":500,"label":" ","price":65.95},{"type":"U","date":"2018-04-17T02:02:27.000Z","volume":500,"label":"X","price":66.012},{"type":"B","date":"2018-04-17T02:02:30.000Z","volume":500,"label":" ","price":65.95},{"type":"U","date":"2018-04-17T02:02:38.000Z","volume":1000,"label":" ","price":66},{"type":"A","date":"2018-04-17T02:02:38.000Z","volume":6500,"label":" ","price":66},{"type":"A","date":"2018-04-17T02:02:38.000Z","volume":500,"label":" ","price":66},{"type":"A","date":"2018-04-17T02:02:40.000Z","volume":2500,"label":" ","price":66.05},{"type":"B","date":"2018-04-17T02:03:36.000Z","volume":500,"label":" ","price":66},{"type":"B","date":"2018-04-17T02:03:36.000Z","volume":500,"label":" ","price":66},{"type":"U","date":"2018-04-17T02:03:36.000Z","volume":1000,"label":"X","price":66},{"type":"B","date":"2018-04-17T02:03:36.000Z","volume":500,"label":" ","price":66},{"type":"B","date":"2018-04-17T02:03:36.000Z","volume":5000,"label":" ","price":66},{"type":"A","date":"2018-04-17T02:03:38.000Z","volume":3000,"label":" ","price":66.05},{"type":"B","date":"2018-04-17T02:03:39.000Z","volume":500,"label":" ","price":66},{"type":"B","date":"2018-04-17T02:03:41.000Z","volume":2000,"label":" ","price":66},{"type":"B","date":"2018-04-17T02:03:41.000Z","volume":500,"label":"Y","price":66},{"type":"B","date":"2018-04-17T02:03:41.000Z","volume":500,"label":"Y","price":66},{"type":"U","date":"2018-04-17T02:03:43.000Z","volume":500,"label":" ","price":66},{"type":"B","date":"2018-04-17T02:03:46.000Z","volume":1000,"label":" ","price":65.95},{"type":"A","date":"2018-04-17T02:03:48.000Z","volume":10000,"label":" ","price":66},{"type":"B","date":"2018-04-17T02:03:48.000Z","volume":1000,"label":" ","price":66},{"type":"A","date":"2018-04-17T02:03:48.000Z","volume":4000,"label":" ","price":66.05},{"type":"A","date":"2018-04-17T02:03:48.000Z","volume":500,"label":" ","price":66.05},{"type":"A","date":"2018-04-17T02:04:38.000Z","volume":3000,"label":" ","price":66.05},{"type":"B","date":"2018-04-17T02:04:47.000Z","volume":500,"label":"Y","price":66},{"type":"B","date":"2018-04-17T02:04:56.000Z","volume":500,"label":" ","price":66},{"type":"B","date":"2018-04-17T02:05:03.000Z","volume":500,"label":" ","price":66},{"type":"B","date":"2018-04-17T02:05:06.000Z","volume":500,"label":" ","price":66},{"type":"B","date":"2018-04-17T02:05:17.000Z","volume":500,"label":"Y","price":66},{"type":"B","date":"2018-04-17T02:05:27.000Z","volume":500,"label":"Y","price":66},{"type":"B","date":"2018-04-17T02:05:29.000Z","volume":500,"label":" ","price":66},{"type":"A","date":"2018-04-17T02:05:31.000Z","volume":500,"label":" ","price":66.05},{"type":"B","date":"2018-04-17T02:05:38.000Z","volume":500,"label":" ","price":66},{"type":"B","date":"2018-04-17T02:05:49.000Z","volume":500,"label":" ","price":66},{"type":"B","date":"2018-04-17T02:05:53.000Z","volume":500,"label":" ","price":66},{"type":"B","date":"2018-04-17T02:06:00.000Z","volume":500,"label":"Y","price":66},{"type":"B","date":"2018-04-17T02:06:11.000Z","volume":500,"label":" ","price":66},{"type":"B","date":"2018-04-17T02:06:20.000Z","volume":500,"label":" ","price":66},{"type":"B","date":"2018-04-17T02:06:20.000Z","volume":2000,"label":" ","price":66},{"type":"B","date":"2018-04-17T02:06:22.000Z","volume":500,"label":" ","price":65.95},{"type":"B","date":"2018-04-17T02:06:34.000Z","volume":500,"label":"Y","price":66},{"type":"B","date":"2018-04-17T02:06:34.000Z","volume":500,"label":" ","price":66},{"type":"B","date":"2018-04-17T02:06:45.000Z","volume":500,"label":" ","price":66},{"type":"B","date":"2018-04-17T02:06:47.000Z","volume":500,"label":" ","price":66},{"type":"B","date":"2018-04-17T02:06:56.000Z","volume":500,"label":" ","price":66},{"type":"B","date":"2018-04-17T02:07:08.000Z","volume":500,"label":" ","price":66},{"type":"B","date":"2018-04-17T02:07:14.000Z","volume":500,"label":"Y","price":66},{"type":"B","date":"2018-04-17T02:07:18.000Z","volume":500,"label":" ","price":66},{"type":"U","date":"2018-04-17T02:07:20.000Z","volume":5000,"label":"P","price":66.3},{"type":"A","date":"2018-04-17T02:07:22.000Z","volume":16000,"label":" ","price":66.05},{"type":"A","date":"2018-04-17T02:07:22.000Z","volume":1500,"label":" ","price":66.05},{"type":"A","date":"2018-04-17T02:07:22.000Z","volume":1000,"label":" ","price":66.05},{"type":"A","date":"2018-04-17T02:07:22.000Z","volume":3000,"label":" ","price":66.1},{"type":"U","date":"2018-04-17T02:07:22.000Z","volume":1000,"label":"X","price":66.1},{"type":"A","date":"2018-04-17T02:07:23.000Z","volume":2000,"label":" ","price":66.1},{"type":"A","date":"2018-04-17T02:07:24.000Z","volume":7500,"label":" ","price":66.1},{"type":"A","date":"2018-04-17T02:07:24.000Z","volume":1000,"label":" ","price":66.1},{"type":"A","date":"2018-04-17T02:07:24.000Z","volume":1000,"label":" ","price":66.1},{"type":"A","date":"2018-04-17T02:07:24.000Z","volume":1000,"label":" ","price":66.15},{"type":"A","date":"2018-04-17T02:07:25.000Z","volume":2500,"label":" ","price":66.2},{"type":"A","date":"2018-04-17T02:07:31.000Z","volume":500,"label":"Y","price":66.15},{"type":"A","date":"2018-04-17T02:07:32.000Z","volume":500,"label":" ","price":66.15},{"type":"A","date":"2018-04-17T02:08:05.000Z","volume":4500,"label":" ","price":66.15},{"type":"A","date":"2018-04-17T02:08:05.000Z","volume":500,"label":" ","price":66.2},{"type":"U","date":"2018-04-17T02:08:13.000Z","volume":1000,"label":" ","price":66.15},{"type":"B","date":"2018-04-17T02:08:15.000Z","volume":1000,"label":" ","price":66.15},{"type":"A","date":"2018-04-17T02:08:27.000Z","volume":1000,"label":" ","price":66.2},{"type":"B","date":"2018-04-17T02:08:29.000Z","volume":3500,"label":" ","price":66.15},{"type":"A","date":"2018-04-17T02:08:29.000Z","volume":500,"label":" ","price":66.2},{"type":"A","date":"2018-04-17T02:09:06.000Z","volume":20500,"label":" ","price":66.2},{"type":"A","date":"2018-04-17T02:09:07.000Z","volume":2000,"label":" ","price":66.2},{"type":"A","date":"2018-04-17T02:09:07.000Z","volume":500,"label":" ","price":66.2},{"type":"A","date":"2018-04-17T02:09:07.000Z","volume":4000,"label":" ","price":66.2},{"type":"A","date":"2018-04-17T02:09:07.000Z","volume":3000,"label":" ","price":66.2},{"type":"B","date":"2018-04-17T02:09:07.000Z","volume":1000,"label":" ","price":66.15},{"type":"A","date":"2018-04-17T02:09:07.000Z","volume":500,"label":"Y","price":66.2},{"type":"A","date":"2018-04-17T02:09:07.000Z","volume":500,"label":" ","price":66.2},{"type":"A","date":"2018-04-17T02:09:07.000Z","volume":21000,"label":" ","price":66.2},{"type":"A","date":"2018-04-17T02:09:07.000Z","volume":2500,"label":"Y","price":66.2},{"type":"A","date":"2018-04-17T02:09:07.000Z","volume":4000,"label":" ","price":66.2},{"type":"A","date":"2018-04-17T02:09:07.000Z","volume":500,"label":"Y","price":66.2},{"type":"A","date":"2018-04-17T02:09:07.000Z","volume":1000,"label":" ","price":66.2},{"type":"A","date":"2018-04-17T02:09:07.000Z","volume":1000,"label":" ","price":66.2},{"type":"A","date":"2018-04-17T02:09:08.000Z","volume":10000,"label":" ","price":66.25},{"type":"A","date":"2018-04-17T02:09:08.000Z","volume":1500,"label":" ","price":66.25},{"type":"A","date":"2018-04-17T02:09:09.000Z","volume":7500,"label":" ","price":66.25},{"type":"A","date":"2018-04-17T02:09:09.000Z","volume":1500,"label":" ","price":66.25},{"type":"A","date":"2018-04-17T02:09:09.000Z","volume":1000,"label":" ","price":66.3},{"type":"B","date":"2018-04-17T02:09:11.000Z","volume":1000,"label":" ","price":66.25},{"type":"B","date":"2018-04-17T02:09:11.000Z","volume":16500,"label":" ","price":66.25},{"type":"B","date":"2018-04-17T02:09:11.000Z","volume":1500,"label":" ","price":66.25},{"type":"B","date":"2018-04-17T02:09:12.000Z","volume":5000,"label":" ","price":66.2},{"type":"B","date":"2018-04-17T02:09:12.000Z","volume":500,"label":"Y","price":66.2},{"type":"U","date":"2018-04-17T02:09:13.000Z","volume":500,"label":" ","price":66.2},{"type":"A","date":"2018-04-17T02:09:21.000Z","volume":3500,"label":" ","price":66.2},{"type":"A","date":"2018-04-17T02:09:22.000Z","volume":1000,"label":" ","price":66.2},{"type":"A","date":"2018-04-17T02:09:22.000Z","volume":500,"label":" ","price":66.2},{"type":"B","date":"2018-04-17T02:09:28.000Z","volume":7000,"label":" ","price":66.2},{"type":"B","date":"2018-04-17T02:09:28.000Z","volume":500,"label":" ","price":66.2},{"type":"B","date":"2018-04-17T02:09:46.000Z","volume":18000,"label":" ","price":66.15},{"type":"B","date":"2018-04-17T02:09:46.000Z","volume":3000,"label":" ","price":66.1},{"type":"B","date":"2018-04-17T02:09:46.000Z","volume":500,"label":"Y","price":66.1},{"type":"B","date":"2018-04-17T02:09:54.000Z","volume":1000,"label":" ","price":66.1},{"type":"U","date":"2018-04-17T02:09:56.000Z","volume":1000,"label":" ","price":66.1},{"type":"U","date":"2018-04-17T02:09:59.000Z","volume":500,"label":" ","price":66.1},{"type":"B","date":"2018-04-17T02:10:00.000Z","volume":500,"label":" ","price":66.1},{"type":"A","date":"2018-04-17T02:10:00.000Z","volume":3500,"label":" ","price":66.1},{"type":"A","date":"2018-04-17T02:10:01.000Z","volume":1500,"label":" ","price":66.1},{"type":"A","date":"2018-04-17T02:10:01.000Z","volume":500,"label":" ","price":66.1},{"type":"A","date":"2018-04-17T02:10:01.000Z","volume":500,"label":" ","price":66.1},{"type":"A","date":"2018-04-17T02:10:01.000Z","volume":500,"label":"Y","price":66.1},{"type":"B","date":"2018-04-17T02:10:03.000Z","volume":1500,"label":" ","price":66.1},{"type":"B","date":"2018-04-17T02:10:03.000Z","volume":1000,"label":" ","price":66.1},{"type":"B","date":"2018-04-17T02:10:03.000Z","volume":500,"label":" ","price":66.1},{"type":"A","date":"2018-04-17T02:10:03.000Z","volume":2500,"label":" ","price":66.1},{"type":"A","date":"2018-04-17T02:10:03.000Z","volume":1000,"label":" ","price":66.1},{"type":"A","date":"2018-04-17T02:10:03.000Z","volume":500,"label":" ","price":66.1},{"type":"A","date":"2018-04-17T02:10:04.000Z","volume":500,"label":" ","price":66.1},{"type":"A","date":"2018-04-17T02:10:04.000Z","volume":500,"label":" ","price":66.15},{"type":"A","date":"2018-04-17T02:10:06.000Z","volume":500,"label":" ","price":66.15},{"type":"B","date":"2018-04-17T02:10:06.000Z","volume":500,"label":"Y","price":66.1},{"type":"A","date":"2018-04-17T02:10:07.000Z","volume":500,"label":" ","price":66.15},{"type":"A","date":"2018-04-17T02:10:08.000Z","volume":1000,"label":" ","price":66.15},{"type":"B","date":"2018-04-17T02:10:09.000Z","volume":500,"label":" ","price":66.1},{"type":"B","date":"2018-04-17T02:10:10.000Z","volume":12000,"label":" ","price":66.1},{"type":"B","date":"2018-04-17T02:10:10.000Z","volume":3500,"label":" ","price":66.1},{"type":"B","date":"2018-04-17T02:10:10.000Z","volume":500,"label":" ","price":66.1},{"type":"B","date":"2018-04-17T02:10:12.000Z","volume":500,"label":" ","price":66.1},{"type":"A","date":"2018-04-17T02:10:14.000Z","volume":1000,"label":" ","price":66.15},{"type":"U","date":"2018-04-17T02:10:14.000Z","volume":500,"label":"X","price":66.15},{"type":"B","date":"2018-04-17T02:10:44.000Z","volume":5000,"label":" ","price":66.1},{"type":"B","date":"2018-04-17T02:10:44.000Z","volume":8500,"label":" ","price":66.05},{"type":"A","date":"2018-04-17T02:10:45.000Z","volume":1000,"label":"Y","price":66.1},{"type":"A","date":"2018-04-17T02:10:45.000Z","volume":6000,"label":" ","price":66.1},{"type":"A","date":"2018-04-17T02:10:45.000Z","volume":500,"label":"Y","price":66.1},{"type":"A","date":"2018-04-17T02:10:46.000Z","volume":2000,"label":" ","price":66.15},{"type":"U","date":"2018-04-17T02:10:46.000Z","volume":500,"label":"X","price":66.15},{"type":"A","date":"2018-04-17T02:10:48.000Z","volume":2000,"label":" ","price":66.15},{"type":"A","date":"2018-04-17T02:10:50.000Z","volume":1500,"label":" ","price":66.15},{"type":"A","date":"2018-04-17T02:10:55.000Z","volume":5000,"label":" ","price":66.15},{"type":"A","date":"2018-04-17T02:10:55.000Z","volume":1000,"label":" ","price":66.15},{"type":"A","date":"2018-04-17T02:10:55.000Z","volume":500,"label":" ","price":66.15},{"type":"A","date":"2018-04-17T02:11:05.000Z","volume":500,"label":" ","price":66.2},{"type":"A","date":"2018-04-17T02:11:06.000Z","volume":1500,"label":" ","price":66.2},{"type":"A","date":"2018-04-17T02:11:07.000Z","volume":500,"label":" ","price":66.2},{"type":"A","date":"2018-04-17T02:11:29.000Z","volume":7500,"label":" ","price":66.2},{"type":"A","date":"2018-04-17T02:11:30.000Z","volume":2000,"label":" ","price":66.2},{"type":"U","date":"2018-04-17T02:11:33.000Z","volume":418,"label":"D","price":66.15},{"type":"A","date":"2018-04-17T02:11:45.000Z","volume":500,"label":" ","price":66.2},{"type":"A","date":"2018-04-17T02:11:46.000Z","volume":1500,"label":" ","price":66.2},{"type":"A","date":"2018-04-17T02:11:46.000Z","volume":500,"label":" ","price":66.2},{"type":"A","date":"2018-04-17T02:11:52.000Z","volume":4000,"label":" ","price":66.2},{"type":"A","date":"2018-04-17T02:11:52.000Z","volume":500,"label":" ","price":66.2},{"type":"A","date":"2018-04-17T02:11:55.000Z","volume":500,"label":" ","price":66.2},{"type":"A","date":"2018-04-17T02:11:56.000Z","volume":1000,"label":" ","price":66.2},{"type":"A","date":"2018-04-17T02:11:56.000Z","volume":4000,"label":" ","price":66.2},{"type":"A","date":"2018-04-17T02:11:56.000Z","volume":15500,"label":" ","price":66.2},{"type":"A","date":"2018-04-17T02:11:56.000Z","volume":500,"label":" ","price":66.2},{"type":"A","date":"2018-04-17T02:11:56.000Z","volume":500,"label":" ","price":66.2},{"type":"A","date":"2018-04-17T02:11:56.000Z","volume":500,"label":" ","price":66.2},{"type":"A","date":"2018-04-17T02:11:57.000Z","volume":500,"label":" ","price":66.25},{"type":"A","date":"2018-04-17T02:11:57.000Z","volume":2500,"label":" ","price":66.25},{"type":"A","date":"2018-04-17T02:11:57.000Z","volume":3500,"label":" ","price":66.25},{"type":"A","date":"2018-04-17T02:11:57.000Z","volume":1500,"label":" ","price":66.25},{"type":"A","date":"2018-04-17T02:11:58.000Z","volume":6500,"label":" ","price":66.3},{"type":"U","date":"2018-04-17T02:12:06.000Z","volume":180,"label":"D","price":65.7},{"type":"A","date":"2018-04-17T02:12:08.000Z","volume":1000,"label":" ","price":66.3},{"type":"U","date":"2018-04-17T02:12:08.000Z","volume":500,"label":" ","price":66.25},{"type":"U","date":"2018-04-17T02:12:09.000Z","volume":500,"label":" ","price":66.25},{"type":"B","date":"2018-04-17T02:12:12.000Z","volume":1000,"label":" ","price":66.25},{"type":"A","date":"2018-04-17T02:12:13.000Z","volume":500,"label":" ","price":66.3},{"type":"A","date":"2018-04-17T02:12:14.000Z","volume":3000,"label":" ","price":66.3},{"type":"B","date":"2018-04-17T02:12:14.000Z","volume":500,"label":" ","price":66.25},{"type":"A","date":"2018-04-17T02:12:14.000Z","volume":8000,"label":" ","price":66.3},{"type":"A","date":"2018-04-17T02:12:15.000Z","volume":3000,"label":" ","price":66.35},{"type":"A","date":"2018-04-17T02:12:15.000Z","volume":500,"label":" ","price":66.3},{"type":"A","date":"2018-04-17T02:12:17.000Z","volume":1500,"label":" ","price":66.4},{"type":"U","date":"2018-04-17T02:12:24.000Z","volume":184,"label":"D","price":65.8},{"type":"U","date":"2018-04-17T02:12:27.000Z","volume":500,"label":"X","price":66.153},{"type":"B","date":"2018-04-17T02:12:35.000Z","volume":7500,"label":" ","price":66.3},{"type":"B","date":"2018-04-17T02:12:35.000Z","volume":500,"label":" ","price":66.3},{"type":"B","date":"2018-04-17T02:12:36.000Z","volume":500,"label":" ","price":66.25},{"type":"B","date":"2018-04-17T02:12:44.000Z","volume":500,"label":" ","price":66.25},{"type":"A","date":"2018-04-17T02:12:49.000Z","volume":500,"label":" ","price":66.3},{"type":"A","date":"2018-04-17T02:12:50.000Z","volume":9000,"label":" ","price":66.3},{"type":"A","date":"2018-04-17T02:12:50.000Z","volume":500,"label":" ","price":66.3},{"type":"U","date":"2018-04-17T02:12:52.000Z","volume":500,"label":" ","price":66.3},{"type":"A","date":"2018-04-17T02:13:10.000Z","volume":2500,"label":" ","price":66.35},{"type":"A","date":"2018-04-17T02:13:10.000Z","volume":500,"label":" ","price":66.35},{"type":"U","date":"2018-04-17T02:13:10.000Z","volume":1000,"label":"X","price":66.35},{"type":"A","date":"2018-04-17T02:13:25.000Z","volume":13000,"label":" ","price":66.35},{"type":"A","date":"2018-04-17T02:13:25.000Z","volume":1000,"label":" ","price":66.35},{"type":"A","date":"2018-04-17T02:13:26.000Z","volume":2000,"label":" ","price":66.35},{"type":"A","date":"2018-04-17T02:13:26.000Z","volume":500,"label":" ","price":66.35},{"type":"A","date":"2018-04-17T02:13:48.000Z","volume":3000,"label":" ","price":66.35},{"type":"B","date":"2018-04-17T02:13:48.000Z","volume":500,"label":" ","price":66.3},{"type":"A","date":"2018-04-17T02:13:50.000Z","volume":2000,"label":" ","price":66.35},{"type":"A","date":"2018-04-17T02:13:50.000Z","volume":500,"label":"Y","price":66.35},{"type":"A","date":"2018-04-17T02:14:14.000Z","volume":2000,"label":" ","price":66.35},{"type":"A","date":"2018-04-17T02:14:34.000Z","volume":1000,"label":" ","price":66.35},{"type":"U","date":"2018-04-17T02:14:42.000Z","volume":500,"label":"X","price":66.3},{"type":"A","date":"2018-04-17T02:14:43.000Z","volume":1500,"label":" ","price":66.35},{"type":"U","date":"2018-04-17T02:14:44.000Z","volume":500,"label":"X","price":66.325},{"type":"A","date":"2018-04-17T02:14:44.000Z","volume":500,"label":" ","price":66.35},{"type":"A","date":"2018-04-17T02:14:44.000Z","volume":24500,"label":" ","price":66.35},{"type":"A","date":"2018-04-17T02:14:44.000Z","volume":2000,"label":"Y","price":66.35},{"type":"A","date":"2018-04-17T02:14:44.000Z","volume":500,"label":" ","price":66.35},{"type":"A","date":"2018-04-17T02:14:44.000Z","volume":500,"label":" ","price":66.4},{"type":"A","date":"2018-04-17T02:14:44.000Z","volume":3000,"label":" ","price":66.4},{"type":"A","date":"2018-04-17T02:14:44.000Z","volume":5500,"label":" ","price":66.4},{"type":"A","date":"2018-04-17T02:14:44.000Z","volume":1000,"label":" ","price":66.45},{"type":"B","date":"2018-04-17T02:14:46.000Z","volume":500,"label":" ","price":66.4},{"type":"A","date":"2018-04-17T02:14:47.000Z","volume":500,"label":" ","price":66.45},{"type":"A","date":"2018-04-17T02:14:56.000Z","volume":500,"label":" ","price":66.45},{"type":"A","date":"2018-04-17T02:14:56.000Z","volume":2000,"label":" ","price":66.45},{"type":"A","date":"2018-04-17T02:14:56.000Z","volume":4000,"label":" ","price":66.45},{"type":"A","date":"2018-04-17T02:14:56.000Z","volume":500,"label":" ","price":66.45},{"type":"A","date":"2018-04-17T02:14:58.000Z","volume":2000,"label":" ","price":66.5},{"type":"A","date":"2018-04-17T02:15:07.000Z","volume":1000,"label":" ","price":66.5},{"type":"A","date":"2018-04-17T02:15:08.000Z","volume":1000,"label":" ","price":66.5},{"type":"A","date":"2018-04-17T02:15:08.000Z","volume":6500,"label":" ","price":66.5},{"type":"A","date":"2018-04-17T02:15:08.000Z","volume":500,"label":"Y","price":66.5},{"type":"A","date":"2018-04-17T02:15:08.000Z","volume":500,"label":"Y","price":66.5},{"type":"A","date":"2018-04-17T02:15:08.000Z","volume":1000,"label":" ","price":66.5},{"type":"A","date":"2018-04-17T02:15:08.000Z","volume":500,"label":" ","price":66.5},{"type":"A","date":"2018-04-17T02:15:09.000Z","volume":1000,"label":" ","price":66.5},{"type":"A","date":"2018-04-17T02:15:09.000Z","volume":500,"label":" ","price":66.5},{"type":"A","date":"2018-04-17T02:15:10.000Z","volume":1500,"label":" ","price":66.5},{"type":"A","date":"2018-04-17T02:15:10.000Z","volume":5500,"label":" ","price":66.5},{"type":"A","date":"2018-04-17T02:15:10.000Z","volume":500,"label":" ","price":66.55},{"type":"A","date":"2018-04-17T02:15:11.000Z","volume":1500,"label":" ","price":66.55},{"type":"A","date":"2018-04-17T02:15:11.000Z","volume":500,"label":"Y","price":66.55},{"type":"B","date":"2018-04-17T02:15:13.000Z","volume":1000,"label":" ","price":66.5},{"type":"A","date":"2018-04-17T02:15:22.000Z","volume":500,"label":" ","price":66.55},{"type":"A","date":"2018-04-17T02:15:29.000Z","volume":500,"label":" ","price":66.55},{"type":"A","date":"2018-04-17T02:15:29.000Z","volume":500,"label":" ","price":66.55},{"type":"B","date":"2018-04-17T02:15:30.000Z","volume":5000,"label":" ","price":66.5},{"type":"A","date":"2018-04-17T02:15:30.000Z","volume":500,"label":" ","price":66.55},{"type":"A","date":"2018-04-17T02:15:31.000Z","volume":500,"label":" ","price":66.55},{"type":"B","date":"2018-04-17T02:15:31.000Z","volume":500,"label":" ","price":66.5},{"type":"B","date":"2018-04-17T02:15:32.000Z","volume":5000,"label":" ","price":66.5},{"type":"B","date":"2018-04-17T02:15:34.000Z","volume":1000,"label":" ","price":66.5},{"type":"A","date":"2018-04-17T02:15:34.000Z","volume":500,"label":"Y","price":66.55},{"type":"A","date":"2018-04-17T02:15:36.000Z","volume":500,"label":" ","price":66.55},{"type":"A","date":"2018-04-17T02:15:40.000Z","volume":500,"label":" ","price":66.55},{"type":"A","date":"2018-04-17T02:15:40.000Z","volume":1500,"label":" ","price":66.55},{"type":"A","date":"2018-04-17T02:15:40.000Z","volume":1000,"label":" ","price":66.55},{"type":"B","date":"2018-04-17T02:15:40.000Z","volume":500,"label":" ","price":66.5},{"type":"A","date":"2018-04-17T02:15:40.000Z","volume":500,"label":" ","price":66.6},{"type":"A","date":"2018-04-17T02:15:45.000Z","volume":500,"label":" ","price":66.6},{"type":"A","date":"2018-04-17T02:15:47.000Z","volume":500,"label":" ","price":66.6},{"type":"A","date":"2018-04-17T02:15:47.000Z","volume":4000,"label":" ","price":66.6},{"type":"A","date":"2018-04-17T02:15:47.000Z","volume":500,"label":"Y","price":66.6},{"type":"A","date":"2018-04-17T02:15:47.000Z","volume":500,"label":"Y","price":66.6},{"type":"A","date":"2018-04-17T02:15:47.000Z","volume":1000,"label":" ","price":66.6},{"type":"A","date":"2018-04-17T02:15:53.000Z","volume":500,"label":" ","price":66.65},{"type":"B","date":"2018-04-17T02:15:54.000Z","volume":500,"label":" ","price":66.55},{"type":"U","date":"2018-04-17T02:16:04.000Z","volume":500,"label":" ","price":66.6},{"type":"B","date":"2018-04-17T02:16:24.000Z","volume":13000,"label":" ","price":66.6},{"type":"B","date":"2018-04-17T02:16:24.000Z","volume":1000,"label":" ","price":66.6},{"type":"B","date":"2018-04-17T02:16:24.000Z","volume":500,"label":" ","price":66.55},{"type":"B","date":"2018-04-17T02:16:26.000Z","volume":1000,"label":" ","price":66.55},{"type":"B","date":"2018-04-17T02:16:26.000Z","volume":13500,"label":" ","price":66.55},{"type":"B","date":"2018-04-17T02:16:26.000Z","volume":4000,"label":" ","price":66.55},{"type":"B","date":"2018-04-17T02:16:26.000Z","volume":500,"label":" ","price":66.55},{"type":"A","date":"2018-04-17T02:16:27.000Z","volume":3500,"label":" ","price":66.55},{"type":"B","date":"2018-04-17T02:16:30.000Z","volume":2000,"label":" ","price":66.5},{"type":"A","date":"2018-04-17T02:16:37.000Z","volume":2000,"label":" ","price":66.55},{"type":"A","date":"2018-04-17T02:16:37.000Z","volume":500,"label":" ","price":66.55},{"type":"A","date":"2018-04-17T02:16:37.000Z","volume":500,"label":" ","price":66.55},{"type":"U","date":"2018-04-17T02:16:38.000Z","volume":500,"label":"X","price":66.55},{"type":"A","date":"2018-04-17T02:16:38.000Z","volume":500,"label":" ","price":66.55},{"type":"A","date":"2018-04-17T02:16:38.000Z","volume":500,"label":" ","price":66.55},{"type":"B","date":"2018-04-17T02:16:40.000Z","volume":500,"label":" ","price":66.55},{"type":"U","date":"2018-04-17T02:16:42.000Z","volume":1500,"label":"X","price":66.6},{"type":"B","date":"2018-04-17T02:17:00.000Z","volume":500,"label":" ","price":66.55},{"type":"B","date":"2018-04-17T02:17:00.000Z","volume":6000,"label":" ","price":66.55},{"type":"U","date":"2018-04-17T02:17:00.000Z","volume":1000,"label":" ","price":66.55},{"type":"B","date":"2018-04-17T02:17:02.000Z","volume":500,"label":" ","price":66.55},{"type":"B","date":"2018-04-17T02:17:10.000Z","volume":3500,"label":" ","price":66.55},{"type":"A","date":"2018-04-17T02:17:10.000Z","volume":500,"label":" ","price":66.55},{"type":"A","date":"2018-04-17T02:17:32.000Z","volume":500,"label":" ","price":66.55},{"type":"A","date":"2018-04-17T02:17:34.000Z","volume":500,"label":" ","price":66.55},{"type":"A","date":"2018-04-17T02:17:35.000Z","volume":2000,"label":" ","price":66.55},{"type":"U","date":"2018-04-17T02:17:58.000Z","volume":500,"label":"X","price":66.525},{"type":"A","date":"2018-04-17T02:18:08.000Z","volume":500,"label":" ","price":66.55},{"type":"A","date":"2018-04-17T02:18:08.000Z","volume":41500,"label":" ","price":66.55},{"type":"A","date":"2018-04-17T02:18:08.000Z","volume":6000,"label":" ","price":66.6},{"type":"A","date":"2018-04-17T02:18:08.000Z","volume":2000,"label":" ","price":66.65},{"type":"A","date":"2018-04-17T02:18:08.000Z","volume":500,"label":" ","price":66.65},{"type":"A","date":"2018-04-17T02:18:08.000Z","volume":500,"label":" ","price":66.65},{"type":"U","date":"2018-04-17T02:18:09.000Z","volume":1500,"label":" ","price":66.65},{"type":"A","date":"2018-04-17T02:18:09.000Z","volume":500,"label":" ","price":66.7},{"type":"B","date":"2018-04-17T02:18:10.000Z","volume":500,"label":" ","price":66.65},{"type":"A","date":"2018-04-17T02:18:11.000Z","volume":500,"label":"Y","price":66.7},{"type":"A","date":"2018-04-17T02:18:18.000Z","volume":1500,"label":" ","price":66.8},{"type":"B","date":"2018-04-17T02:18:21.000Z","volume":1000,"label":" ","price":66.7},{"type":"A","date":"2018-04-17T02:18:25.000Z","volume":500,"label":" ","price":66.8},{"type":"A","date":"2018-04-17T02:18:25.000Z","volume":2500,"label":" ","price":66.8},{"type":"A","date":"2018-04-17T02:18:25.000Z","volume":1500,"label":" ","price":66.8},{"type":"A","date":"2018-04-17T02:18:25.000Z","volume":500,"label":" ","price":66.8},{"type":"A","date":"2018-04-17T02:18:26.000Z","volume":500,"label":" ","price":66.8},{"type":"A","date":"2018-04-17T02:18:26.000Z","volume":2000,"label":" ","price":66.85},{"type":"B","date":"2018-04-17T02:18:28.000Z","volume":3000,"label":" ","price":66.8},{"type":"B","date":"2018-04-17T02:18:28.000Z","volume":500,"label":" ","price":66.8},{"type":"B","date":"2018-04-17T02:18:30.000Z","volume":2500,"label":" ","price":66.8},{"type":"B","date":"2018-04-17T02:18:30.000Z","volume":3500,"label":" ","price":66.8},{"type":"B","date":"2018-04-17T02:18:30.000Z","volume":500,"label":" ","price":66.8},{"type":"B","date":"2018-04-17T02:18:30.000Z","volume":1000,"label":" ","price":66.75},{"type":"B","date":"2018-04-17T02:18:30.000Z","volume":500,"label":" ","price":66.75},{"type":"A","date":"2018-04-17T02:18:30.000Z","volume":500,"label":" ","price":66.8},{"type":"A","date":"2018-04-17T02:18:55.000Z","volume":1000,"label":" ","price":66.8},{"type":"U","date":"2018-04-17T02:19:12.000Z","volume":500,"label":"X","price":66.75},{"type":"B","date":"2018-04-17T02:19:16.000Z","volume":1000,"label":" ","price":66.75},{"type":"B","date":"2018-04-17T02:19:16.000Z","volume":9000,"label":" ","price":66.75},{"type":"A","date":"2018-04-17T02:19:16.000Z","volume":1000,"label":" ","price":66.75},{"type":"B","date":"2018-04-17T02:19:16.000Z","volume":500,"label":" ","price":66.7},{"type":"B","date":"2018-04-17T02:19:18.000Z","volume":3000,"label":" ","price":66.7},{"type":"B","date":"2018-04-17T02:19:18.000Z","volume":500,"label":" ","price":66.65},{"type":"A","date":"2018-04-17T02:19:18.000Z","volume":500,"label":" ","price":66.7},{"type":"U","date":"2018-04-17T02:19:18.000Z","volume":500,"label":"X","price":66.7},{"type":"B","date":"2018-04-17T02:19:20.000Z","volume":500,"label":" ","price":66.65},{"type":"A","date":"2018-04-17T02:19:22.000Z","volume":500,"label":" ","price":66.7},{"type":"A","date":"2018-04-17T02:19:44.000Z","volume":1000,"label":"Y","price":66.7},{"type":"B","date":"2018-04-17T02:19:58.000Z","volume":6500,"label":" ","price":66.65},{"type":"B","date":"2018-04-17T02:19:58.000Z","volume":500,"label":" ","price":66.65},{"type":"B","date":"2018-04-17T02:20:32.000Z","volume":11500,"label":" ","price":66.6},{"type":"B","date":"2018-04-17T02:20:32.000Z","volume":1000,"label":" ","price":66.6},{"type":"B","date":"2018-04-17T02:20:32.000Z","volume":500,"label":" ","price":66.6},{"type":"B","date":"2018-04-17T02:20:32.000Z","volume":500,"label":"Y","price":66.6},{"type":"B","date":"2018-04-17T02:20:32.000Z","volume":1500,"label":" ","price":66.6},{"type":"B","date":"2018-04-17T02:20:32.000Z","volume":500,"label":" ","price":66.6},{"type":"B","date":"2018-04-17T02:20:33.000Z","volume":2500,"label":" ","price":66.6},{"type":"B","date":"2018-04-17T02:20:33.000Z","volume":2000,"label":" ","price":66.6},{"type":"B","date":"2018-04-17T02:20:33.000Z","volume":500,"label":" ","price":66.6},{"type":"B","date":"2018-04-17T02:20:35.000Z","volume":500,"label":" ","price":66.6},{"type":"A","date":"2018-04-17T02:20:35.000Z","volume":500,"label":" ","price":66.65},{"type":"B","date":"2018-04-17T02:20:53.000Z","volume":1000,"label":" ","price":66.6},{"type":"B","date":"2018-04-17T02:21:34.000Z","volume":500,"label":" ","price":66.6},{"type":"B","date":"2018-04-17T02:21:35.000Z","volume":500,"label":" ","price":66.6},{"type":"B","date":"2018-04-17T02:21:36.000Z","volume":500,"label":" ","price":66.6},{"type":"B","date":"2018-04-17T02:21:44.000Z","volume":500,"label":" ","price":66.6},{"type":"B","date":"2018-04-17T02:21:44.000Z","volume":500,"label":" ","price":66.6},{"type":"B","date":"2018-04-17T02:21:44.000Z","volume":1000,"label":" ","price":66.6},{"type":"B","date":"2018-04-17T02:21:44.000Z","volume":1000,"label":" ","price":66.6},{"type":"B","date":"2018-04-17T02:21:45.000Z","volume":5000,"label":" ","price":66.6},{"type":"B","date":"2018-04-17T02:21:45.000Z","volume":500,"label":" ","price":66.6},{"type":"B","date":"2018-04-17T02:21:47.000Z","volume":5000,"label":" ","price":66.6},{"type":"B","date":"2018-04-17T02:21:47.000Z","volume":1000,"label":" ","price":66.6},{"type":"B","date":"2018-04-17T02:21:47.000Z","volume":500,"label":"Y","price":66.6},{"type":"B","date":"2018-04-17T02:21:47.000Z","volume":1000,"label":" ","price":66.6},{"type":"A","date":"2018-04-17T02:21:49.000Z","volume":500,"label":" ","price":66.6},{"type":"U","date":"2018-04-17T02:21:49.000Z","volume":2000,"label":" ","price":66.6},{"type":"U","date":"2018-04-17T02:22:10.000Z","volume":500,"label":"X","price":66.6},{"type":"A","date":"2018-04-17T02:22:12.000Z","volume":500,"label":" ","price":66.65},{"type":"U","date":"2018-04-17T02:22:24.000Z","volume":500,"label":" ","price":66.6},{"type":"U","date":"2018-04-17T02:22:25.000Z","volume":500,"label":"Y","price":66.6},{"type":"U","date":"2018-04-17T02:22:25.000Z","volume":2000,"label":" ","price":66.6},{"type":"B","date":"2018-04-17T02:23:08.000Z","volume":500,"label":" ","price":66.55},{"type":"U","date":"2018-04-17T02:23:09.000Z","volume":184,"label":"D","price":66},{"type":"A","date":"2018-04-17T02:23:26.000Z","volume":500,"label":" ","price":66.6},{"type":"B","date":"2018-04-17T02:23:26.000Z","volume":500,"label":"Y","price":66.55},{"type":"B","date":"2018-04-17T02:23:26.000Z","volume":1500,"label":" ","price":66.55},{"type":"B","date":"2018-04-17T02:23:55.000Z","volume":5000,"label":" ","price":66.45},{"type":"U","date":"2018-04-17T02:23:55.000Z","volume":1000,"label":" ","price":66.45},{"type":"A","date":"2018-04-17T02:23:57.000Z","volume":12000,"label":" ","price":66.5},{"type":"A","date":"2018-04-17T02:23:58.000Z","volume":2500,"label":" ","price":66.5},{"type":"A","date":"2018-04-17T02:23:58.000Z","volume":4500,"label":" ","price":66.5},{"type":"B","date":"2018-04-17T02:24:00.000Z","volume":1000,"label":" ","price":66.45},{"type":"A","date":"2018-04-17T02:24:35.000Z","volume":1000,"label":" ","price":66.5},{"type":"A","date":"2018-04-17T02:25:11.000Z","volume":17000,"label":" ","price":66.5},{"type":"A","date":"2018-04-17T02:25:11.000Z","volume":6500,"label":" ","price":66.5},{"type":"A","date":"2018-04-17T02:25:11.000Z","volume":1000,"label":" ","price":66.55},{"type":"U","date":"2018-04-17T02:26:04.000Z","volume":326,"label":"D","price":66.6},{"type":"U","date":"2018-04-17T02:26:05.000Z","volume":500,"label":"X","price":66.55},{"type":"B","date":"2018-04-17T02:26:19.000Z","volume":26000,"label":" ","price":66.5},{"type":"B","date":"2018-04-17T02:26:19.000Z","volume":4000,"label":" ","price":66.45},{"type":"A","date":"2018-04-17T02:26:19.000Z","volume":500,"label":" ","price":66.55},{"type":"A","date":"2018-04-17T02:26:19.000Z","volume":500,"label":"Y","price":66.55},{"type":"B","date":"2018-04-17T02:26:19.000Z","volume":500,"label":"Y","price":66.5},{"type":"A","date":"2018-04-17T02:26:19.000Z","volume":500,"label":" ","price":66.6},{"type":"B","date":"2018-04-17T02:26:19.000Z","volume":500,"label":" ","price":66.5},{"type":"A","date":"2018-04-17T02:26:21.000Z","volume":1000,"label":" ","price":66.5},{"type":"U","date":"2018-04-17T02:26:21.000Z","volume":500,"label":"X","price":66.45},{"type":"B","date":"2018-04-17T02:26:21.000Z","volume":500,"label":" ","price":66.45},{"type":"B","date":"2018-04-17T02:27:12.000Z","volume":500,"label":" ","price":66.45},{"type":"A","date":"2018-04-17T02:27:14.000Z","volume":1500,"label":" ","price":66.5},{"type":"U","date":"2018-04-17T02:27:21.000Z","volume":500,"label":"X","price":66.583},{"type":"A","date":"2018-04-17T02:27:41.000Z","volume":500,"label":" ","price":66.5},{"type":"B","date":"2018-04-17T02:27:48.000Z","volume":500,"label":" ","price":66.45},{"type":"B","date":"2018-04-17T02:28:03.000Z","volume":500,"label":"Y","price":66.45},{"type":"A","date":"2018-04-17T02:28:16.000Z","volume":500,"label":" ","price":66.5},{"type":"B","date":"2018-04-17T02:28:19.000Z","volume":500,"label":" ","price":66.45},{"type":"B","date":"2018-04-17T02:28:32.000Z","volume":500,"label":" ","price":66.45},{"type":"B","date":"2018-04-17T02:28:33.000Z","volume":500,"label":" ","price":66.45},{"type":"B","date":"2018-04-17T02:28:33.000Z","volume":500,"label":" ","price":66.45},{"type":"B","date":"2018-04-17T02:28:34.000Z","volume":500,"label":" ","price":66.45},{"type":"B","date":"2018-04-17T02:28:36.000Z","volume":500,"label":" ","price":66.45},{"type":"B","date":"2018-04-17T02:28:36.000Z","volume":500,"label":" ","price":66.45},{"type":"B","date":"2018-04-17T02:28:36.000Z","volume":500,"label":" ","price":66.45},{"type":"B","date":"2018-04-17T02:28:52.000Z","volume":500,"label":" ","price":66.45},{"type":"B","date":"2018-04-17T02:29:06.000Z","volume":500,"label":" ","price":66.45},{"type":"B","date":"2018-04-17T02:29:06.000Z","volume":500,"label":" ","price":66.45},{"type":"B","date":"2018-04-17T02:29:20.000Z","volume":1000,"label":" ","price":66.45},{"type":"B","date":"2018-04-17T02:29:23.000Z","volume":1000,"label":" ","price":66.45},{"type":"B","date":"2018-04-17T02:29:23.000Z","volume":500,"label":" ","price":66.45},{"type":"B","date":"2018-04-17T02:29:24.000Z","volume":1000,"label":" ","price":66.45},{"type":"B","date":"2018-04-17T02:29:24.000Z","volume":500,"label":" ","price":66.45},{"type":"B","date":"2018-04-17T02:29:32.000Z","volume":500,"label":"Y","price":66.45},{"type":"B","date":"2018-04-17T02:29:35.000Z","volume":500,"label":" ","price":66.45},{"type":"B","date":"2018-04-17T02:29:43.000Z","volume":2000,"label":" ","price":66.45},{"type":"B","date":"2018-04-17T02:29:45.000Z","volume":500,"label":" ","price":66.45},{"type":"A","date":"2018-04-17T02:29:46.000Z","volume":2000,"label":" ","price":66.5},{"type":"B","date":"2018-04-17T02:29:57.000Z","volume":500,"label":" ","price":66.45},{"type":"B","date":"2018-04-17T02:30:04.000Z","volume":500,"label":" ","price":66.45},{"type":"B","date":"2018-04-17T02:30:09.000Z","volume":500,"label":" ","price":66.45},{"type":"B","date":"2018-04-17T02:30:22.000Z","volume":500,"label":" ","price":66.45},{"type":"B","date":"2018-04-17T02:30:34.000Z","volume":500,"label":" ","price":66.45},{"type":"B","date":"2018-04-17T02:30:34.000Z","volume":500,"label":" ","price":66.45},{"type":"B","date":"2018-04-17T02:30:46.000Z","volume":500,"label":" ","price":66.45},{"type":"B","date":"2018-04-17T02:30:58.000Z","volume":500,"label":" ","price":66.45},{"type":"B","date":"2018-04-17T02:31:04.000Z","volume":500,"label":" ","price":66.45},{"type":"U","date":"2018-04-17T02:31:09.000Z","volume":500,"label":"X","price":66.475},{"type":"B","date":"2018-04-17T02:31:14.000Z","volume":2500,"label":" ","price":66.45},{"type":"B","date":"2018-04-17T02:31:28.000Z","volume":500,"label":" ","price":66.45},{"type":"B","date":"2018-04-17T02:31:37.000Z","volume":4000,"label":" ","price":66.45},{"type":"B","date":"2018-04-17T02:31:39.000Z","volume":500,"label":" ","price":66.45},{"type":"B","date":"2018-04-17T02:31:40.000Z","volume":500,"label":" ","price":66.45},{"type":"B","date":"2018-04-17T02:31:40.000Z","volume":500,"label":" ","price":66.45},{"type":"B","date":"2018-04-17T02:31:40.000Z","volume":15500,"label":" ","price":66.45},{"type":"B","date":"2018-04-17T02:31:40.000Z","volume":4500,"label":" ","price":66.45},{"type":"B","date":"2018-04-17T02:31:41.000Z","volume":500,"label":" ","price":66.45},{"type":"B","date":"2018-04-17T02:31:41.000Z","volume":1000,"label":" ","price":66.45},{"type":"B","date":"2018-04-17T02:31:41.000Z","volume":3000,"label":" ","price":66.45},{"type":"B","date":"2018-04-17T02:31:41.000Z","volume":500,"label":" ","price":66.45},{"type":"B","date":"2018-04-17T02:31:42.000Z","volume":500,"label":" ","price":66.45},{"type":"B","date":"2018-04-17T02:31:42.000Z","volume":500,"label":" ","price":66.45},{"type":"A","date":"2018-04-17T02:31:42.000Z","volume":1000,"label":" ","price":66.5},{"type":"B","date":"2018-04-17T02:31:42.000Z","volume":500,"label":" ","price":66.45},{"type":"B","date":"2018-04-17T02:31:42.000Z","volume":500,"label":" ","price":66.45},{"type":"B","date":"2018-04-17T02:31:58.000Z","volume":500,"label":"Y","price":66.45},{"type":"B","date":"2018-04-17T02:31:58.000Z","volume":2500,"label":" ","price":66.45},{"type":"B","date":"2018-04-17T02:33:26.000Z","volume":500,"label":"Y","price":66.45},{"type":"B","date":"2018-04-17T02:33:26.000Z","volume":500,"label":" ","price":66.45},{"type":"B","date":"2018-04-17T02:33:40.000Z","volume":500,"label":" ","price":66.45},{"type":"B","date":"2018-04-17T02:33:54.000Z","volume":500,"label":" ","price":66.45},{"type":"A","date":"2018-04-17T02:33:59.000Z","volume":1500,"label":" ","price":66.5},{"type":"B","date":"2018-04-17T02:34:15.000Z","volume":2000,"label":" ","price":66.45},{"type":"B","date":"2018-04-17T02:34:15.000Z","volume":1000,"label":" ","price":66.45},{"type":"B","date":"2018-04-17T02:34:15.000Z","volume":2000,"label":" ","price":66.45},{"type":"B","date":"2018-04-17T02:34:18.000Z","volume":1000,"label":" ","price":66.45},{"type":"B","date":"2018-04-17T02:34:18.000Z","volume":3500,"label":" ","price":66.45},{"type":"B","date":"2018-04-17T02:34:18.000Z","volume":1500,"label":" ","price":66.45},{"type":"B","date":"2018-04-17T02:34:20.000Z","volume":2500,"label":" ","price":66.45},{"type":"B","date":"2018-04-17T02:34:20.000Z","volume":500,"label":" ","price":66.45},{"type":"B","date":"2018-04-17T02:34:24.000Z","volume":3500,"label":" ","price":66.4},{"type":"B","date":"2018-04-17T02:35:24.000Z","volume":500,"label":" ","price":66.4},{"type":"B","date":"2018-04-17T02:35:40.000Z","volume":500,"label":" ","price":66.4},{"type":"B","date":"2018-04-17T02:35:47.000Z","volume":500,"label":" ","price":66.4},{"type":"U","date":"2018-04-17T02:35:48.000Z","volume":500,"label":"X","price":66.425},{"type":"B","date":"2018-04-17T02:36:04.000Z","volume":500,"label":" ","price":66.4},{"type":"B","date":"2018-04-17T02:36:09.000Z","volume":1500,"label":" ","price":66.4},{"type":"B","date":"2018-04-17T02:36:10.000Z","volume":500,"label":" ","price":66.4},{"type":"B","date":"2018-04-17T02:36:24.000Z","volume":500,"label":" ","price":66.4},{"type":"A","date":"2018-04-17T02:36:29.000Z","volume":15000,"label":" ","price":66.45},{"type":"A","date":"2018-04-17T02:37:06.000Z","volume":29500,"label":" ","price":66.45},{"type":"A","date":"2018-04-17T02:37:06.000Z","volume":7500,"label":" ","price":66.5},{"type":"A","date":"2018-04-17T02:37:06.000Z","volume":500,"label":" ","price":66.55},{"type":"A","date":"2018-04-17T02:37:06.000Z","volume":2000,"label":" ","price":66.55},{"type":"U","date":"2018-04-17T02:37:09.000Z","volume":500,"label":" ","price":66.55},{"type":"A","date":"2018-04-17T02:37:12.000Z","volume":2000,"label":" ","price":66.6},{"type":"A","date":"2018-04-17T02:37:35.000Z","volume":1500,"label":" ","price":66.6},{"type":"A","date":"2018-04-17T02:38:02.000Z","volume":500,"label":" ","price":66.65},{"type":"A","date":"2018-04-17T02:38:40.000Z","volume":4000,"label":" ","price":66.65},{"type":"A","date":"2018-04-17T02:38:40.000Z","volume":5500,"label":" ","price":66.65},{"type":"U","date":"2018-04-17T02:38:40.000Z","volume":500,"label":"X","price":66.75},{"type":"A","date":"2018-04-17T02:38:40.000Z","volume":500,"label":" ","price":66.75},{"type":"B","date":"2018-04-17T02:38:42.000Z","volume":2000,"label":" ","price":66.75},{"type":"A","date":"2018-04-17T02:38:43.000Z","volume":2000,"label":" ","price":66.8},{"type":"B","date":"2018-04-17T02:38:43.000Z","volume":500,"label":" ","price":66.75},{"type":"B","date":"2018-04-17T02:39:09.000Z","volume":2000,"label":" ","price":66.75},{"type":"B","date":"2018-04-17T02:39:24.000Z","volume":500,"label":" ","price":66.75},{"type":"B","date":"2018-04-17T02:39:24.000Z","volume":500,"label":" ","price":66.75},{"type":"B","date":"2018-04-17T02:39:24.000Z","volume":11000,"label":" ","price":66.75},{"type":"B","date":"2018-04-17T02:39:26.000Z","volume":500,"label":" ","price":66.7},{"type":"B","date":"2018-04-17T02:39:27.000Z","volume":500,"label":" ","price":66.7},{"type":"B","date":"2018-04-17T02:39:30.000Z","volume":500,"label":" ","price":66.7},{"type":"U","date":"2018-04-17T02:39:42.000Z","volume":1000,"label":"X","price":66.7},{"type":"B","date":"2018-04-17T02:40:30.000Z","volume":15000,"label":" ","price":66.7},{"type":"A","date":"2018-04-17T02:40:31.000Z","volume":1000,"label":" ","price":66.75},{"type":"U","date":"2018-04-17T02:40:31.000Z","volume":1000,"label":"X","price":66.75},{"type":"U","date":"2018-04-17T02:41:10.000Z","volume":500,"label":"X","price":66.725},{"type":"A","date":"2018-04-17T02:41:25.000Z","volume":1000,"label":" ","price":66.75},{"type":"B","date":"2018-04-17T02:41:42.000Z","volume":500,"label":" ","price":66.7},{"type":"B","date":"2018-04-17T02:41:54.000Z","volume":500,"label":" ","price":66.7},{"type":"B","date":"2018-04-17T02:42:00.000Z","volume":500,"label":" ","price":66.7},{"type":"B","date":"2018-04-17T02:42:04.000Z","volume":500,"label":" ","price":66.7},{"type":"B","date":"2018-04-17T02:42:14.000Z","volume":500,"label":" ","price":66.7},{"type":"B","date":"2018-04-17T02:42:24.000Z","volume":500,"label":" ","price":66.7},{"type":"B","date":"2018-04-17T02:42:24.000Z","volume":500,"label":" ","price":66.7},{"type":"B","date":"2018-04-17T02:42:34.000Z","volume":500,"label":" ","price":66.7},{"type":"B","date":"2018-04-17T02:42:44.000Z","volume":500,"label":" ","price":66.7},{"type":"B","date":"2018-04-17T02:42:47.000Z","volume":16000,"label":" ","price":66.7},{"type":"B","date":"2018-04-17T02:42:47.000Z","volume":500,"label":" ","price":66.65},{"type":"B","date":"2018-04-17T02:42:48.000Z","volume":2000,"label":" ","price":66.65},{"type":"B","date":"2018-04-17T02:42:54.000Z","volume":500,"label":" ","price":66.65},{"type":"B","date":"2018-04-17T02:43:05.000Z","volume":500,"label":" ","price":66.65},{"type":"B","date":"2018-04-17T02:43:12.000Z","volume":500,"label":" ","price":66.65},{"type":"B","date":"2018-04-17T02:43:16.000Z","volume":500,"label":" ","price":66.65},{"type":"B","date":"2018-04-17T02:43:28.000Z","volume":500,"label":" ","price":66.65},{"type":"B","date":"2018-04-17T02:43:39.000Z","volume":500,"label":" ","price":66.65},{"type":"B","date":"2018-04-17T02:43:40.000Z","volume":500,"label":" ","price":66.65},{"type":"B","date":"2018-04-17T02:43:52.000Z","volume":500,"label":" ","price":66.65},{"type":"U","date":"2018-04-17T02:43:53.000Z","volume":500,"label":"X","price":66.576},{"type":"B","date":"2018-04-17T02:44:09.000Z","volume":500,"label":" ","price":66.65},{"type":"B","date":"2018-04-17T02:44:09.000Z","volume":2000,"label":" ","price":66.65},{"type":"B","date":"2018-04-17T02:44:12.000Z","volume":500,"label":" ","price":66.65},{"type":"B","date":"2018-04-17T02:44:36.000Z","volume":1000,"label":" ","price":66.65},{"type":"A","date":"2018-04-17T02:44:50.000Z","volume":1000,"label":" ","price":66.7},{"type":"B","date":"2018-04-17T02:45:00.000Z","volume":500,"label":" ","price":66.65},{"type":"B","date":"2018-04-17T02:45:03.000Z","volume":500,"label":" ","price":66.65},{"type":"B","date":"2018-04-17T02:45:10.000Z","volume":500,"label":" ","price":66.65},{"type":"B","date":"2018-04-17T02:45:20.000Z","volume":500,"label":" ","price":66.65},{"type":"B","date":"2018-04-17T02:45:23.000Z","volume":500,"label":" ","price":66.65},{"type":"B","date":"2018-04-17T02:45:30.000Z","volume":500,"label":" ","price":66.65},{"type":"B","date":"2018-04-17T02:45:38.000Z","volume":500,"label":" ","price":66.65},{"type":"A","date":"2018-04-17T02:45:41.000Z","volume":37000,"label":" ","price":66.7},{"type":"A","date":"2018-04-17T02:45:42.000Z","volume":3000,"label":" ","price":66.75},{"type":"A","date":"2018-04-17T02:45:42.000Z","volume":3500,"label":" ","price":66.8},{"type":"A","date":"2018-04-17T02:45:42.000Z","volume":3500,"label":" ","price":66.8},{"type":"B","date":"2018-04-17T02:45:42.000Z","volume":500,"label":" ","price":66.8},{"type":"A","date":"2018-04-17T02:45:43.000Z","volume":500,"label":" ","price":66.85},{"type":"A","date":"2018-04-17T02:45:43.000Z","volume":500,"label":" ","price":66.85},{"type":"A","date":"2018-04-17T02:45:44.000Z","volume":500,"label":" ","price":66.9},{"type":"A","date":"2018-04-17T02:45:46.000Z","volume":1000,"label":" ","price":66.9},{"type":"A","date":"2018-04-17T02:45:46.000Z","volume":1000,"label":" ","price":66.9},{"type":"A","date":"2018-04-17T02:45:47.000Z","volume":500,"label":" ","price":66.95},{"type":"A","date":"2018-04-17T02:45:48.000Z","volume":500,"label":" ","price":66.95},{"type":"A","date":"2018-04-17T02:45:48.000Z","volume":500,"label":" ","price":66.95},{"type":"A","date":"2018-04-17T02:45:48.000Z","volume":500,"label":" ","price":66.95},{"type":"B","date":"2018-04-17T02:45:49.000Z","volume":3000,"label":" ","price":66.95},{"type":"A","date":"2018-04-17T02:45:50.000Z","volume":1000,"label":" ","price":67},{"type":"U","date":"2018-04-17T02:45:50.000Z","volume":1000,"label":"X","price":67},{"type":"A","date":"2018-04-17T02:45:51.000Z","volume":2000,"label":" ","price":67},{"type":"B","date":"2018-04-17T02:46:03.000Z","volume":500,"label":" ","price":66.9},{"type":"A","date":"2018-04-17T02:46:10.000Z","volume":1500,"label":" ","price":66.95},{"type":"A","date":"2018-04-17T02:46:10.000Z","volume":500,"label":" ","price":66.95},{"type":"U","date":"2018-04-17T02:46:10.000Z","volume":1000,"label":" ","price":66.95},{"type":"B","date":"2018-04-17T02:46:16.000Z","volume":9000,"label":" ","price":66.95},{"type":"B","date":"2018-04-17T02:46:16.000Z","volume":8500,"label":" ","price":66.9},{"type":"B","date":"2018-04-17T02:46:18.000Z","volume":500,"label":" ","price":66.85},{"type":"B","date":"2018-04-17T02:46:18.000Z","volume":2000,"label":" ","price":66.85},{"type":"B","date":"2018-04-17T02:46:20.000Z","volume":1500,"label":" ","price":66.85},{"type":"A","date":"2018-04-17T02:47:28.000Z","volume":1000,"label":" ","price":66.9},{"type":"A","date":"2018-04-17T02:47:42.000Z","volume":500,"label":" ","price":66.9},{"type":"A","date":"2018-04-17T02:47:52.000Z","volume":1000,"label":" ","price":66.9},{"type":"A","date":"2018-04-17T02:47:52.000Z","volume":1000,"label":" ","price":66.9},{"type":"A","date":"2018-04-17T02:48:36.000Z","volume":4000,"label":" ","price":66.9},{"type":"A","date":"2018-04-17T02:48:36.000Z","volume":4000,"label":" ","price":66.9},{"type":"A","date":"2018-04-17T02:48:36.000Z","volume":500,"label":" ","price":66.9},{"type":"A","date":"2018-04-17T02:48:37.000Z","volume":500,"label":" ","price":66.9},{"type":"A","date":"2018-04-17T02:48:37.000Z","volume":500,"label":" ","price":66.9},{"type":"A","date":"2018-04-17T02:48:37.000Z","volume":500,"label":" ","price":66.9},{"type":"A","date":"2018-04-17T02:48:38.000Z","volume":500,"label":" ","price":66.9},{"type":"A","date":"2018-04-17T02:48:38.000Z","volume":500,"label":" ","price":66.9},{"type":"A","date":"2018-04-17T02:48:39.000Z","volume":500,"label":" ","price":66.9},{"type":"A","date":"2018-04-17T02:48:39.000Z","volume":500,"label":" ","price":66.9},{"type":"A","date":"2018-04-17T02:48:40.000Z","volume":7500,"label":" ","price":66.9},{"type":"A","date":"2018-04-17T02:48:42.000Z","volume":1000,"label":" ","price":66.95},{"type":"U","date":"2018-04-17T02:48:42.000Z","volume":500,"label":"X","price":66.95},{"type":"A","date":"2018-04-17T02:48:42.000Z","volume":1000,"label":" ","price":66.95},{"type":"A","date":"2018-04-17T02:48:44.000Z","volume":1000,"label":" ","price":67},{"type":"U","date":"2018-04-17T02:48:45.000Z","volume":200,"label":"D","price":66.4},{"type":"B","date":"2018-04-17T02:49:07.000Z","volume":1000,"label":" ","price":66.95},{"type":"A","date":"2018-04-17T02:49:10.000Z","volume":1000,"label":" ","price":67},{"type":"A","date":"2018-04-17T02:49:10.000Z","volume":1000,"label":" ","price":67},{"type":"A","date":"2018-04-17T02:49:23.000Z","volume":1000,"label":" ","price":67},{"type":"A","date":"2018-04-17T02:49:24.000Z","volume":1000,"label":" ","price":67},{"type":"A","date":"2018-04-17T02:49:29.000Z","volume":12500,"label":" ","price":67},{"type":"B","date":"2018-04-17T02:49:29.000Z","volume":1000,"label":" ","price":67},{"type":"A","date":"2018-04-17T02:49:30.000Z","volume":1000,"label":" ","price":67.05},{"type":"A","date":"2018-04-17T02:49:33.000Z","volume":1000,"label":" ","price":67.05},{"type":"B","date":"2018-04-17T02:49:58.000Z","volume":500,"label":" ","price":67},{"type":"U","date":"2018-04-17T02:50:12.000Z","volume":1000,"label":"X","price":67},{"type":"A","date":"2018-04-17T02:50:15.000Z","volume":1000,"label":" ","price":67.05},{"type":"U","date":"2018-04-17T02:50:21.000Z","volume":500,"label":"X","price":67.025},{"type":"A","date":"2018-04-17T02:50:28.000Z","volume":1000,"label":" ","price":67.05},{"type":"A","date":"2018-04-17T02:50:28.000Z","volume":1000,"label":" ","price":67.05},{"type":"A","date":"2018-04-17T02:50:54.000Z","volume":1000,"label":" ","price":67.05},{"type":"U","date":"2018-04-17T02:50:54.000Z","volume":500,"label":"X","price":67},{"type":"A","date":"2018-04-17T02:50:54.000Z","volume":2000,"label":" ","price":67.05},{"type":"A","date":"2018-04-17T02:51:07.000Z","volume":1000,"label":" ","price":67.05},{"type":"A","date":"2018-04-17T02:51:07.000Z","volume":1000,"label":" ","price":67.05},{"type":"A","date":"2018-04-17T02:51:08.000Z","volume":500,"label":" ","price":67.05},{"type":"A","date":"2018-04-17T02:51:08.000Z","volume":500,"label":" ","price":67.05},{"type":"A","date":"2018-04-17T02:51:09.000Z","volume":500,"label":" ","price":67.05},{"type":"A","date":"2018-04-17T02:51:09.000Z","volume":500,"label":" ","price":67.05},{"type":"U","date":"2018-04-17T02:51:09.000Z","volume":500,"label":"X","price":67},{"type":"A","date":"2018-04-17T02:51:09.000Z","volume":500,"label":" ","price":67.05},{"type":"A","date":"2018-04-17T02:51:09.000Z","volume":1000,"label":" ","price":67.05},{"type":"A","date":"2018-04-17T02:51:33.000Z","volume":1000,"label":"Y","price":67.1},{"type":"A","date":"2018-04-17T02:51:33.000Z","volume":500,"label":" ","price":67.1},{"type":"A","date":"2018-04-17T02:51:59.000Z","volume":1000,"label":" ","price":67.1},{"type":"A","date":"2018-04-17T02:51:59.000Z","volume":1000,"label":" ","price":67.1},{"type":"B","date":"2018-04-17T02:51:59.000Z","volume":500,"label":" ","price":67.05},{"type":"A","date":"2018-04-17T02:52:12.000Z","volume":2000,"label":" ","price":67.1},{"type":"A","date":"2018-04-17T02:52:25.000Z","volume":1000,"label":" ","price":67.15},{"type":"B","date":"2018-04-17T02:52:25.000Z","volume":500,"label":" ","price":67.1},{"type":"A","date":"2018-04-17T02:52:36.000Z","volume":8000,"label":" ","price":67.15},{"type":"B","date":"2018-04-17T02:52:36.000Z","volume":500,"label":" ","price":67.1},{"type":"A","date":"2018-04-17T02:52:38.000Z","volume":500,"label":" ","price":67.15},{"type":"A","date":"2018-04-17T02:52:38.000Z","volume":500,"label":" ","price":67.2},{"type":"U","date":"2018-04-17T02:52:38.000Z","volume":1000,"label":"X","price":67.2},{"type":"A","date":"2018-04-17T02:52:40.000Z","volume":500,"label":" ","price":67.2},{"type":"A","date":"2018-04-17T02:52:40.000Z","volume":1000,"label":" ","price":67.2},{"type":"A","date":"2018-04-17T02:52:41.000Z","volume":500,"label":" ","price":67.2},{"type":"A","date":"2018-04-17T02:53:00.000Z","volume":4000,"label":" ","price":67.2},{"type":"A","date":"2018-04-17T02:53:00.000Z","volume":1500,"label":" ","price":67.25},{"type":"A","date":"2018-04-17T02:53:00.000Z","volume":500,"label":" ","price":67.2},{"type":"A","date":"2018-04-17T02:53:00.000Z","volume":500,"label":" ","price":67.2},{"type":"A","date":"2018-04-17T02:53:01.000Z","volume":1500,"label":" ","price":67.3},{"type":"B","date":"2018-04-17T02:53:03.000Z","volume":1000,"label":"Y","price":67.2},{"type":"U","date":"2018-04-17T02:53:03.000Z","volume":2000,"label":"X","price":67.2},{"type":"U","date":"2018-04-17T02:53:03.000Z","volume":1500,"label":"X","price":67.2},{"type":"A","date":"2018-04-17T02:53:04.000Z","volume":1000,"label":" ","price":67.3},{"type":"A","date":"2018-04-17T02:53:29.000Z","volume":2000,"label":" ","price":67.3},{"type":"B","date":"2018-04-17T02:53:29.000Z","volume":500,"label":" ","price":67.25},{"type":"A","date":"2018-04-17T02:53:30.000Z","volume":1000,"label":" ","price":67.3},{"type":"A","date":"2018-04-17T02:53:30.000Z","volume":1000,"label":" ","price":67.3},{"type":"A","date":"2018-04-17T02:53:36.000Z","volume":500,"label":" ","price":67.3},{"type":"U","date":"2018-04-17T02:53:40.000Z","volume":7000,"label":" ","price":67.3},{"type":"B","date":"2018-04-17T02:53:41.000Z","volume":3000,"label":"Y","price":67.3},{"type":"B","date":"2018-04-17T02:53:41.000Z","volume":500,"label":" ","price":67.3},{"type":"B","date":"2018-04-17T02:53:41.000Z","volume":2500,"label":"Y","price":67.25},{"type":"U","date":"2018-04-17T02:53:41.000Z","volume":3000,"label":"X","price":67.3},{"type":"B","date":"2018-04-17T02:53:42.000Z","volume":1000,"label":" ","price":67.25},{"type":"B","date":"2018-04-17T02:53:42.000Z","volume":500,"label":" ","price":67.25},{"type":"A","date":"2018-04-17T02:53:56.000Z","volume":1000,"label":" ","price":67.3},{"type":"A","date":"2018-04-17T02:53:59.000Z","volume":500,"label":" ","price":67.3},{"type":"B","date":"2018-04-17T02:54:05.000Z","volume":1000,"label":" ","price":67.25},{"type":"A","date":"2018-04-17T02:54:09.000Z","volume":1000,"label":" ","price":67.3},{"type":"A","date":"2018-04-17T02:54:26.000Z","volume":500,"label":" ","price":67.3},{"type":"B","date":"2018-04-17T02:54:26.000Z","volume":1000,"label":" ","price":67.25},{"type":"B","date":"2018-04-17T02:54:26.000Z","volume":500,"label":" ","price":67.25},{"type":"A","date":"2018-04-17T02:54:34.000Z","volume":2000,"label":" ","price":67.3},{"type":"A","date":"2018-04-17T02:54:57.000Z","volume":2000,"label":" ","price":67.35},{"type":"A","date":"2018-04-17T02:55:00.000Z","volume":1000,"label":" ","price":67.35},{"type":"U","date":"2018-04-17T02:55:08.000Z","volume":342,"label":"D","price":66.45},{"type":"A","date":"2018-04-17T02:55:14.000Z","volume":1000,"label":" ","price":67.35},{"type":"B","date":"2018-04-17T02:55:26.000Z","volume":14000,"label":" ","price":67.3},{"type":"B","date":"2018-04-17T02:55:26.000Z","volume":3000,"label":" ","price":67.3},{"type":"B","date":"2018-04-17T02:55:26.000Z","volume":3000,"label":" ","price":67.3},{"type":"B","date":"2018-04-17T02:55:26.000Z","volume":8000,"label":" ","price":67.3},{"type":"B","date":"2018-04-17T02:55:27.000Z","volume":500,"label":" ","price":67.25},{"type":"B","date":"2018-04-17T02:55:28.000Z","volume":11000,"label":" ","price":67.25},{"type":"B","date":"2018-04-17T02:55:28.000Z","volume":1000,"label":" ","price":67.2},{"type":"B","date":"2018-04-17T02:55:29.000Z","volume":3500,"label":" ","price":67.15},{"type":"B","date":"2018-04-17T02:55:48.000Z","volume":4500,"label":" ","price":67.15},{"type":"A","date":"2018-04-17T02:56:21.000Z","volume":1000,"label":" ","price":67.2},{"type":"U","date":"2018-04-17T02:56:24.000Z","volume":500,"label":"X","price":67.175},{"type":"A","date":"2018-04-17T02:56:58.000Z","volume":1000,"label":" ","price":67.2},{"type":"A","date":"2018-04-17T02:57:37.000Z","volume":1000,"label":" ","price":67.2},{"type":"A","date":"2018-04-17T02:57:37.000Z","volume":1000,"label":" ","price":67.2},{"type":"B","date":"2018-04-17T02:57:48.000Z","volume":500,"label":" ","price":67.15},{"type":"A","date":"2018-04-17T02:57:50.000Z","volume":1000,"label":" ","price":67.2},{"type":"U","date":"2018-04-17T02:57:50.000Z","volume":1500,"label":"X","price":67.2},{"type":"B","date":"2018-04-17T02:58:01.000Z","volume":500,"label":" ","price":67.15},{"type":"A","date":"2018-04-17T02:58:42.000Z","volume":1000,"label":" ","price":67.2},{"type":"B","date":"2018-04-17T02:59:05.000Z","volume":500,"label":" ","price":67.15},{"type":"B","date":"2018-04-17T02:59:09.000Z","volume":500,"label":" ","price":67.15},{"type":"B","date":"2018-04-17T02:59:20.000Z","volume":500,"label":" ","price":67.15},{"type":"A","date":"2018-04-17T02:59:21.000Z","volume":1000,"label":" ","price":67.2},{"type":"A","date":"2018-04-17T02:59:22.000Z","volume":500,"label":" ","price":67.2},{"type":"B","date":"2018-04-17T02:59:24.000Z","volume":500,"label":" ","price":67.15},{"type":"B","date":"2018-04-17T02:59:27.000Z","volume":500,"label":" ","price":67.15},{"type":"B","date":"2018-04-17T02:59:30.000Z","volume":1500,"label":" ","price":67.15},{"type":"A","date":"2018-04-17T02:59:32.000Z","volume":1500,"label":" ","price":67.2},{"type":"B","date":"2018-04-17T02:59:33.000Z","volume":500,"label":" ","price":67.15},{"type":"B","date":"2018-04-17T02:59:46.000Z","volume":500,"label":" ","price":67.15},{"type":"B","date":"2018-04-17T03:00:00.000Z","volume":500,"label":" ","price":67.15},{"type":"B","date":"2018-04-17T03:00:12.000Z","volume":500,"label":" ","price":67.15},{"type":"B","date":"2018-04-17T03:00:13.000Z","volume":500,"label":" ","price":67.15},{"type":"B","date":"2018-04-17T03:00:26.000Z","volume":500,"label":" ","price":67.15},{"type":"B","date":"2018-04-17T03:00:26.000Z","volume":500,"label":" ","price":67.15},{"type":"B","date":"2018-04-17T03:00:40.000Z","volume":500,"label":" ","price":67.15},{"type":"A","date":"2018-04-17T03:00:42.000Z","volume":500,"label":" ","price":67.2},{"type":"U","date":"2018-04-17T03:00:53.000Z","volume":500,"label":"X","price":67.225},{"type":"B","date":"2018-04-17T03:00:57.000Z","volume":500,"label":" ","price":67.15},{"type":"B","date":"2018-04-17T03:01:06.000Z","volume":500,"label":" ","price":67.15},{"type":"B","date":"2018-04-17T03:01:06.000Z","volume":500,"label":" ","price":67.15},{"type":"B","date":"2018-04-17T03:01:09.000Z","volume":2000,"label":" ","price":67.15},{"type":"B","date":"2018-04-17T03:01:11.000Z","volume":13500,"label":" ","price":67.15},{"type":"A","date":"2018-04-17T03:01:12.000Z","volume":2500,"label":" ","price":67.2},{"type":"B","date":"2018-04-17T03:01:14.000Z","volume":1000,"label":" ","price":67.15},{"type":"A","date":"2018-04-17T03:01:32.000Z","volume":1500,"label":" ","price":67.2},{"type":"B","date":"2018-04-17T03:01:36.000Z","volume":5000,"label":" ","price":67.15},{"type":"B","date":"2018-04-17T03:01:44.000Z","volume":500,"label":" ","price":67.15},{"type":"U","date":"2018-04-17T03:01:50.000Z","volume":500,"label":"X","price":67.175},{"type":"B","date":"2018-04-17T03:01:59.000Z","volume":500,"label":" ","price":67.15},{"type":"B","date":"2018-04-17T03:01:59.000Z","volume":500,"label":" ","price":67.15},{"type":"B","date":"2018-04-17T03:02:19.000Z","volume":500,"label":" ","price":67.15},{"type":"B","date":"2018-04-17T03:02:42.000Z","volume":500,"label":" ","price":67.15},{"type":"B","date":"2018-04-17T03:02:43.000Z","volume":1000,"label":" ","price":67.15}