[{"type":"U","date":"2018-04-18T01:00:09.000Z","volume":99000,"label":"P","price":27.609},{"type":"U","date":"2018-04-18T01:00:09.000Z","volume":99000,"label":"P","price":27.61},{"type":"U","date":"2018-04-18T01:05:00.000Z","volume":15600,"label":"P","price":27.617},{"type":"U","date":"2018-04-18T01:05:00.000Z","volume":62400,"label":"P","price":27.618},{"type":"U","date":"2018-04-18T01:05:00.000Z","volume":58000,"label":"P","price":27.613},{"type":"U","date":"2018-04-18T01:05:00.000Z","volume":87000,"label":"P","price":27.614},{"type":"A","date":"2018-04-18T01:30:06.000Z","volume":1000,"label":" ","price":28.2},{"type":"A","date":"2018-04-18T01:30:12.000Z","volume":1000,"label":" ","price":28.2},{"type":"A","date":"2018-04-18T01:30:12.000Z","volume":2000,"label":" ","price":28.15},{"type":"A","date":"2018-04-18T01:30:13.000Z","volume":1000,"label":" ","price":28.2},{"type":"A","date":"2018-04-18T01:30:14.000Z","volume":20000,"label":" ","price":28.2},{"type":"A","date":"2018-04-18T01:30:16.000Z","volume":1000,"label":"Y","price":28.2},{"type":"A","date":"2018-04-18T01:30:16.000Z","volume":1000,"label":" ","price":28.2},{"type":"B","date":"2018-04-18T01:30:16.000Z","volume":1000,"label":" ","price":27.95},{"type":"A","date":"2018-04-18T01:30:22.000Z","volume":1000,"label":" ","price":28.2},{"type":"A","date":"2018-04-18T01:30:24.000Z","volume":1000,"label":"Y","price":28.2},{"type":"A","date":"2018-04-18T01:30:26.000Z","volume":1000,"label":"Y","price":28.25},{"type":"B","date":"2018-04-18T01:30:28.000Z","volume":4000,"label":" ","price":28.2},{"type":"A","date":"2018-04-18T01:30:29.000Z","volume":1000,"label":" ","price":28.25},{"type":"B","date":"2018-04-18T01:30:36.000Z","volume":5000,"label":" ","price":28.2},{"type":"B","date":"2018-04-18T01:30:36.000Z","volume":5000,"label":" ","price":28.15},{"type":"B","date":"2018-04-18T01:30:37.000Z","volume":1000,"label":" ","price":28.2},{"type":"B","date":"2018-04-18T01:30:50.000Z","volume":1000,"label":" ","price":28.2},{"type":"A","date":"2018-04-18T01:31:01.000Z","volume":1000,"label":" ","price":28.25},{"type":"A","date":"2018-04-18T01:31:01.000Z","volume":1000,"label":" ","price":28.25},{"type":"B","date":"2018-04-18T01:31:03.000Z","volume":1000,"label":" ","price":28.2},{"type":"B","date":"2018-04-18T01:31:04.000Z","volume":1000,"label":" ","price":28.2},{"type":"A","date":"2018-04-18T01:31:12.000Z","volume":1000,"label":" ","price":28.25},{"type":"B","date":"2018-04-18T01:31:13.000Z","volume":2000,"label":" ","price":28.2},{"type":"B","date":"2018-04-18T01:31:15.000Z","volume":5000,"label":" ","price":28.2},{"type":"B","date":"2018-04-18T01:31:15.000Z","volume":1000,"label":" ","price":28.2},{"type":"B","date":"2018-04-18T01:31:26.000Z","volume":1000,"label":" ","price":28.2},{"type":"B","date":"2018-04-18T01:31:30.000Z","volume":1000,"label":" ","price":28.2},{"type":"B","date":"2018-04-18T01:31:40.000Z","volume":1000,"label":" ","price":28.2},{"type":"B","date":"2018-04-18T01:31:49.000Z","volume":1000,"label":" ","price":28.2},{"type":"A","date":"2018-04-18T01:31:59.000Z","volume":1000,"label":" ","price":28.25},{"type":"A","date":"2018-04-18T01:31:59.000Z","volume":1000,"label":" ","price":28.25},{"type":"A","date":"2018-04-18T01:32:00.000Z","volume":2000,"label":" ","price":28.25},{"type":"A","date":"2018-04-18T01:32:00.000Z","volume":1000,"label":" ","price":28.25},{"type":"B","date":"2018-04-18T01:32:01.000Z","volume":1000,"label":" ","price":28.2},{"type":"B","date":"2018-04-18T01:32:01.000Z","volume":1000,"label":" ","price":28.2},{"type":"A","date":"2018-04-18T01:32:05.000Z","volume":8000,"label":" ","price":28.25},{"type":"A","date":"2018-04-18T01:32:06.000Z","volume":1000,"label":" ","price":28.3},{"type":"A","date":"2018-04-18T01:32:07.000Z","volume":16000,"label":" ","price":28.3},{"type":"A","date":"2018-04-18T01:32:07.000Z","volume":3000,"label":" ","price":28.4},{"type":"A","date":"2018-04-18T01:32:07.000Z","volume":1000,"label":" ","price":28.4},{"type":"A","date":"2018-04-18T01:32:08.000Z","volume":1000,"label":" ","price":28.4},{"type":"U","date":"2018-04-18T01:32:49.000Z","volume":1000,"label":" ","price":28.4},{"type":"U","date":"2018-04-18T01:32:49.000Z","volume":1000,"label":" ","price":28.4},{"type":"A","date":"2018-04-18T01:32:50.000Z","volume":1000,"label":" ","price":28.45},{"type":"B","date":"2018-04-18T01:32:54.000Z","volume":3000,"label":" ","price":28.35},{"type":"A","date":"2018-04-18T01:32:58.000Z","volume":1000,"label":" ","price":28.45},{"type":"A","date":"2018-04-18T01:32:58.000Z","volume":2000,"label":" ","price":28.45},{"type":"B","date":"2018-04-18T01:32:58.000Z","volume":2000,"label":" ","price":28.4},{"type":"B","date":"2018-04-18T01:32:58.000Z","volume":1000,"label":" ","price":28.4},{"type":"B","date":"2018-04-18T01:33:24.000Z","volume":1000,"label":" ","price":28.35},{"type":"A","date":"2018-04-18T01:33:46.000Z","volume":4000,"label":" ","price":28.4},{"type":"A","date":"2018-04-18T01:33:56.000Z","volume":1000,"label":" ","price":28.4},{"type":"A","date":"2018-04-18T01:33:57.000Z","volume":2000,"label":" ","price":28.4},{"type":"A","date":"2018-04-18T01:33:57.000Z","volume":1000,"label":" ","price":28.4},{"type":"A","date":"2018-04-18T01:33:58.000Z","volume":1000,"label":"Y","price":28.4},{"type":"A","date":"2018-04-18T01:34:35.000Z","volume":1000,"label":" ","price":28.4},{"type":"A","date":"2018-04-18T01:34:50.000Z","volume":1000,"label":" ","price":28.4},{"type":"A","date":"2018-04-18T01:34:53.000Z","volume":1000,"label":" ","price":28.4},{"type":"A","date":"2018-04-18T01:34:54.000Z","volume":1000,"label":" ","price":28.4},{"type":"A","date":"2018-04-18T01:34:54.000Z","volume":1000,"label":" ","price":28.4},{"type":"A","date":"2018-04-18T01:35:01.000Z","volume":1000,"label":" ","price":28.4},{"type":"U","date":"2018-04-18T01:35:07.000Z","volume":4000,"label":"X","price":28.267},{"type":"U","date":"2018-04-18T01:35:07.000Z","volume":2000,"label":"X","price":28.267},{"type":"U","date":"2018-04-18T01:35:10.000Z","volume":639,"label":"D","price":28.2},{"type":"A","date":"2018-04-18T01:35:52.000Z","volume":2000,"label":" ","price":28.4},{"type":"A","date":"2018-04-18T01:35:52.000Z","volume":1000,"label":" ","price":28.4},{"type":"A","date":"2018-04-18T01:35:55.000Z","volume":1000,"label":"Y","price":28.4},{"type":"B","date":"2018-04-18T01:36:04.000Z","volume":11000,"label":" ","price":28.35},{"type":"B","date":"2018-04-18T01:36:04.000Z","volume":7000,"label":" ","price":28.35},{"type":"B","date":"2018-04-18T01:36:04.000Z","volume":1000,"label":" ","price":28.35},{"type":"B","date":"2018-04-18T01:36:08.000Z","volume":4000,"label":" ","price":28.3},{"type":"B","date":"2018-04-18T01:36:14.000Z","volume":2000,"label":" ","price":28.3},{"type":"B","date":"2018-04-18T01:36:14.000Z","volume":1000,"label":" ","price":28.3},{"type":"B","date":"2018-04-18T01:36:14.000Z","volume":3000,"label":" ","price":28.3},{"type":"B","date":"2018-04-18T01:36:14.000Z","volume":22000,"label":" ","price":28.3},{"type":"B","date":"2018-04-18T01:36:14.000Z","volume":1000,"label":" ","price":28.3},{"type":"B","date":"2018-04-18T01:36:14.000Z","volume":1000,"label":" ","price":28.25},{"type":"B","date":"2018-04-18T01:36:14.000Z","volume":4000,"label":" ","price":28.3},{"type":"B","date":"2018-04-18T01:36:14.000Z","volume":1000,"label":" ","price":28.3},{"type":"B","date":"2018-04-18T01:36:14.000Z","volume":2000,"label":" ","price":28.25},{"type":"A","date":"2018-04-18T01:36:14.000Z","volume":1000,"label":" ","price":28.3},{"type":"A","date":"2018-04-18T01:36:50.000Z","volume":2000,"label":" ","price":28.3},{"type":"A","date":"2018-04-18T01:36:51.000Z","volume":1000,"label":" ","price":28.3},{"type":"B","date":"2018-04-18T01:36:56.000Z","volume":1000,"label":" ","price":28.25},{"type":"A","date":"2018-04-18T01:37:13.000Z","volume":1000,"label":" ","price":28.3},{"type":"B","date":"2018-04-18T01:37:18.000Z","volume":20000,"label":" ","price":28.25},{"type":"B","date":"2018-04-18T01:37:18.000Z","volume":2000,"label":"Y","price":28.25},{"type":"B","date":"2018-04-18T01:37:19.000Z","volume":2000,"label":" ","price":28.25},{"type":"A","date":"2018-04-18T01:37:22.000Z","volume":1000,"label":" ","price":28.3},{"type":"B","date":"2018-04-18T01:37:22.000Z","volume":3000,"label":" ","price":28.25},{"type":"B","date":"2018-04-18T01:37:22.000Z","volume":4000,"label":" ","price":28.2},{"type":"B","date":"2018-04-18T01:37:22.000Z","volume":1000,"label":" ","price":28.2},{"type":"U","date":"2018-04-18T01:37:22.000Z","volume":1000,"label":"X","price":28.2},{"type":"B","date":"2018-04-18T01:37:27.000Z","volume":1000,"label":" ","price":28.2},{"type":"B","date":"2018-04-18T01:37:43.000Z","volume":1000,"label":" ","price":28.2},{"type":"B","date":"2018-04-18T01:37:46.000Z","volume":1000,"label":" ","price":28.2},{"type":"A","date":"2018-04-18T01:37:49.000Z","volume":2000,"label":" ","price":28.25},{"type":"A","date":"2018-04-18T01:37:49.000Z","volume":1000,"label":" ","price":28.25},{"type":"U","date":"2018-04-18T01:37:49.000Z","volume":1000,"label":"X","price":28.247},{"type":"A","date":"2018-04-18T01:37:49.000Z","volume":1000,"label":" ","price":28.25},{"type":"A","date":"2018-04-18T01:38:03.000Z","volume":1000,"label":" ","price":28.25},{"type":"B","date":"2018-04-18T01:38:18.000Z","volume":1000,"label":" ","price":28.2},{"type":"B","date":"2018-04-18T01:38:45.000Z","volume":6000,"label":" ","price":28.2},{"type":"B","date":"2018-04-18T01:38:45.000Z","volume":1000,"label":" ","price":28.2},{"type":"A","date":"2018-04-18T01:38:46.000Z","volume":2000,"label":" ","price":28.25},{"type":"A","date":"2018-04-18T01:38:47.000Z","volume":1000,"label":" ","price":28.25},{"type":"B","date":"2018-04-18T01:38:47.000Z","volume":1000,"label":" ","price":28.2},{"type":"A","date":"2018-04-18T01:39:45.000Z","volume":2000,"label":" ","price":28.2},{"type":"A","date":"2018-04-18T01:39:45.000Z","volume":1000,"label":" ","price":28.2},{"type":"A","date":"2018-04-18T01:40:06.000Z","volume":1000,"label":" ","price":28.2},{"type":"A","date":"2018-04-18T01:40:49.000Z","volume":2000,"label":" ","price":28.2},{"type":"A","date":"2018-04-18T01:40:50.000Z","volume":1000,"label":" ","price":28.2},{"type":"A","date":"2018-04-18T01:41:01.000Z","volume":1000,"label":" ","price":28.2},{"type":"B","date":"2018-04-18T01:41:26.000Z","volume":6000,"label":" ","price":28.15},{"type":"B","date":"2018-04-18T01:41:26.000Z","volume":1000,"label":" ","price":28.15},{"type":"B","date":"2018-04-18T01:41:29.000Z","volume":1000,"label":" ","price":28.15},{"type":"U","date":"2018-04-18T01:41:34.000Z","volume":1000,"label":"X","price":28.15},{"type":"B","date":"2018-04-18T01:41:38.000Z","volume":1000,"label":" ","price":28.15},{"type":"A","date":"2018-04-18T01:41:50.000Z","volume":2000,"label":" ","price":28.2},{"type":"A","date":"2018-04-18T01:41:51.000Z","volume":1000,"label":" ","price":28.2},{"type":"A","date":"2018-04-18T01:42:35.000Z","volume":1000,"label":" ","price":28.2},{"type":"A","date":"2018-04-18T01:42:40.000Z","volume":1000,"label":" ","price":28.2},{"type":"A","date":"2018-04-18T01:42:40.000Z","volume":1000,"label":" ","price":28.2},{"type":"B","date":"2018-04-18T01:42:40.000Z","volume":1000,"label":" ","price":28.15},{"type":"A","date":"2018-04-18T01:42:41.000Z","volume":6000,"label":" ","price":28.2},{"type":"A","date":"2018-04-18T01:42:44.000Z","volume":30000,"label":" ","price":28.2},{"type":"B","date":"2018-04-18T01:42:45.000Z","volume":7000,"label":" ","price":28.15},{"type":"B","date":"2018-04-18T01:42:45.000Z","volume":1000,"label":" ","price":28.15},{"type":"B","date":"2018-04-18T01:42:46.000Z","volume":1000,"label":" ","price":28.15},{"type":"A","date":"2018-04-18T01:43:04.000Z","volume":1000,"label":" ","price":28.2},{"type":"A","date":"2018-04-18T01:43:43.000Z","volume":1000,"label":" ","price":28.2},{"type":"B","date":"2018-04-18T01:43:44.000Z","volume":1000,"label":" ","price":28.15},{"type":"A","date":"2018-04-18T01:43:45.000Z","volume":1000,"label":" ","price":28.2},{"type":"B","date":"2018-04-18T01:43:47.000Z","volume":1000,"label":" ","price":28.15},{"type":"A","date":"2018-04-18T01:43:56.000Z","volume":2000,"label":" ","price":28.2},{"type":"B","date":"2018-04-18T01:44:31.000Z","volume":1000,"label":" ","price":28.15},{"type":"A","date":"2018-04-18T01:44:36.000Z","volume":2000,"label":" ","price":28.2},{"type":"A","date":"2018-04-18T01:44:37.000Z","volume":1000,"label":" ","price":28.2},{"type":"B","date":"2018-04-18T01:44:48.000Z","volume":15000,"label":" ","price":28.15},{"type":"B","date":"2018-04-18T01:44:48.000Z","volume":8000,"label":" ","price":28.1},{"type":"B","date":"2018-04-18T01:44:48.000Z","volume":6000,"label":" ","price":28.05},{"type":"B","date":"2018-04-18T01:44:48.000Z","volume":91000,"label":" ","price":28},{"type":"B","date":"2018-04-18T01:44:48.000Z","volume":9000,"label":" ","price":28},{"type":"B","date":"2018-04-18T01:44:49.000Z","volume":8000,"label":" ","price":27.9},{"type":"B","date":"2018-04-18T01:44:50.000Z","volume":2000,"label":" ","price":27.9},{"type":"B","date":"2018-04-18T01:44:52.000Z","volume":2000,"label":" ","price":27.9},{"type":"B","date":"2018-04-18T01:44:57.000Z","volume":1000,"label":" ","price":27.9},{"type":"B","date":"2018-04-18T01:44:59.000Z","volume":2000,"label":" ","price":27.95},{"type":"B","date":"2018-04-18T01:45:00.000Z","volume":1000,"label":" ","price":27.95},{"type":"B","date":"2018-04-18T01:45:02.000Z","volume":2000,"label":" ","price":27.9},{"type":"A","date":"2018-04-18T01:45:03.000Z","volume":1000,"label":" ","price":27.95},{"type":"B","date":"2018-04-18T01:45:05.000Z","volume":1000,"label":" ","price":27.85},{"type":"A","date":"2018-04-18T01:45:05.000Z","volume":6000,"label":" ","price":27.9},{"type":"B","date":"2018-04-18T01:45:06.000Z","volume":1000,"label":" ","price":27.85},{"type":"B","date":"2018-04-18T01:45:08.000Z","volume":1000,"label":" ","price":27.85},{"type":"B","date":"2018-04-18T01:45:08.000Z","volume":5000,"label":" ","price":27.8},{"type":"B","date":"2018-04-18T01:45:09.000Z","volume":1000,"label":" ","price":27.8},{"type":"U","date":"2018-04-18T01:45:09.000Z","volume":1000,"label":"X","price":27.8},{"type":"B","date":"2018-04-18T01:45:11.000Z","volume":1000,"label":" ","price":27.8},{"type":"U","date":"2018-04-18T01:45:13.000Z","volume":1000,"label":"X","price":28.058},{"type":"B","date":"2018-04-18T01:45:15.000Z","volume":1000,"label":" ","price":27.75},{"type":"B","date":"2018-04-18T01:45:18.000Z","volume":2000,"label":" ","price":27.7},{"type":"A","date":"2018-04-18T01:45:21.000Z","volume":23000,"label":" ","price":27.8},{"type":"A","date":"2018-04-18T01:45:25.000Z","volume":11000,"label":" ","price":27.85},{"type":"A","date":"2018-04-18T01:45:34.000Z","volume":2000,"label":" ","price":27.85},{"type":"A","date":"2018-04-18T01:45:36.000Z","volume":15000,"label":" ","price":27.9},{"type":"A","date":"2018-04-18T01:45:37.000Z","volume":2000,"label":" ","price":27.9},{"type":"B","date":"2018-04-18T01:45:37.000Z","volume":3000,"label":" ","price":27.9},{"type":"A","date":"2018-04-18T01:45:39.000Z","volume":7000,"label":" ","price":27.95},{"type":"B","date":"2018-04-18T01:45:52.000Z","volume":1000,"label":" ","price":27.95},{"type":"A","date":"2018-04-18T01:46:33.000Z","volume":1000,"label":" ","price":28},{"type":"A","date":"2018-04-18T01:46:33.000Z","volume":2000,"label":" ","price":28},{"type":"A","date":"2018-04-18T01:46:33.000Z","volume":1000,"label":" ","price":28},{"type":"A","date":"2018-04-18T01:47:04.000Z","volume":1000,"label":"Y","price":28},{"type":"B","date":"2018-04-18T01:47:19.000Z","volume":1000,"label":" ","price":27.95},{"type":"A","date":"2018-04-18T01:47:31.000Z","volume":2000,"label":" ","price":28},{"type":"A","date":"2018-04-18T01:47:31.000Z","volume":1000,"label":" ","price":28},{"type":"B","date":"2018-04-18T01:47:49.000Z","volume":1000,"label":" ","price":27.95},{"type":"B","date":"2018-04-18T01:47:57.000Z","volume":1000,"label":" ","price":27.95},{"type":"B","date":"2018-04-18T01:47:59.000Z","volume":1000,"label":" ","price":27.95},{"type":"B","date":"2018-04-18T01:48:01.000Z","volume":2000,"label":" ","price":27.95},{"type":"A","date":"2018-04-18T01:48:04.000Z","volume":1000,"label":" ","price":28},{"type":"B","date":"2018-04-18T01:48:20.000Z","volume":1000,"label":" ","price":27.95},{"type":"B","date":"2018-04-18T01:48:20.000Z","volume":3000,"label":" ","price":27.95},{"type":"B","date":"2018-04-18T01:48:20.000Z","volume":7000,"label":" ","price":27.95},{"type":"B","date":"2018-04-18T01:48:21.000Z","volume":1000,"label":" ","price":27.95},{"type":"B","date":"2018-04-18T01:48:21.000Z","volume":1000,"label":" ","price":27.9},{"type":"U","date":"2018-04-18T01:48:21.000Z","volume":1000,"label":"X","price":27.9},{"type":"A","date":"2018-04-18T01:48:29.000Z","volume":1000,"label":" ","price":27.95},{"type":"A","date":"2018-04-18T01:48:29.000Z","volume":2000,"label":" ","price":27.95},{"type":"A","date":"2018-04-18T01:48:31.000Z","volume":2000,"label":"Y","price":27.95},{"type":"A","date":"2018-04-18T01:48:31.000Z","volume":1000,"label":" ","price":27.95},{"type":"B","date":"2018-04-18T01:48:35.000Z","volume":1000,"label":" ","price":27.9},{"type":"A","date":"2018-04-18T01:49:04.000Z","volume":1000,"label":" ","price":27.95},{"type":"B","date":"2018-04-18T01:49:21.000Z","volume":1000,"label":" ","price":27.9},{"type":"B","date":"2018-04-18T01:49:21.000Z","volume":12000,"label":" ","price":27.9},{"type":"U","date":"2018-04-18T01:49:21.000Z","volume":1000,"label":" ","price":27.9},{"type":"A","date":"2018-04-18T01:49:28.000Z","volume":1000,"label":" ","price":27.9},{"type":"A","date":"2018-04-18T01:49:28.000Z","volume":1000,"label":" ","price":27.9},{"type":"A","date":"2018-04-18T01:49:28.000Z","volume":1000,"label":" ","price":27.9},{"type":"B","date":"2018-04-18T01:49:32.000Z","volume":1000,"label":" ","price":27.85},{"type":"B","date":"2018-04-18T01:49:36.000Z","volume":1000,"label":" ","price":27.85},{"type":"B","date":"2018-04-18T01:50:00.000Z","volume":1000,"label":" ","price":27.85},{"type":"B","date":"2018-04-18T01:50:00.000Z","volume":5000,"label":" ","price":27.85},{"type":"B","date":"2018-04-18T01:50:01.000Z","volume":1000,"label":" ","price":27.85},{"type":"B","date":"2018-04-18T01:50:02.000Z","volume":1000,"label":" ","price":27.85},{"type":"B","date":"2018-04-18T01:50:22.000Z","volume":1000,"label":" ","price":27.8},{"type":"A","date":"2018-04-18T01:50:26.000Z","volume":1000,"label":" ","price":27.85},{"type":"A","date":"2018-04-18T01:50:26.000Z","volume":2000,"label":" ","price":27.85},{"type":"B","date":"2018-04-18T01:50:37.000Z","volume":1000,"label":" ","price":27.8},{"type":"B","date":"2018-04-18T01:51:12.000Z","volume":1000,"label":" ","price":27.85},{"type":"B","date":"2018-04-18T01:51:23.000Z","volume":1000,"label":" ","price":27.8},{"type":"A","date":"2018-04-18T01:51:24.000Z","volume":1000,"label":" ","price":27.85},{"type":"A","date":"2018-04-18T01:51:25.000Z","volume":2000,"label":" ","price":27.85},{"type":"A","date":"2018-04-18T01:51:30.000Z","volume":2000,"label":" ","price":27.85},{"type":"A","date":"2018-04-18T01:51:33.000Z","volume":5000,"label":" ","price":27.85},{"type":"B","date":"2018-04-18T01:51:38.000Z","volume":1000,"label":" ","price":27.8},{"type":"A","date":"2018-04-18T01:51:47.000Z","volume":5000,"label":" ","price":27.85},{"type":"A","date":"2018-04-18T01:52:04.000Z","volume":1000,"label":" ","price":27.85},{"type":"A","date":"2018-04-18T01:52:23.000Z","volume":1000,"label":" ","price":27.85},{"type":"A","date":"2018-04-18T01:52:23.000Z","volume":1000,"label":" ","price":27.85},{"type":"A","date":"2018-04-18T01:52:23.000Z","volume":2000,"label":" ","price":27.85},{"type":"B","date":"2018-04-18T01:52:24.000Z","volume":1000,"label":" ","price":27.8},{"type":"B","date":"2018-04-18T01:52:39.000Z","volume":1000,"label":" ","price":27.8},{"type":"A","date":"2018-04-18T01:53:05.000Z","volume":1000,"label":" ","price":27.85},{"type":"B","date":"2018-04-18T01:53:20.000Z","volume":6000,"label":" ","price":27.8},{"type":"B","date":"2018-04-18T01:53:20.000Z","volume":1000,"label":" ","price":27.8},{"type":"B","date":"2018-04-18T01:53:20.000Z","volume":5000,"label":" ","price":27.8},{"type":"A","date":"2018-04-18T01:53:21.000Z","volume":1000,"label":" ","price":27.8},{"type":"A","date":"2018-04-18T01:53:21.000Z","volume":1000,"label":" ","price":27.85},{"type":"A","date":"2018-04-18T01:53:21.000Z","volume":1000,"label":" ","price":27.85},{"type":"B","date":"2018-04-18T01:53:26.000Z","volume":1000,"label":" ","price":27.75},{"type":"B","date":"2018-04-18T01:53:41.000Z","volume":1000,"label":" ","price":27.75},{"type":"A","date":"2018-04-18T01:54:05.000Z","volume":1000,"label":" ","price":27.85},{"type":"A","date":"2018-04-18T01:54:05.000Z","volume":1000,"label":" ","price":27.85},{"type":"A","date":"2018-04-18T01:54:19.000Z","volume":2000,"label":" ","price":27.85},{"type":"A","date":"2018-04-18T01:54:19.000Z","volume":1000,"label":" ","price":27.85},{"type":"B","date":"2018-04-18T01:54:27.000Z","volume":1000,"label":" ","price":27.8},{"type":"B","date":"2018-04-18T01:54:28.000Z","volume":1000,"label":" ","price":27.8},{"type":"B","date":"2018-04-18T01:54:42.000Z","volume":1000,"label":" ","price":27.8},{"type":"A","date":"2018-04-18T01:55:18.000Z","volume":1000,"label":" ","price":27.85},{"type":"A","date":"2018-04-18T01:55:18.000Z","volume":2000,"label":" ","price":27.85},{"type":"A","date":"2018-04-18T01:55:19.000Z","volume":1000,"label":" ","price":27.85},{"type":"A","date":"2018-04-18T01:55:24.000Z","volume":10000,"label":" ","price":27.85},{"type":"A","date":"2018-04-18T01:55:25.000Z","volume":1000,"label":" ","price":27.85},{"type":"B","date":"2018-04-18T01:55:28.000Z","volume":1000,"label":" ","price":27.8},{"type":"B","date":"2018-04-18T01:55:43.000Z","volume":1000,"label":" ","price":27.8},{"type":"A","date":"2018-04-18T01:55:49.000Z","volume":5000,"label":" ","price":27.85},{"type":"A","date":"2018-04-18T01:55:56.000Z","volume":5000,"label":" ","price":27.85},{"type":"A","date":"2018-04-18T01:56:05.000Z","volume":1000,"label":" ","price":27.9},{"type":"A","date":"2018-04-18T01:56:16.000Z","volume":1000,"label":" ","price":27.9},{"type":"A","date":"2018-04-18T01:56:16.000Z","volume":2000,"label":" ","price":27.9},{"type":"A","date":"2018-04-18T01:56:17.000Z","volume":1000,"label":" ","price":27.9},{"type":"B","date":"2018-04-18T01:56:28.000Z","volume":1000,"label":" ","price":27.8},{"type":"A","date":"2018-04-18T01:56:37.000Z","volume":4000,"label":" ","price":27.9},{"type":"B","date":"2018-04-18T01:56:43.000Z","volume":1000,"label":" ","price":27.85},{"type":"U","date":"2018-04-18T01:56:52.000Z","volume":1000,"label":"X","price":27.867},{"type":"B","date":"2018-04-18T01:57:12.000Z","volume":6000,"label":" ","price":27.85},{"type":"A","date":"2018-04-18T01:57:13.000Z","volume":5000,"label":" ","price":27.9},{"type":"B","date":"2018-04-18T01:57:13.000Z","volume":1000,"label":" ","price":27.85},{"type":"A","date":"2018-04-18T01:57:14.000Z","volume":1000,"label":" ","price":27.9},{"type":"A","date":"2018-04-18T01:57:14.000Z","volume":2000,"label":" ","price":27.9},{"type":"B","date":"2018-04-18T01:57:29.000Z","volume":1000,"label":" ","price":27.85},{"type":"B","date":"2018-04-18T01:57:44.000Z","volume":1000,"label":" ","price":27.85},{"type":"A","date":"2018-04-18T01:57:55.000Z","volume":30000,"label":" ","price":27.9},{"type":"A","date":"2018-04-18T01:57:56.000Z","volume":1000,"label":" ","price":27.9},{"type":"A","date":"2018-04-18T01:58:12.000Z","volume":1000,"label":" ","price":27.9},{"type":"A","date":"2018-04-18T01:58:12.000Z","volume":2000,"label":" ","price":27.9},{"type":"A","date":"2018-04-18T01:58:13.000Z","volume":1000,"label":" ","price":27.9},{"type":"B","date":"2018-04-18T01:58:30.000Z","volume":1000,"label":" ","price":27.85},{"type":"B","date":"2018-04-18T01:58:45.000Z","volume":1000,"label":" ","price":27.85},{"type":"A","date":"2018-04-18T01:59:04.000Z","volume":1000,"label":" ","price":27.9},{"type":"A","date":"2018-04-18T01:59:11.000Z","volume":1000,"label":" ","price":27.9},{"type":"A","date":"2018-04-18T01:59:11.000Z","volume":2000,"label":" ","price":27.9},{"type":"A","date":"2018-04-18T01:59:25.000Z","volume":1000,"label":" ","price":27.9},{"type":"B","date":"2018-04-18T01:59:31.000Z","volume":1000,"label":" ","price":27.85},{"type":"A","date":"2018-04-18T01:59:45.000Z","volume":1000,"label":" ","price":27.9},{"type":"B","date":"2018-04-18T01:59:46.000Z","volume":1000,"label":" ","price":27.85},{"type":"A","date":"2018-04-18T02:00:01.000Z","volume":20000,"label":" ","price":27.9},{"type":"A","date":"2018-04-18T02:00:02.000Z","volume":1000,"label":"Y","price":27.9},{"type":"A","date":"2018-04-18T02:00:10.000Z","volume":1000,"label":" ","price":27.9},{"type":"A","date":"2018-04-18T02:00:10.000Z","volume":1000,"label":" ","price":27.9},{"type":"A","date":"2018-04-18T02:00:25.000Z","volume":15000,"label":" ","price":27.9},{"type":"A","date":"2018-04-18T02:00:25.000Z","volume":1000,"label":" ","price":27.9},{"type":"A","date":"2018-04-18T02:00:29.000Z","volume":5000,"label":" ","price":27.9},{"type":"B","date":"2018-04-18T02:00:33.000Z","volume":1000,"label":" ","price":27.85},{"type":"A","date":"2018-04-18T02:00:34.000Z","volume":1000,"label":" ","price":27.9},{"type":"A","date":"2018-04-18T02:00:34.000Z","volume":5000,"label":" ","price":27.9},{"type":"B","date":"2018-04-18T02:00:34.000Z","volume":1000,"label":" ","price":27.9},{"type":"B","date":"2018-04-18T02:00:34.000Z","volume":1000,"label":" ","price":27.9},{"type":"B","date":"2018-04-18T02:00:34.000Z","volume":1000,"label":" ","price":27.9},{"type":"B","date":"2018-04-18T02:00:34.000Z","volume":1000,"label":" ","price":27.9},{"type":"B","date":"2018-04-18T02:00:35.000Z","volume":1000,"label":" ","price":27.9},{"type":"B","date":"2018-04-18T02:00:35.000Z","volume":1000,"label":" ","price":27.9},{"type":"B","date":"2018-04-18T02:00:35.000Z","volume":1000,"label":" ","price":27.9},{"type":"U","date":"2018-04-18T02:00:35.000Z","volume":1000,"label":" ","price":27.9},{"type":"B","date":"2018-04-18T02:00:48.000Z","volume":1000,"label":" ","price":27.85},{"type":"B","date":"2018-04-18T02:00:53.000Z","volume":10000,"label":" ","price":27.85},{"type":"B","date":"2018-04-18T02:00:55.000Z","volume":1000,"label":" ","price":27.85},{"type":"A","date":"2018-04-18T02:01:05.000Z","volume":1000,"label":" ","price":27.9},{"type":"A","date":"2018-04-18T02:01:08.000Z","volume":2000,"label":" ","price":27.9},{"type":"A","date":"2018-04-18T02:01:08.000Z","volume":1000,"label":" ","price":27.9},{"type":"A","date":"2018-04-18T02:01:08.000Z","volume":1000,"label":" ","price":27.9},{"type":"B","date":"2018-04-18T02:01:34.000Z","volume":1000,"label":" ","price":27.85},{"type":"B","date":"2018-04-18T02:01:44.000Z","volume":6000,"label":" ","price":27.85},{"type":"B","date":"2018-04-18T02:01:47.000Z","volume":1000,"label":" ","price":27.85},{"type":"B","date":"2018-04-18T02:01:49.000Z","volume":1000,"label":" ","price":27.85},{"type":"B","date":"2018-04-18T02:01:52.000Z","volume":6000,"label":" ","price":27.85},{"type":"A","date":"2018-04-18T02:02:06.000Z","volume":1000,"label":" ","price":27.9},{"type":"A","date":"2018-04-18T02:02:06.000Z","volume":2000,"label":" ","price":27.9},{"type":"A","date":"2018-04-18T02:02:21.000Z","volume":1000,"label":" ","price":27.9},{"type":"B","date":"2018-04-18T02:02:35.000Z","volume":1000,"label":" ","price":27.8},{"type":"B","date":"2018-04-18T02:02:50.000Z","volume":1000,"label":" ","price":27.8},{"type":"U","date":"2018-04-18T02:02:54.000Z","volume":128,"label":"D","price":27.9},{"type":"A","date":"2018-04-18T02:03:05.000Z","volume":1000,"label":" ","price":27.9},{"type":"A","date":"2018-04-18T02:03:05.000Z","volume":2000,"label":" ","price":27.9},{"type":"A","date":"2018-04-18T02:03:05.000Z","volume":1000,"label":" ","price":27.9},{"type":"B","date":"2018-04-18T02:03:36.000Z","volume":1000,"label":" ","price":27.8},{"type":"B","date":"2018-04-18T02:03:51.000Z","volume":1000,"label":" ","price":27.8},{"type":"A","date":"2018-04-18T02:04:03.000Z","volume":1000,"label":" ","price":27.9},{"type":"A","date":"2018-04-18T02:04:03.000Z","volume":1000,"label":" ","price":27.9},{"type":"A","date":"2018-04-18T02:04:03.000Z","volume":1000,"label":" ","price":27.9},{"type":"B","date":"2018-04-18T02:04:37.000Z","volume":1000,"label":" ","price":27.8},{"type":"A","date":"2018-04-18T02:04:46.000Z","volume":1000,"label":" ","price":27.85},{"type":"B","date":"2018-04-18T02:04:52.000Z","volume":1000,"label":" ","price":27.8},{"type":"B","date":"2018-04-18T02:04:53.000Z","volume":1000,"label":" ","price":27.8},{"type":"A","date":"2018-04-18T02:05:00.000Z","volume":2000,"label":" ","price":27.85},{"type":"A","date":"2018-04-18T02:05:00.000Z","volume":1000,"label":" ","price":27.85},{"type":"A","date":"2018-04-18T02:05:16.000Z","volume":4000,"label":" ","price":27.85},{"type":"A","date":"2018-04-18T02:05:17.000Z","volume":1000,"label":" ","price":27.85},{"type":"A","date":"2018-04-18T02:05:36.000Z","volume":4000,"label":" ","price":27.85},{"type":"A","date":"2018-04-18T02:05:36.000Z","volume":3000,"label":" ","price":27.85},{"type":"B","date":"2018-04-18T02:05:37.000Z","volume":1000,"label":" ","price":27.8},{"type":"B","date":"2018-04-18T02:05:44.000Z","volume":1000,"label":" ","price":27.85},{"type":"B","date":"2018-04-18T02:05:52.000Z","volume":1000,"label":" ","price":27.85},{"type":"A","date":"2018-04-18T02:05:59.000Z","volume":2000,"label":" ","price":27.9},{"type":"A","date":"2018-04-18T02:05:59.000Z","volume":1000,"label":" ","price":27.9},{"type":"A","date":"2018-04-18T02:06:06.000Z","volume":1000,"label":" ","price":27.9},{"type":"B","date":"2018-04-18T02:06:14.000Z","volume":6000,"label":" ","price":27.85},{"type":"B","date":"2018-04-18T02:06:15.000Z","volume":1000,"label":" ","price":27.85},{"type":"B","date":"2018-04-18T02:06:39.000Z","volume":1000,"label":" ","price":27.85},{"type":"B","date":"2018-04-18T02:06:42.000Z","volume":1000,"label":" ","price":27.85},{"type":"U","date":"2018-04-18T02:06:52.000Z","volume":1000,"label":"X","price":27.879},{"type":"B","date":"2018-04-18T02:06:54.000Z","volume":1000,"label":" ","price":27.85},{"type":"A","date":"2018-04-18T02:06:57.000Z","volume":1000,"label":" ","price":27.9},{"type":"A","date":"2018-04-18T02:06:57.000Z","volume":1000,"label":" ","price":27.9},{"type":"A","date":"2018-04-18T02:06:57.000Z","volume":2000,"label":" ","price":27.9},{"type":"B","date":"2018-04-18T02:07:03.000Z","volume":4000,"label":" ","price":27.85},{"type":"B","date":"2018-04-18T02:07:03.000Z","volume":5000,"label":" ","price":27.8},{"type":"B","date":"2018-04-18T02:07:40.000Z","volume":1000,"label":" ","price":27.8},{"type":"A","date":"2018-04-18T02:07:49.000Z","volume":1000,"label":" ","price":27.9},{"type":"B","date":"2018-04-18T02:07:55.000Z","volume":1000,"label":" ","price":27.8},{"type":"A","date":"2018-04-18T02:07:56.000Z","volume":1000,"label":" ","price":27.9},{"type":"A","date":"2018-04-18T02:07:56.000Z","volume":1000,"label":" ","price":27.9},{"type":"A","date":"2018-04-18T02:08:06.000Z","volume":1000,"label":" ","price":27.9},{"type":"B","date":"2018-04-18T02:08:41.000Z","volume":1000,"label":" ","price":27.8},{"type":"B","date":"2018-04-18T02:08:44.000Z","volume":1000,"label":" ","price":27.8},{"type":"A","date":"2018-04-18T02:08:54.000Z","volume":1000,"label":" ","price":27.9},{"type":"A","date":"2018-04-18T02:08:54.000Z","volume":2000,"label":" ","price":27.9},{"type":"B","date":"2018-04-18T02:08:56.000Z","volume":1000,"label":" ","price":27.8},{"type":"B","date":"2018-04-18T02:09:07.000Z","volume":1000,"label":" ","price":27.8},{"type":"B","date":"2018-04-18T02:09:42.000Z","volume":1000,"label":" ","price":27.8},{"type":"B","date":"2018-04-18T02:09:47.000Z","volume":1000,"label":" ","price":27.8},{"type":"A","date":"2018-04-18T02:09:52.000Z","volume":2000,"label":" ","price":27.9},{"type":"A","date":"2018-04-18T02:09:52.000Z","volume":1000,"label":" ","price":27.9},{"type":"A","date":"2018-04-18T02:09:52.000Z","volume":1000,"label":" ","price":27.9},{"type":"A","date":"2018-04-18T02:09:55.000Z","volume":1000,"label":" ","price":27.9},{"type":"B","date":"2018-04-18T02:09:56.000Z","volume":1000,"label":"Y","price":27.85},{"type":"B","date":"2018-04-18T02:09:57.000Z","volume":1000,"label":" ","price":27.85},{"type":"B","date":"2018-04-18T02:10:02.000Z","volume":1000,"label":" ","price":27.85},{"type":"A","date":"2018-04-18T02:10:06.000Z","volume":1000,"label":" ","price":27.9},{"type":"B","date":"2018-04-18T02:10:16.000Z","volume":6000,"label":" ","price":27.85},{"type":"B","date":"2018-04-18T02:10:16.000Z","volume":1000,"label":" ","price":27.85},{"type":"B","date":"2018-04-18T02:10:16.000Z","volume":1000,"label":" ","price":27.85},{"type":"B","date":"2018-04-18T02:10:43.000Z","volume":1000,"label":" ","price":27.85},{"type":"B","date":"2018-04-18T02:10:44.000Z","volume":1000,"label":" ","price":27.85},{"type":"U","date":"2018-04-18T02:10:44.000Z","volume":1000,"label":"X","price":27.85},{"type":"A","date":"2018-04-18T02:10:46.000Z","volume":1000,"label":"Y","price":27.9},{"type":"A","date":"2018-04-18T02:10:50.000Z","volume":1000,"label":" ","price":27.9},{"type":"A","date":"2018-04-18T02:10:50.000Z","volume":2000,"label":" ","price":27.9},{"type":"B","date":"2018-04-18T02:10:58.000Z","volume":1000,"label":" ","price":27.8},{"type":"B","date":"2018-04-18T02:11:44.000Z","volume":1000,"label":" ","price":27.8},{"type":"A","date":"2018-04-18T02:11:48.000Z","volume":1000,"label":" ","price":27.9},{"type":"A","date":"2018-04-18T02:11:48.000Z","volume":1000,"label":" ","price":27.9},{"type":"B","date":"2018-04-18T02:11:59.000Z","volume":1000,"label":" ","price":27.8},{"type":"B","date":"2018-04-18T02:12:46.000Z","volume":1000,"label":" ","price":27.8},{"type":"A","date":"2018-04-18T02:12:46.000Z","volume":1000,"label":" ","price":27.9},{"type":"A","date":"2018-04-18T02:12:47.000Z","volume":2000,"label":" ","price":27.9},{"type":"A","date":"2018-04-18T02:12:47.000Z","volume":1000,"label":" ","price":27.9},{"type":"B","date":"2018-04-18T02:13:01.000Z","volume":1000,"label":" ","price":27.8},{"type":"B","date":"2018-04-18T02:13:01.000Z","volume":9000,"label":" ","price":27.8},{"type":"B","date":"2018-04-18T02:13:02.000Z","volume":2000,"label":" ","price":27.75},{"type":"A","date":"2018-04-18T02:13:07.000Z","volume":1000,"label":" ","price":27.85},{"type":"A","date":"2018-04-18T02:13:38.000Z","volume":1000,"label":" ","price":27.85},{"type":"A","date":"2018-04-18T02:13:45.000Z","volume":1000,"label":" ","price":27.85},{"type":"A","date":"2018-04-18T02:13:45.000Z","volume":2000,"label":" ","price":27.85},{"type":"B","date":"2018-04-18T02:13:47.000Z","volume":1000,"label":" ","price":27.7},{"type":"A","date":"2018-04-18T02:13:57.000Z","volume":1000,"label":" ","price":27.85},{"type":"B","date":"2018-04-18T02:14:02.000Z","volume":1000,"label":" ","price":27.7},{"type":"B","date":"2018-04-18T02:14:06.000Z","volume":6000,"label":" ","price":27.7},{"type":"A","date":"2018-04-18T02:14:44.000Z","volume":1000,"label":" ","price":27.85},{"type":"A","date":"2018-04-18T02:14:44.000Z","volume":1000,"label":" ","price":27.85},{"type":"B","date":"2018-04-18T02:14:48.000Z","volume":1000,"label":" ","price":27.7},{"type":"A","date":"2018-04-18T02:14:51.000Z","volume":1000,"label":" ","price":27.85},{"type":"B","date":"2018-04-18T02:15:02.000Z","volume":1000,"label":" ","price":27.7},{"type":"U","date":"2018-04-18T02:15:03.000Z","volume":1000,"label":" ","price":27.7},{"type":"A","date":"2018-04-18T02:15:07.000Z","volume":1000,"label":" ","price":27.85},{"type":"A","date":"2018-04-18T02:15:42.000Z","volume":2000,"label":" ","price":27.8},{"type":"A","date":"2018-04-18T02:15:42.000Z","volume":2000,"label":" ","price":27.8},{"type":"A","date":"2018-04-18T02:15:42.000Z","volume":1000,"label":" ","price":27.8},{"type":"U","date":"2018-04-18T02:15:43.000Z","volume":1000,"label":"X","price":27.826},{"type":"B","date":"2018-04-18T02:15:48.000Z","volume":1000,"label":" ","price":27.65},{"type":"B","date":"2018-04-18T02:16:03.000Z","volume":1000,"label":" ","price":27.65},{"type":"A","date":"2018-04-18T02:16:32.000Z","volume":1000,"label":" ","price":27.8},{"type":"A","date":"2018-04-18T02:16:39.000Z","volume":2000,"label":" ","price":27.8},{"type":"A","date":"2018-04-18T02:16:39.000Z","volume":1000,"label":" ","price":27.8},{"type":"A","date":"2018-04-18T02:16:49.000Z","volume":1000,"label":" ","price":27.8},{"type":"B","date":"2018-04-18T02:16:49.000Z","volume":1000,"label":" ","price":27.65},{"type":"B","date":"2018-04-18T02:17:04.000Z","volume":1000,"label":" ","price":27.65},{"type":"A","date":"2018-04-18T02:17:38.000Z","volume":1000,"label":" ","price":27.8},{"type":"A","date":"2018-04-18T02:17:38.000Z","volume":2000,"label":" ","price":27.8},{"type":"B","date":"2018-04-18T02:17:50.000Z","volume":1000,"label":" ","price":27.7},{"type":"B","date":"2018-04-18T02:18:05.000Z","volume":1000,"label":" ","price":27.7},{"type":"A","date":"2018-04-18T02:18:08.000Z","volume":1000,"label":" ","price":27.8},{"type":"U","date":"2018-04-18T02:18:21.000Z","volume":500,"label":"D","price":27.4},{"type":"B","date":"2018-04-18T02:18:28.000Z","volume":3000,"label":" ","price":27.7},{"type":"B","date":"2018-04-18T02:18:28.000Z","volume":3000,"label":" ","price":27.65},{"type":"B","date":"2018-04-18T02:18:29.000Z","volume":3000,"label":" ","price":27.65},{"type":"A","date":"2018-04-18T02:18:36.000Z","volume":1000,"label":" ","price":27.8},{"type":"A","date":"2018-04-18T02:18:36.000Z","volume":1000,"label":" ","price":27.8},{"type":"A","date":"2018-04-18T02:18:36.000Z","volume":1000,"label":" ","price":27.8},{"type":"B","date":"2018-04-18T02:18:51.000Z","volume":1000,"label":" ","price":27.6},{"type":"A","date":"2018-04-18T02:19:06.000Z","volume":1000,"label":" ","price":27.8},{"type":"B","date":"2018-04-18T02:19:06.000Z","volume":1000,"label":" ","price":27.6},{"type":"B","date":"2018-04-18T02:19:20.000Z","volume":1000,"label":" ","price":27.65},{"type":"A","date":"2018-04-18T02:19:34.000Z","volume":1000,"label":" ","price":27.8},{"type":"A","date":"2018-04-18T02:19:34.000Z","volume":2000,"label":" ","price":27.8},{"type":"B","date":"2018-04-18T02:19:53.000Z","volume":1000,"label":" ","price":27.65},{"type":"A","date":"2018-04-18T02:20:08.000Z","volume":1000,"label":" ","price":27.8},{"type":"B","date":"2018-04-18T02:20:08.000Z","volume":1000,"label":" ","price":27.65},{"type":"U","date":"2018-04-18T02:20:14.000Z","volume":1000,"label":"X","price":27.725},{"type":"A","date":"2018-04-18T02:20:33.000Z","volume":1000,"label":" ","price":27.75},{"type":"A","date":"2018-04-18T02:20:33.000Z","volume":2000,"label":" ","price":27.75},{"type":"B","date":"2018-04-18T02:20:54.000Z","volume":1000,"label":" ","price":27.65},{"type":"B","date":"2018-04-18T02:21:09.000Z","volume":1000,"label":" ","price":27.65},{"type":"A","date":"2018-04-18T02:21:31.000Z","volume":2000,"label":" ","price":27.75},{"type":"A","date":"2018-04-18T02:21:31.000Z","volume":1000,"label":" ","price":27.75},{"type":"A","date":"2018-04-18T02:21:31.000Z","volume":1000,"label":" ","price":27.75},{"type":"A","date":"2018-04-18T02:21:34.000Z","volume":1000,"label":" ","price":27.75},{"type":"B","date":"2018-04-18T02:21:50.000Z","volume":6000,"label":" ","price":27.7},{"type":"B","date":"2018-04-18T02:21:55.000Z","volume":1000,"label":" ","price":27.65},{"type":"A","date":"2018-04-18T02:22:05.000Z","volume":1000,"label":" ","price":27.75},{"type":"A","date":"2018-04-18T02:22:08.000Z","volume":1000,"label":" ","price":27.75},{"type":"B","date":"2018-04-18T02:22:10.000Z","volume":1000,"label":" ","price":27.65},{"type":"A","date":"2018-04-18T02:22:29.000Z","volume":1000,"label":" ","price":27.75},{"type":"A","date":"2018-04-18T02:22:29.000Z","volume":1000,"label":" ","price":27.75},{"type":"U","date":"2018-04-18T02:23:13.000Z","volume":2000,"label":"X","price":27.721},{"type":"A","date":"2018-04-18T02:23:28.000Z","volume":2000,"label":" ","price":27.75},{"type":"A","date":"2018-04-18T02:23:28.000Z","volume":1000,"label":" ","price":27.75},{"type":"A","date":"2018-04-18T02:23:42.000Z","volume":1000,"label":" ","price":27.75},{"type":"B","date":"2018-04-18T02:24:08.000Z","volume":3000,"label":" ","price":27.7},{"type":"B","date":"2018-04-18T02:24:10.000Z","volume":1000,"label":"Y","price":27.7},{"type":"B","date":"2018-04-18T02:24:16.000Z","volume":2000,"label":" ","price":27.7},{"type":"A","date":"2018-04-18T02:24:26.000Z","volume":1000,"label":" ","price":27.75},{"type":"A","date":"2018-04-18T02:24:26.000Z","volume":1000,"label":" ","price":27.75},{"type":"A","date":"2018-04-18T02:24:26.000Z","volume":2000,"label":" ","price":27.75},{"type":"A","date":"2018-04-18T02:24:54.000Z","volume":8000,"label":" ","price":27.7},{"type":"A","date":"2018-04-18T02:24:54.000Z","volume":1000,"label":" ","price":27.7},{"type":"A","date":"2018-04-18T02:24:55.000Z","volume":1000,"label":" ","price":27.7},{"type":"A","date":"2018-04-18T02:25:00.000Z","volume":4000,"label":" ","price":27.7},{"type":"B","date":"2018-04-18T02:25:00.000Z","volume":1000,"label":" ","price":27.7},{"type":"B","date":"2018-04-18T02:25:00.000Z","volume":1000,"label":" ","price":27.7},{"type":"B","date":"2018-04-18T02:25:00.000Z","volume":1000,"label":" ","price":27.7},{"type":"B","date":"2018-04-18T02:25:00.000Z","volume":1000,"label":" ","price":27.7},{"type":"B","date":"2018-04-18T02:25:00.000Z","volume":1000,"label":" ","price":27.7},{"type":"B","date":"2018-04-18T02:25:00.000Z","volume":1000,"label":" ","price":27.7},{"type":"B","date":"2018-04-18T02:25:00.000Z","volume":1000,"label":" ","price":27.7},{"type":"B","date":"2018-04-18T02:25:00.000Z","volume":1000,"label":" ","price":27.7},{"type":"B","date":"2018-04-18T02:25:00.000Z","volume":1000,"label":" ","price":27.7},{"type":"B","date":"2018-04-18T02:25:01.000Z","volume":1000,"label":" ","price":27.7},{"type":"A","date":"2018-04-18T02:25:09.000Z","volume":1000,"label":" ","price":27.7},{"type":"A","date":"2018-04-18T02:25:24.000Z","volume":1000,"label":" ","price":27.7},{"type":"A","date":"2018-04-18T02:25:24.000Z","volume":2000,"label":" ","price":27.7},{"type":"A","date":"2018-04-18T02:25:24.000Z","volume":4000,"label":" ","price":27.7},{"type":"A","date":"2018-04-18T02:25:48.000Z","volume":2000,"label":" ","price":27.7},{"type":"A","date":"2018-04-18T02:26:31.000Z","volume":1000,"label":" ","price":27.75},{"type":"A","date":"2018-04-18T02:26:34.000Z","volume":1000,"label":" ","price":27.75},{"type":"A","date":"2018-04-18T02:26:36.000Z","volume":1000,"label":" ","price":27.75},{"type":"B","date":"2018-04-18T02:26:44.000Z","volume":6000,"label":" ","price":27.65},{"type":"A","date":"2018-04-18T02:27:05.000Z","volume":1000,"label":" ","price":27.7},{"type":"A","date":"2018-04-18T02:27:09.000Z","volume":1000,"label":" ","price":27.7},{"type":"A","date":"2018-04-18T02:27:22.000Z","volume":1000,"label":" ","price":27.7},{"type":"A","date":"2018-04-18T02:27:25.000Z","volume":2000,"label":" ","price":27.7},{"type":"A","date":"2018-04-18T02:27:50.000Z","volume":2000,"label":" ","price":27.75},{"type":"B","date":"2018-04-18T02:28:12.000Z","volume":8000,"label":" ","price":27.7},{"type":"A","date":"2018-04-18T02:28:20.000Z","volume":1000,"label":" ","price":27.7},{"type":"A","date":"2018-04-18T02:28:20.000Z","volume":2000,"label":" ","price":27.7},{"type":"A","date":"2018-04-18T02:28:20.000Z","volume":1000,"label":" ","price":27.7},{"type":"A","date":"2018-04-18T02:29:09.000Z","volume":1000,"label":" ","price":27.7},{"type":"A","date":"2018-04-18T02:29:18.000Z","volume":1000,"label":" ","price":27.7},{"type":"A","date":"2018-04-18T02:29:18.000Z","volume":1000,"label":" ","price":27.7},{"type":"B","date":"2018-04-18T02:30:04.000Z","volume":6000,"label":" ","price":27.65},{"type":"B","date":"2018-04-18T02:30:04.000Z","volume":19000,"label":" ","price":27.65},{"type":"B","date":"2018-04-18T02:30:05.000Z","volume":2000,"label":" ","price":27.65},{"type":"B","date":"2018-04-18T02:30:14.000Z","volume":1000,"label":" ","price":27.65},{"type":"A","date":"2018-04-18T02:30:16.000Z","volume":1000,"label":" ","price":27.7},{"type":"A","date":"2018-04-18T02:30:16.000Z","volume":2000,"label":" ","price":27.7},{"type":"B","date":"2018-04-18T02:30:16.000Z","volume":1000,"label":" ","price":27.65},{"type":"B","date":"2018-04-18T02:30:20.000Z","volume":16000,"label":" ","price":27.65},{"type":"A","date":"2018-04-18T02:31:14.000Z","volume":1000,"label":" ","price":27.7},{"type":"A","date":"2018-04-18T02:31:14.000Z","volume":2000,"label":" ","price":27.7},{"type":"A","date":"2018-04-18T02:31:14.000Z","volume":1000,"label":" ","price":27.7},{"type":"A","date":"2018-04-18T02:31:36.000Z","volume":1000,"label":" ","price":27.7},{"type":"B","date":"2018-04-18T02:32:06.000Z","volume":1000,"label":"Y","price":27.65},{"type":"A","date":"2018-04-18T02:32:09.000Z","volume":1000,"label":" ","price":27.7},{"type":"A","date":"2018-04-18T02:32:13.000Z","volume":1000,"label":" ","price":27.7},{"type":"A","date":"2018-04-18T02:32:13.000Z","volume":2000,"label":" ","price":27.7},{"type":"B","date":"2018-04-18T02:32:17.000Z","volume":1000,"label":" ","price":27.65},{"type":"B","date":"2018-04-18T02:32:17.000Z","volume":1000,"label":" ","price":27.65},{"type":"B","date":"2018-04-18T02:32:19.000Z","volume":1000,"label":" ","price":27.65},{"type":"U","date":"2018-04-18T02:32:19.000Z","volume":1000,"label":"X","price":27.65},{"type":"B","date":"2018-04-18T02:32:27.000Z","volume":1000,"label":"Y","price":27.65},{"type":"B","date":"2018-04-18T02:32:27.000Z","volume":2000,"label":" ","price":27.65},{"type":"A","date":"2018-04-18T02:33:11.000Z","volume":1000,"label":" ","price":27.7},{"type":"A","date":"2018-04-18T02:33:11.000Z","volume":1000,"label":" ","price":27.7},{"type":"U","date":"2018-04-18T02:33:13.000Z","volume":1000,"label":"X","price":27.684},{"type":"B","date":"2018-04-18T02:33:29.000Z","volume":6000,"label":" ","price":27.6},{"type":"A","date":"2018-04-18T02:33:42.000Z","volume":1000,"label":" ","price":27.7},{"type":"A","date":"2018-04-18T02:33:54.000Z","volume":34000,"label":" ","price":27.7},{"type":"A","date":"2018-04-18T02:33:54.000Z","volume":12000,"label":" ","price":27.75},{"type":"A","date":"2018-04-18T02:33:54.000Z","volume":54000,"label":" ","price":27.8},{"type":"A","date":"2018-04-18T02:33:58.000Z","volume":7000,"label":" ","price":27.7},{"type":"A","date":"2018-04-18T02:33:58.000Z","volume":23000,"label":" ","price":27.8},{"type":"A","date":"2018-04-18T02:34:09.000Z","volume":1000,"label":" ","price":27.8},{"type":"A","date":"2018-04-18T02:34:09.000Z","volume":2000,"label":" ","price":27.8},{"type":"A","date":"2018-04-18T02:34:09.000Z","volume":2000,"label":" ","price":27.8},{"type":"B","date":"2018-04-18T02:34:12.000Z","volume":1000,"label":"Y","price":27.8},{"type":"B","date":"2018-04-18T02:34:12.000Z","volume":3000,"label":" ","price":27.8},{"type":"B","date":"2018-04-18T02:34:12.000Z","volume":16000,"label":" ","price":27.6},{"type":"B","date":"2018-04-18T02:34:21.000Z","volume":3000,"label":" ","price":27.8},{"type":"B","date":"2018-04-18T02:34:25.000Z","volume":1000,"label":" ","price":27.75},{"type":"U","date":"2018-04-18T02:34:28.000Z","volume":1000,"label":"X","price":27.744},{"type":"B","date":"2018-04-18T02:34:33.000Z","volume":1000,"label":" ","price":27.6},{"type":"B","date":"2018-04-18T02:35:06.000Z","volume":1000,"label":" ","price":27.65},{"type":"A","date":"2018-04-18T02:35:08.000Z","volume":2000,"label":" ","price":27.8},{"type":"A","date":"2018-04-18T02:35:08.000Z","volume":1000,"label":" ","price":27.8},{"type":"A","date":"2018-04-18T02:36:06.000Z","volume":2000,"label":" ","price":27.8},{"type":"A","date":"2018-04-18T02:36:06.000Z","volume":1000,"label":" ","price":27.8},{"type":"A","date":"2018-04-18T02:36:09.000Z","volume":1000,"label":" ","price":27.8},{"type":"B","date":"2018-04-18T02:36:13.000Z","volume":6000,"label":" ","price":27.55},{"type":"A","date":"2018-04-18T02:36:32.000Z","volume":1000,"label":" ","price":27.7},{"type":"B","date":"2018-04-18T02:36:34.000Z","volume":1000,"label":" ","price":27.55},{"type":"A","date":"2018-04-18T02:37:04.000Z","volume":1000,"label":" ","price":27.7},{"type":"A","date":"2018-04-18T02:37:04.000Z","volume":1000,"label":" ","price":27.7},{"type":"A","date":"2018-04-18T02:37:04.000Z","volume":1000,"label":" ","price":27.7},{"type":"A","date":"2018-04-18T02:38:02.000Z","volume":1000,"label":" ","price":27.7},{"type":"A","date":"2018-04-18T02:38:02.000Z","volume":2000,"label":" ","price":27.7},{"type":"B","date":"2018-04-18T02:38:13.000Z","volume":5000,"label":" ","price":27.55},{"type":"A","date":"2018-04-18T02:38:45.000Z","volume":1000,"label":" ","price":27.65},{"type":"A","date":"2018-04-18T02:39:00.000Z","volume":1000,"label":" ","price":27.65},{"type":"A","date":"2018-04-18T02:39:00.000Z","volume":2000,"label":" ","price":27.65},{"type":"A","date":"2018-04-18T02:39:10.000Z","volume":1000,"label":" ","price":27.65},{"type":"A","date":"2018-04-18T02:39:59.000Z","volume":1000,"label":" ","price":27.65},{"type":"A","date":"2018-04-18T02:39:59.000Z","volume":1000,"label":" ","price":27.65},{"type":"A","date":"2018-04-18T02:39:59.000Z","volume":1000,"label":" ","price":27.65},{"type":"B","date":"2018-04-18T02:40:12.000Z","volume":18000,"label":" ","price":27.5},{"type":"B","date":"2018-04-18T02:40:13.000Z","volume":2000,"label":" ","price":27.5},{"type":"B","date":"2018-04-18T02:40:13.000Z","volume":1000,"label":"Y","price":27.5},{"type":"B","date":"2018-04-18T02:40:35.000Z","volume":2000,"label":" ","price":27.45},{"type":"U","date":"2018-04-18T02:40:35.000Z","volume":1000,"label":"X","price":27.592},{"type":"B","date":"2018-04-18T02:40:47.000Z","volume":1000,"label":" ","price":27.4},{"type":"B","date":"2018-04-18T02:40:47.000Z","volume":1000,"label":" ","price":27.4},{"type":"A","date":"2018-04-18T02:40:57.000Z","volume":1000,"label":"Y","price":27.45},{"type":"A","date":"2018-04-18T02:40:57.000Z","volume":2000,"label":"Y","price":27.45},{"type":"A","date":"2018-04-18T02:41:10.000Z","volume":1000,"label":" ","price":27.45},{"type":"B","date":"2018-04-18T02:41:26.000Z","volume":1000,"label":"Y","price":27.4},{"type":"B","date":"2018-04-18T02:41:26.000Z","volume":5000,"label":" ","price":27.4},{"type":"A","date":"2018-04-18T02:41:55.000Z","volume":1000,"label":"Y","price":27.45},{"type":"A","date":"2018-04-18T02:41:55.000Z","volume":2000,"label":"Y","price":27.45},{"type":"B","date":"2018-04-18T02:42:13.000Z","volume":1000,"label":" ","price":27.35},{"type":"B","date":"2018-04-18T02:42:24.000Z","volume":2000,"label":" ","price":27.3},{"type":"B","date":"2018-04-18T02:42:24.000Z","volume":4000,"label":" ","price":27.3},{"type":"A","date":"2018-04-18T02:42:53.000Z","volume":2000,"label":"Y","price":27.45},{"type":"A","date":"2018-04-18T02:42:53.000Z","volume":1000,"label":"Y","price":27.45},{"type":"A","date":"2018-04-18T02:42:53.000Z","volume":1000,"label":"Y","price":27.45},{"type":"A","date":"2018-04-18T02:43:11.000Z","volume":1000,"label":" ","price":27.45},{"type":"A","date":"2018-04-18T02:43:52.000Z","volume":1000,"label":"Y","price":27.45},{"type":"A","date":"2018-04-18T02:43:52.000Z","volume":1000,"label":"Y","price":27.45},{"type":"B","date":"2018-04-18T02:44:13.000Z","volume":10000,"label":" ","price":27.3},{"type":"B","date":"2018-04-18T02:44:13.000Z","volume":1000,"label":" ","price":27.3},{"type":"A","date":"2018-04-18T02:44:50.000Z","volume":1000,"label":" ","price":27.35},{"type":"A","date":"2018-04-18T02:44:50.000Z","volume":2000,"label":" ","price":27.35},{"type":"A","date":"2018-04-18T02:45:07.000Z","volume":1000,"label":" ","price":27.35},{"type":"A","date":"2018-04-18T02:45:28.000Z","volume":2000,"label":" ","price":27.35},{"type":"B","date":"2018-04-18T02:45:33.000Z","volume":4000,"label":" ","price":27.3},{"type":"A","date":"2018-04-18T02:45:44.000Z","volume":2000,"label":" ","price":27.35},{"type":"B","date":"2018-04-18T02:45:49.000Z","volume":1000,"label":" ","price":27.35},{"type":"A","date":"2018-04-18T02:46:11.000Z","volume":1000,"label":" ","price":27.4},{"type":"B","date":"2018-04-18T02:46:12.000Z","volume":3000,"label":"Y","price":27.35},{"type":"B","date":"2018-04-18T02:46:12.000Z","volume":2000,"label":" ","price":27.35},{"type":"U","date":"2018-04-18T02:46:35.000Z","volume":1000,"label":"X","price":27.3},{"type":"A","date":"2018-04-18T02:46:47.000Z","volume":1000,"label":" ","price":27.4},{"type":"A","date":"2018-04-18T02:46:47.000Z","volume":2000,"label":" ","price":27.4},{"type":"B","date":"2018-04-18T02:47:07.000Z","volume":4000,"label":" ","price":27.25},{"type":"B","date":"2018-04-18T02:47:07.000Z","volume":2000,"label":" ","price":27.2},{"type":"B","date":"2018-04-18T02:47:29.000Z","volume":1000,"label":" ","price":27.2},{"type":"A","date":"2018-04-18T02:47:46.000Z","volume":1000,"label":" ","price":27.4},{"type":"A","date":"2018-04-18T02:47:47.000Z","volume":1000,"label":" ","price":27.4},{"type":"A","date":"2018-04-18T02:47:48.000Z","volume":1000,"label":" ","price":27.4},{"type":"A","date":"2018-04-18T02:48:11.000Z","volume":1000,"label":" ","price":27.35},{"type":"B","date":"2018-04-18T02:48:13.000Z","volume":5000,"label":" ","price":27.15},{"type":"A","date":"2018-04-18T02:48:46.000Z","volume":1000,"label":" ","price":27.35},{"type":"A","date":"2018-04-18T02:48:46.000Z","volume":1000,"label":" ","price":27.35},{"type":"B","date":"2018-04-18T02:48:46.000Z","volume":3000,"label":" ","price":27.15},{"type":"B","date":"2018-04-18T02:48:46.000Z","volume":43000,"label":" ","price":27.15},{"type":"B","date":"2018-04-18T02:48:46.000Z","volume":4000,"label":" ","price":27.15},{"type":"A","date":"2018-04-18T02:48:46.000Z","volume":2000,"label":" ","price":27.35},{"type":"B","date":"2018-04-18T02:48:47.000Z","volume":1000,"label":" ","price":27.15},{"type":"B","date":"2018-04-18T02:48:47.000Z","volume":1000,"label":" ","price":27.15},{"type":"B","date":"2018-04-18T02:48:47.000Z","volume":1000,"label":" ","price":27.15},{"type":"B","date":"2018-04-18T02:48:47.000Z","volume":1000,"label":" ","price":27.15},{"type":"B","date":"2018-04-18T02:48:47.000Z","volume":1000,"label":" ","price":27.15},{"type":"B","date":"2018-04-18T02:48:56.000Z","volume":2000,"label":" ","price":27.15},{"type":"B","date":"2018-04-18T02:48:56.000Z","volume":17000,"label":" ","price":27.15},{"type":"B","date":"2018-04-18T02:48:56.000Z","volume":31000,"label":" ","price":27.15},{"type":"B","date":"2018-04-18T02:48:57.000Z","volume":1000,"label":" ","price":27.15},{"type":"B","date":"2018-04-18T02:48:57.000Z","volume":1000,"label":" ","price":27.15},{"type":"B","date":"2018-04-18T02:48:57.000Z","volume":4000,"label":" ","price":27.15},{"type":"U","date":"2018-04-18T02:49:09.000Z","volume":1000,"label":"X","price":27.225},{"type":"A","date":"2018-04-18T02:49:42.000Z","volume":1000,"label":" ","price":27.35},{"type":"A","date":"2018-04-18T02:49:42.000Z","volume":2000,"label":" ","price":27.35},{"type":"B","date":"2018-04-18T02:49:42.000Z","volume":2000,"label":" ","price":27.2},{"type":"B","date":"2018-04-18T02:49:44.000Z","volume":3000,"label":" ","price":27.2},{"type":"U","date":"2018-04-18T02:49:45.000Z","volume":1000,"label":" ","price":27.2},{"type":"A","date":"2018-04-18T02:50:12.000Z","volume":1000,"label":" ","price":27.35},{"type":"B","date":"2018-04-18T02:50:13.000Z","volume":7000,"label":" ","price":27.15},{"type":"A","date":"2018-04-18T02:50:40.000Z","volume":1000,"label":" ","price":27.35},{"type":"A","date":"2018-04-18T02:50:40.000Z","volume":2000,"label":" ","price":27.35},{"type":"B","date":"2018-04-18T02:50:40.000Z","volume":1000,"label":" ","price":27.2},{"type":"A","date":"2018-04-18T02:51:39.000Z","volume":1000,"label":" ","price":27.3},{"type":"A","date":"2018-04-18T02:51:39.000Z","volume":1000,"label":" ","price":27.3},{"type":"A","date":"2018-04-18T02:51:44.000Z","volume":1000,"label":" ","price":27.3},{"type":"A","date":"2018-04-18T02:51:53.000Z","volume":1000,"label":" ","price":27.3},{"type":"B","date":"2018-04-18T02:52:12.000Z","volume":5000,"label":" ","price":27.2},{"type":"A","date":"2018-04-18T02:52:38.000Z","volume":2000,"label":" ","price":27.3},{"type":"A","date":"2018-04-18T02:52:38.000Z","volume":2000,"label":" ","price":27.3},{"type":"A","date":"2018-04-18T02:52:38.000Z","volume":1000,"label":" ","price":27.3},{"type":"A","date":"2018-04-18T02:53:12.000Z","volume":1000,"label":" ","price":27.25},{"type":"B","date":"2018-04-18T02:53:32.000Z","volume":1000,"label":" ","price":27.2},{"type":"A","date":"2018-04-18T02:53:36.000Z","volume":2000,"label":"Y","price":27.25},{"type":"A","date":"2018-04-18T02:53:36.000Z","volume":1000,"label":"Y","price":27.25},{"type":"B","date":"2018-04-18T02:53:38.000Z","volume":7000,"label":" ","price":27.2},{"type":"A","date":"2018-04-18T02:54:10.000Z","volume":60000,"label":" ","price":27.2},{"type":"A","date":"2018-04-18T02:54:10.000Z","volume":1000,"label":" ","price":27.2},{"type":"A","date":"2018-04-18T02:54:10.000Z","volume":6000,"label":" ","price":27.25},{"type":"A","date":"2018-04-18T02:54:10.000Z","volume":2000,"label":" ","price":27.25},{"type":"A","date":"2018-04-18T02:54:10.000Z","volume":3000,"label":" ","price":27.25},{"type":"A","date":"2018-04-18T02:54:10.000Z","volume":1000,"label":" ","price":27.3},{"type":"A","date":"2018-04-18T02:54:10.000Z","volume":1000,"label":" ","price":27.3},{"type":"B","date":"2018-04-18T02:54:13.000Z","volume":3000,"label":" ","price":27.2},{"type":"B","date":"2018-04-18T02:54:13.000Z","volume":26000,"label":" ","price":27.15},{"type":"A","date":"2018-04-18T02:54:13.000Z","volume":2000,"label":" ","price":27.3},{"type":"B","date":"2018-04-18T02:54:14.000Z","volume":1000,"label":"Y","price":27.2},{"type":"A","date":"2018-04-18T02:54:14.000Z","volume":1000,"label":" ","price":27.3},{"type":"A","date":"2018-04-18T02:54:33.000Z","volume":1000,"label":"Y","price":27.3},{"type":"A","date":"2018-04-18T02:54:33.000Z","volume":1000,"label":"Y","price":27.3},{"type":"A","date":"2018-04-18T02:54:33.000Z","volume":1000,"label":"Y","price":27.3},{"type":"A","date":"2018-04-18T02:55:12.000Z","volume":1000,"label":" ","price":27.3},{"type":"U","date":"2018-04-18T02:55:17.000Z","volume":1000,"label":"X","price":27.206},{"type":"A","date":"2018-04-18T02:55:32.000Z","volume":1000,"label":"Y","price":27.3},{"type":"A","date":"2018-04-18T02:55:32.000Z","volume":2000,"label":"Y","price":27.3},{"type":"A","date":"2018-04-18T02:55:38.000Z","volume":1000,"label":" ","price":27.3},{"type":"B","date":"2018-04-18T02:56:13.000Z","volume":9000,"label":" ","price":27.2},{"type":"U","date":"2018-04-18T02:56:13.000Z","volume":1000,"label":" ","price":27.2},{"type":"A","date":"2018-04-18T02:56:30.000Z","volume":2000,"label":"Y","price":27.3},{"type":"A","date":"2018-04-18T02:56:30.000Z","volume":2000,"label":" ","price":27.3},{"type":"A","date":"2018-04-18T02:56:30.000Z","volume":1000,"label":"Y","price":27.3},{"type":"A","date":"2018-04-18T02:57:13.000Z","volume":1000,"label":" ","price":27.3},{"type":"A","date":"2018-04-18T02:57:28.000Z","volume":1000,"label":"Y","price":27.3},{"type":"A","date":"2018-04-18T02:57:28.000Z","volume":2000,"label":"Y","price":27.3},{"type":"A","date":"2018-04-18T02:57:28.000Z","volume":1000,"label":"Y","price":27.3},{"type":"A","date":"2018-04-18T02:57:33.000Z","volume":1000,"label":" ","price":27.3},{"type":"B","date":"2018-04-18T02:58:12.000Z","volume":19000,"label":" ","price":27.15},{"type":"B","date":"2018-04-18T02:58:13.000Z","volume":1000,"label":" ","price":27.15},{"type":"U","date":"2018-04-18T02:58:46.000Z","volume":1000,"label":" ","price":27.25},{"type":"B","date":"2018-04-18T02:59:20.000Z","volume":3000,"label":" ","price":27.2},{"type":"B","date":"2018-04-18T02:59:20.000Z","volume":1000,"label":" ","price":27.2},{"type":"B","date":"2018-04-18T02:59:20.000Z","volume":1000,"label":" ","price":27.2},{"type":"B","date":"2018-04-18T03:00:03.000Z","volume":1000,"label":" ","price":27.25},{"type":"A","date":"2018-04-18T03:00:13.000Z","volume":1000,"label":" ","price":27.3},{"type":"B","date":"2018-04-18T03:00:13.000Z","volume":2000,"label":" ","price":27.25},{"type":"B","date":"2018-04-18T03:00:17.000Z","volume":1000,"label":" ","price":27.25},{"type":"B","date":"2018-04-18T03:00:42.000Z","volume":1000,"label":" ","price":27.25},{"type":"B","date":"2018-04-18T03:00:58.000Z","volume":5000,"label":" ","price":27.25},{"type":"B","date":"2018-04-18T03:01:09.000Z","volume":12000,"label":"Y","price":27.2},{"type":"B","date":"2018-04-18T03:01:09.000Z","volume":22000,"label":" ","price":27.2},{"type":"B","date":"2018-04-18T03:01:09.000Z","volume":9000,"label":"Y","price":27.15},{"type":"B","date":"2018-04-18T03:01:09.000Z","volume":20000,"label":" ","price":27.15},{"type":"B","date":"2018-04-18T03:01:09.000Z","volume":23000,"label":" ","price":27.1},{"type":"B","date":"2018-04-18T03:01:09.000Z","volume":14000,"label":" ","price":27.05},{"type":"B","date":"2018-04-18T03:01:09.000Z","volume":40000,"label":" ","price":27},{"type":"A","date":"2018-04-18T03:01:09.000Z","volume":8000,"label":" ","price":27.25},{"type":"A","date":"2018-04-18T03:01:09.000Z","volume":2000,"label":" ","price":27.25},{"type":"B","date":"2018-04-18T03:01:10.000Z","volume":7000,"label":" ","price":27.15},{"type":"A","date":"2018-04-18T03:01:10.000Z","volume":2000,"label":" ","price":27.25},{"type":"B","date":"2018-04-18T03:01:42.000Z","volume":3000,"label":" ","price":27.2},{"type":"B","date":"2018-04-18T03:01:51.000Z","volume":2000,"label":" ","price":27.2},{"type":"B","date":"2018-04-18T03:01:51.000Z","volume":1000,"label":" ","price":27.2},{"type":"B","date":"2018-04-18T03:01:51.000Z","volume":1000,"label":" ","price":27.2},{"type":"B","date":"2018-04-18T03:01:51.000Z","volume":1000,"label":" ","price":27.2},{"type":"B","date":"2018-04-18T03:01:51.000Z","volume":1000,"label":" ","price":27.2},{"type":"A","date":"2018-04-18T03:01:57.000Z","volume":1000,"label":" ","price":27.25},{"type":"U","date":"2018-04-18T03:02:09.000Z","volume":1000,"label":"X","price":27.124},{"type":"B","date":"2018-04-18T03:02:13.000Z","volume":10000,"label":" ","price":27.2},{"type":"B","date":"2018-04-18T03:02:13.000Z","volume":1000,"label":"Y","price":27.2},{"type":"B","date":"2018-04-18T03:02:13.000Z","volume":1000,"label":" ","price":27.2},{"type":"A","date":"2018-04-18T03:02:13.000Z","volume":1000,"label":" ","price":27.25},{"type":"U","date":"2018-04-18T03:02:13.000Z","volume":1000,"label":" ","price":27.2},{"type":"A","date":"2018-04-18T03:04:01.000Z","volume":1000,"label":" ","price":27.25},{"type":"B","date":"2018-04-18T03:04:13.000Z","volume":12000,"label":" ","price":27.2},{"type":"A","date":"2018-04-18T03:04:14.000Z","volume":1000,"label":" ","price":27.2},{"type":"A","date":"2018-04-18T03:04:14.000Z","volume":1000,"label":" ","price":27.2},{"type":"B","date":"2018-04-18T03:04:29.000Z","volume":26000,"label":" ","price":27.15},{"type":"B","date":"2018-04-18T03:04:29.000Z","volume":35000,"label":" ","price":27.1},{"type":"A","date":"2018-04-18T03:04:29.000Z","volume":4000,"label":" ","price":27.1},{"type":"A","date":"2018-04-18T03:04:29.000Z","volume":4000,"label":" ","price":27.1},{"type":"A","date":"2018-04-18T03:04:29.000Z","volume":19000,"label":" ","price":27.1},{"type":"A","date":"2018-04-18T03:04:29.000Z","volume":3000,"label":" ","price":27.2},{"type":"B","date":"2018-04-18T03:04:29.000Z","volume":1000,"label":" ","price":27.1},{"type":"B","date":"2018-04-18T03:04:32.000Z","volume":3000,"label":" ","price":27.1},{"type":"U","date":"2018-04-18T03:04:32.000Z","volume":1000,"label":" ","price":27.15},{"type":"U","date":"2018-04-18T03:04:33.000Z","volume":1000,"label":" ","price":27.15},{"type":"U","date":"2018-04-18T03:04:37.000Z","volume":1000,"label":" ","price":27.1},{"type":"A","date":"2018-04-18T03:04:38.000Z","volume":3000,"label":" ","price":27.15},{"type":"B","date":"2018-04-18T03:04:38.000Z","volume":1000,"label":" ","price":27.15},{"type":"B","date":"2018-04-18T03:04:38.000Z","volume":1000,"label":" ","price":27.15},{"type":"A","date":"2018-04-18T03:04:39.000Z","volume":1000,"label":" ","price":27.15},{"type":"B","date":"2018-04-18T03:04:39.000Z","volume":1000,"label":" ","price":27.15},{"type":"B","date":"2018-04-18T03:04:39.000Z","volume":1000,"label":" ","price":27.15},{"type":"B","date":"2018-04-18T03:04:39.000Z","volume":1000,"label":" ","price":27.15},{"type":"B","date":"2018-04-18T03:04:39.000Z","volume":1000,"label":" ","price":27.15},{"type":"B","date":"2018-04-18T03:04:39.000Z","volume":1000,"label":" ","price":27.15},{"type":"B","date":"2018-04-18T03:04:39.000Z","volume":1000,"label":" ","price":27.15},{"type":"B","date":"2018-04-18T03:04:39.000Z","volume":1000,"label":" ","price":27.15},{"type":"B","date":"2018-04-18T03:04:39.000Z","volume":1000,"label":" ","price":27.15},{"type":"B","date":"2018-04-18T03:04:39.000Z","volume":1000,"label":" ","price":27.15},{"type":"A","date":"2018-04-18T03:04:40.000Z","volume":1000,"label":" ","price":27.15},{"type":"B","date":"2018-04-18T03:04:40.000Z","volume":1000,"label":" ","price":27.15},{"type":"B","date":"2018-04-18T03:04:40.000Z","volume":1000,"label":" ","price":27.15},{"type":"B","date":"2018-04-18T03:04:41.000Z","volume":1000,"label":" ","price":27.15},{"type":"B","date":"2018-04-18T03:04:41.000Z","volume":1000,"label":" ","price":27.15},{"type":"A","date":"2018-04-18T03:04:46.000Z","volume":3000,"label":" ","price":27.15},{"type":"B","date":"2018-04-18T03:04:46.000Z","volume":1000,"label":" ","price":27.15},{"type":"B","date":"2018-04-18T03:04:46.000Z","volume":1000,"label":" ","price":27.15},{"type":"A","date":"2018-04-18T03:04:56.000Z","volume":5000,"label":" ","price":27.15},{"type":"A","date":"2018-04-18T03:04:56.000Z","volume":7000,"label":" ","price":27.15},{"type":"A","date":"2018-04-18T03:04:56.000Z","volume":5000,"label":" ","price":27.2},{"type":"B","date":"2018-04-18T03:04:56.000Z","volume":1000,"label":" ","price":27.15},{"type":"A","date":"2018-04-18T03:04:58.000Z","volume":1000,"label":" ","price":27.15},{"type":"A","date":"2018-04-18T03:04:58.000Z","volume":1000,"label":" ","price":27.2},{"type":"A","date":"2018-04-18T03:04:58.000Z","volume":1000,"label":" ","price":27.25},{"type":"B","date":"2018-04-18T03:04:58.000Z","volume":1000,"label":" ","price":27.15},{"type":"A","date":"2018-04-18T03:04:58.000Z","volume":1000,"label":" ","price":27.15},{"type":"B","date":"2018-04-18T03:04:58.000Z","volume":1000,"label":" ","price":27.15},{"type":"B","date":"2018-04-18T03:04:58.000Z","volume":1000,"label":" ","price":27.15},{"type":"B","date":"2018-04-18T03:04:59.000Z","volume":1000,"label":" ","price":27.15},{"type":"B","date":"2018-04-18T03:04:59.000Z","volume":1000,"label":" ","price":27.15},{"type":"A","date":"2018-04-18T03:05:00.000Z","volume":1000,"label":" ","price":27.15},{"type":"B","date":"2018-04-18T03:05:00.000Z","volume":1000,"label":" ","price":27.15},{"type":"B","date":"2018-04-18T03:05:01.000Z","volume":1000,"label":" ","price":27.15},{"type":"B","date":"2018-04-18T03:05:01.000Z","volume":1000,"label":" ","price":27.15},{"type":"B","date":"2018-04-18T03:05:01.000Z","volume":1000,"label":" ","price":27.15},{"type":"A","date":"2018-04-18T03:05:01.000Z","volume":1000,"label":" ","price":27.15},{"type":"A","date":"2018-04-18T03:05:01.000Z","volume":2000,"label":" ","price":27.25},{"type":"B","date":"2018-04-18T03:05:01.000Z","volume":1000,"label":" ","price":27.15},{"type":"B","date":"2018-04-18T03:05:02.000Z","volume":1000,"label":" ","price":27.15},{"type":"B","date":"2018-04-18T03:05:02.000Z","volume":1000,"label":" ","price":27.15},{"type":"B","date":"2018-04-18T03:05:02.000Z","volume":1000,"label":" ","price":27.15},{"type":"B","date":"2018-04-18T03:05:02.000Z","volume":1000,"label":" ","price":27.15},{"type":"B","date":"2018-04-18T03:05:02.000Z","volume":1000,"label":" ","price":27.15},{"type":"B","date":"2018-04-18T03:05:02.000Z","volume":1000,"label":" ","price":27.15},{"type":"B","date":"2018-04-18T03:05:02.000Z","volume":1000,"label":" ","price":27.15},{"type":"B","date":"2018-04-18T03:05:02.000Z","volume":1000,"label":" ","price":27.15},{"type":"B","date":"2018-04-18T03:05:02.000Z","volume":1000,"label":" ","price":27.15},{"type":"B","date":"2018-04-18T03:05:02.000Z","volume":1000,"label":" ","price":27.15},{"type":"B","date":"2018-04-18T03:05:02.000Z","volume":1000,"label":" ","price":27.15},{"type":"B","date":"2018-04-18T03:05:02.000Z","volume":1000,"label":" ","price":27.15},{"type":"B","date":"2018-04-18T03:05:02.000Z","volume":1000,"label":" ","price":27.15},{"type":"A","date":"2018-04-18T03:05:03.000Z","volume":3000,"label":" ","price":27.15},{"type":"A","date":"2018-04-18T03:05:04.000Z","volume":1000,"label":" ","price":27.15},{"type":"A","date":"2018-04-18T03:05:04.000Z","volume":2000,"label":" ","price":27.2},{"type":"A","date":"2018-04-18T03:05:04.000Z","volume":1000,"label":" ","price":27.15},{"type":"A","date":"2018-04-18T03:05:04.000Z","volume":1000,"label":" ","price":27.15},{"type":"B","date":"2018-04-18T03:05:04.000Z","volume":1000,"label":" ","price":27.15},{"type":"B","date":"2018-04-18T03:05:05.000Z","volume":1000,"label":" ","price":27.15},{"type":"B","date":"2018-04-18T03:05:05.000Z","volume":1000,"label":" ","price":27.15},{"type":"B","date":"2018-04-18T03:05:05.000Z","volume":11000,"label":" ","price":27.1},{"type":"A","date":"2018-04-18T03:05:06.000Z","volume":2000,"label":" ","price":27.15},{"type":"A","date":"2018-04-18T03:05:07.000Z","volume":1000,"label":" ","price":27.15},{"type":"A","date":"2018-04-18T03:05:07.000Z","volume":1000,"label":" ","price":27.15},{"type":"B","date":"2018-04-18T03:05:08.000Z","volume":1000,"label":" ","price":27.1},{"type":"A","date":"2018-04-18T03:05:08.000Z","volume":1000,"label":" ","price":27.15},{"type":"A","date":"2018-04-18T03:05:12.000Z","volume":4000,"label":" ","price":27.15},{"type":"A","date":"2018-04-18T03:05:14.000Z","volume":1000,"label":" ","price":27.15},{"type":"A","date":"2018-04-18T03:05:14.000Z","volume":6000,"label":" ","price":27.2},{"type":"B","date":"2018-04-18T03:05:14.000Z","volume":1000,"label":" ","price":27.15},{"type":"B","date":"2018-04-18T03:05:14.000Z","volume":1000,"label":" ","price":27.15},{"type":"B","date":"2018-04-18T03:05:14.000Z","volume":1000,"label":" ","price":27.15},{"type":"B","date":"2018-04-18T03:05:15.000Z","volume":1000,"label":" ","price":27.15},{"type":"B","date":"2018-04-18T03:05:15.000Z","volume":1000,"label":" ","price":27.15},{"type":"U","date":"2018-04-18T03:05:15.000Z","volume":1000,"label":" ","price":27.15},{"type":"B","date":"2018-04-18T03:05:15.000Z","volume":1000,"label":" ","price":27.15},{"type":"A","date":"2018-04-18T03:05:16.000Z","volume":1000,"label":" ","price":27.15},{"type":"B","date":"2018-04-18T03:05:17.000Z","volume":1000,"label":" ","price":27.15},{"type":"U","date":"2018-04-18T03:05:31.000Z","volume":1000,"label":"X","price":27.137},{"type":"A","date":"2018-04-18T03:05:33.000Z","volume":39000,"label":" ","price":27.25},{"type":"A","date":"2018-04-18T03:05:33.000Z","volume":3000,"label":" ","price":27.3},{"type":"A","date":"2018-04-18T03:05:33.000Z","volume":3000,"label":" ","price":27.3},{"type":"B","date":"2018-04-18T03:05:33.000Z","volume":1000,"label":" ","price":27.25},{"type":"A","date":"2018-04-18T03:05:34.000Z","volume":5000,"label":" ","price":27.3},{"type":"A","date":"2018-04-18T03:05:34.000Z","volume":10000,"label":" ","price":27.3},{"type":"A","date":"2018-04-18T03:05:34.000Z","volume":2000,"label":" ","price":27.3},{"type":"A","date":"2018-04-18T03:05:34.000Z","volume":11000,"label":" ","price":27.3},{"type":"A","date":"2018-04-18T03:05:34.000Z","volume":2000,"label":" ","price":27.35},{"type":"B","date":"2018-04-18T03:06:13.000Z","volume":2000,"label":" ","price":27.3},{"type":"B","date":"2018-04-18T03:06:13.000Z","volume":5000,"label":" ","price":27.3},{"type":"B","date":"2018-04-18T03:06:13.000Z","volume":1000,"label":" ","price":27.3},{"type":"U","date":"2018-04-18T03:06:13.000Z","volume":1000,"label":" ","price":27.25},{"type":"A","date":"2018-04-18T03:07:14.000Z","volume":1000,"label":" ","price":27.3},{"type":"B","date":"2018-04-18T03:07:43.000Z","volume":12000,"label":"Y","price":27.25},{"type":"B","date":"2018-04-18T03:07:43.000Z","volume":9000,"label":" ","price":27.25},{"type":"A","date":"2018-04-18T03:07:43.000Z","volume":2000,"label":" ","price":27.25},{"type":"B","date":"2018-04-18T03:07:43.000Z","volume":1000,"label":" ","price":27.2},{"type":"B","date":"2018-04-18T03:07:56.000Z","volume":7000,"label":" ","price":27.2},{"type":"B","date":"2018-04-18T03:08:13.000Z","volume":9000,"label":"Y","price":27.15},{"type":"B","date":"2018-04-18T03:08:13.000Z","volume":19000,"label":" ","price":27.15},{"type":"B","date":"2018-04-18T03:08:13.000Z","volume":2000,"label":" ","price":27.15},{"type":"A","date":"2018-04-18T03:09:14.000Z","volume":1000,"label":" ","price":27.2},{"type":"B","date":"2018-04-18T03:10:13.000Z","volume":1000,"label":"Y","price":27.15},{"type":"B","date":"2018-04-18T03:10:13.000Z","volume":26000,"label":" ","price":27.15},{"type":"B","date":"2018-04-18T03:10:13.000Z","volume":2000,"label":" ","price":27.15},{"type":"B","date":"2018-04-18T03:10:17.000Z","volume":1000,"label":" ","price":27.15},{"type":"A","date":"2018-04-18T03:11:14.000Z","volume":1000,"label":" ","price":27.2},{"type":"B","date":"2018-04-18T03:11:44.000Z","volume":8000,"label":" ","price":27.15},{"type":"B","date":"2018-04-18T03:11:46.000Z","volume":3000,"label":" ","price":27.15},{"type":"B","date":"2018-04-18T03:12:12.000Z","volume":20000,"label":" ","price":27.1},{"type":"B","date":"2018-04-18T03:12:12.000Z","volume":1000,"label":" ","price":27.1},{"type":"U","date":"2018-04-18T03:13:03.000Z","volume":1000,"label":" ","price":27.15},{"type":"B","date":"2018-04-18T03:13:07.000Z","volume":9000,"label":" ","price":27.1},{"type":"B","date":"2018-04-18T03:13:07.000Z","volume":2000,"label":" ","price":27.1},{"type":"B","date":"2018-04-18T03:13:09.000Z","volume":1000,"label":" ","price":27.1},{"type":"B","date":"2018-04-18T03:13:29.000Z","volume":23000,"label":" ","price":27.1},{"type":"B","date":"2018-04-18T03:13:29.000Z","volume":2000,"label":" ","price":27.1},{"type":"B","date":"2018-04-18T03:13:29.000Z","volume":4000,"label":" ","price":27.1},{"type":"B","date":"2018-04-18T03:13:29.000Z","volume":21000,"label":" ","price":27.1},{"type":"B","date":"2018-04-18T03:13:29.000Z","volume":2000,"label":" ","price":27.1},{"type":"B","date":"2018-04-18T03:14:13.000Z","volume":21000,"label":" ","price":27.1},{"type":"B","date":"2018-04-18T03:14:13.000Z","volume":1000,"label":" ","price":27.1},{"type":"A","date":"2018-04-18T03:14:14.000Z","volume":1000,"label":" ","price":27.2},{"type":"B","date":"2018-04-18T03:14:16.000Z","volume":5000,"label":" ","price":27.1},{"type":"B","date":"2018-04-18T03:14:17.000Z","volume":1000,"label":" ","price":27.1},{"type":"B","date":"2018-04-18T03:16:05.000Z","volume":15000,"label":" ","price":27.1},{"type":"B","date":"2018-04-18T03:16:05.000Z","volume":26000,"label":" ","price":27.05},{"type":"B","date":"2018-04-18T03:16:05.000Z","volume":12000,"label":"Y","price":27},{"type":"B","date":"2018-04-18T03:16:05.000Z","volume":44000,"label":" ","price":27},{"type":"B","date":"2018-04-18T03:16:05.000Z","volume":3000,"label":" ","price":27},{"type":"U","date":"2018-04-18T03:16:05.000Z","volume":19000,"label":" ","price":27.15},{"type":"B","date":"2018-04-18T03:16:07.000Z","volume":8000,"label":" ","price":27.1},{"type":"B","date":"2018-04-18T03:16:13.000Z","volume":2000,"label":" ","price":27.1},{"type":"A","date":"2018-04-18T03:16:15.000Z","volume":1000,"label":" ","price":27.2},{"type":"U","date":"2018-04-18T03:17:22.000Z","volume":1000,"label":"X","price":27.071},{"type":"B","date":"2018-04-18T03:17:41.000Z","volume":72000,"label":" ","price":27},{"type":"B","date":"2018-04-18T03:17:41.000Z","volume":14000,"label":" ","price":27},{"type":"B","date":"2018-04-18T03:17:41.000Z","volume":14000,"label":" ","price":27},{"type":"B","date":"2018-04-18T03:17:41.000Z","volume":1000,"label":" ","price":27},{"type":"A","date":"2018-04-18T03:17:41.000Z","volume":19000,"label":" ","price":27.15},{"type":"A","date":"2018-04-18T03:17:41.000Z","volume":1000,"label":" ","price":27.15},{"type":"A","date":"2018-04-18T03:17:41.000Z","volume":7000,"label":" ","price":27.15},{"type":"A","date":"2018-04-18T03:17:41.000Z","volume":1000,"label":" ","price":27.15},{"type":"B","date":"2018-04-18T03:17:42.000Z","volume":5000,"label":" ","price":27.1},{"type":"B","date":"2018-04-18T03:17:42.000Z","volume":3000,"label":" ","price":27.1},{"type":"B","date":"2018-04-18T03:17:43.000Z","volume":1000,"label":" ","price":27.1},{"type":"B","date":"2018-04-18T03:17:45.000Z","volume":2000,"label":" ","price":27.05},{"type":"B","date":"2018-04-18T03:18:00.000Z","volume":13000,"label":" ","price":27},{"type":"B","date":"2018-04-18T03:18:00.000Z","volume":4000,"label":" ","price":27},{"type":"B","date":"2018-04-18T03:18:00.000Z","volume":1000,"label":" ","price":27},{"type":"A","date":"2018-04-18T03:18:00.000Z","volume":3000,"label":" ","price":27},{"type":"A","date":"2018-04-18T03:18:00.000Z","volume":63000,"label":" ","price":27},{"type":"A","date":"2018-04-18T03:18:00.000Z","volume":16000,"label":" ","price":27},{"type":"A","date":"2018-04-18T03:18:00.000Z","volume":2000,"label":" ","price":27.2},{"type":"B","date":"2018-04-18T03:18:02.000Z","volume":1000,"label":" ","price":27.05},{"type":"B","date":"2018-04-18T03:18:02.000Z","volume":1000,"label":" ","price":27.05},{"type":"B","date":"2018-04-18T03:18:02.000Z","volume":2000,"label":" ","price":27.05},{"type":"B","date":"2018-04-18T03:18:07.000Z","volume":3000,"label":" ","price":27.05},{"type":"B","date":"2018-04-18T03:18:07.000Z","volume":1000,"label":" ","price":27.05},{"type":"B","date":"2018-04-18T03:18:07.000Z","volume":1000,"label":" ","price":27.05},{"type":"B","date":"2018-04-18T03:18:07.000Z","volume":1000,"label":" ","price":27.05},{"type":"A","date":"2018-04-18T03:18:07.000Z","volume":2000,"label":" ","price":27.2},{"type":"B","date":"2018-04-18T03:18:12.000Z","volume":34000,"label":" ","price":27.05},{"type":"A","date":"2018-04-18T03:18:15.000Z","volume":1000,"label":" ","price":27.2},{"type":"B","date":"2018-04-18T03:18:31.000Z","volume":15000,"label":" ","price":27.05},{"type":"B","date":"2018-04-18T03:18:31.000Z","volume":22000,"label":" ","price":27},{"type":"B","date":"2018-04-18T03:18:31.000Z","volume":14000,"label":" ","price":27},{"type":"A","date":"2018-04-18T03:18:31.000Z","volume":2000,"label":" ","price":27},{"type":"A","date":"2018-04-18T03:18:31.000Z","volume":7000,"label":" ","price":27},{"type":"A","date":"2018-04-18T03:18:31.000Z","volume":40000,"label":" ","price":27},{"type":"A","date":"2018-04-18T03:19:11.000Z","volume":50000,"label":" ","price":27.15},{"type":"A","date":"2018-04-18T03:19:11.000Z","volume":4000,"label":" ","price":27.15},{"type":"U","date":"2018-04-18T03:19:14.000Z","volume":1000,"label":"X","price":27.039},{"type":"B","date":"2018-04-18T03:19:32.000Z","volume":4000,"label":" ","price":27.1},{"type":"B","date":"2018-04-18T03:20:13.000Z","volume":25000,"label":" ","price":27.05},{"type":"B","date":"2018-04-18T03:20:13.000Z","volume":2000,"label":" ","price":27.05},{"type":"A","date":"2018-04-18T03:20:13.000Z","volume":2000,"label":" ","price":27.15},{"type":"B","date":"2018-04-18T03:20:22.000Z","volume":1000,"label":" ","price":27},{"type":"B","date":"2018-04-18T03:20:51.000Z","volume":26000,"label":"Y","price":27.05},{"type":"B","date":"2018-04-18T03:20:51.000Z","volume":17000,"label":" ","price":27.05},{"type":"B","date":"2018-04-18T03:20:51.000Z","volume":21000,"label":" ","price":27},{"type":"B","date":"2018-04-18T03:20:51.000Z","volume":7000,"label":" ","price":27},{"type":"A","date":"2018-04-18T03:20:51.000Z","volume":2000,"label":" ","price":27},{"type":"A","date":"2018-04-18T03:21:04.000Z","volume":50000,"label":" ","price":27},{"type":"A","date":"2018-04-18T03:21:04.000Z","volume":6000,"label":" ","price":27},{"type":"A","date":"2018-04-18T03:21:08.000Z","volume":8000,"label":" ","price":27.05},{"type":"A","date":"2018-04-18T03:21:15.000Z","volume":1000,"label":" ","price":27.1},{"type":"A","date":"2018-04-18T03:21:38.000Z","volume":1000,"label":"Y","price":27.1},{"type":"A","date":"2018-04-18T03:21:38.000Z","volume":4000,"label":" ","price":27.1},{"type":"A","date":"2018-04-18T03:21:38.000Z","volume":11000,"label":" ","price":27.1},{"type":"U","date":"2018-04-18T03:22:09.000Z","volume":1000,"label":"X","price":27.032},{"type":"B","date":"2018-04-18T03:22:11.000Z","volume":21000,"label":" ","price":27.1},{"type":"B","date":"2018-04-18T03:22:11.000Z","volume":26000,"label":"Y","price":27.05},{"type":"B","date":"2018-04-18T03:22:11.000Z","volume":6000,"label":" ","price":27.05},{"type":"B","date":"2018-04-18T03:22:11.000Z","volume":19000,"label":" ","price":27},{"type":"B","date":"2018-04-18T03:22:11.000Z","volume":6000,"label":" ","price":27},{"type":"B","date":"2018-04-18T03:22:11.000Z","volume":6000,"label":" ","price":27},{"type":"B","date":"2018-04-18T03:22:11.000Z","volume":5000,"label":" ","price":27},{"type":"B","date":"2018-04-18T03:22:11.000Z","volume":3000,"label":" ","price":27},{"type":"B","date":"2018-04-18T03:22:11.000Z","volume":8000,"label":" ","price":27},{"type":"A","date":"2018-04-18T03:23:16.000Z","volume":1000,"label":" ","price":27.05},{"type":"B","date":"2018-04-18T03:24:06.000Z","volume":6000,"label":" ","price":27},{"type":"B","date":"2018-04-18T03:24:12.000Z","volume":97000,"label":" ","price":26.95},{"type":"B","date":"2018-04-18T03:24:12.000Z","volume":4000,"label":" ","price":26.95},{"type":"B","date":"2018-04-18T03:24:12.000Z","volume":4000,"label":"Y","price":26.95},{"type":"B","date":"2018-04-18T03:24:12.000Z","volume":3000,"label":" ","price":26.95},{"type":"A","date":"2018-04-18T03:24:12.000Z","volume":2000,"label":" ","price":27.05},{"type":"A","date":"2018-04-18T03:25:16.000Z","volume":1000,"label":" ","price":27.05},{"type":"B","date":"2018-04-18T03:25:37.000Z","volume":1000,"label":" ","price":27},{"type":"B","date":"2018-04-18T03:26:13.000Z","volume":21000,"label":" ","price":26.9},{"type":"B","date":"2018-04-18T03:28:13.000Z","volume":9000,"label":" ","price":26.9},{"type":"B","date":"2018-04-18T03:28:13.000Z","volume":1000,"label":" ","price":26.9},{"type":"A","date":"2018-04-18T03:28:17.000Z","volume":1000,"label":" ","price":26.95},{"type":"B","date":"2018-04-18T03:28:17.000Z","volume":1000,"label":" ","price":26.9},{"type":"A","date":"2018-04-18T03:28:20.000Z","volume":1000,"label":" ","price":26.95},{"type":"B","date":"2018-04-18T03:28:30.000Z","volume":1000,"label":" ","price":26.85},{"type":"B","date":"2018-04-18T03:28:30.000Z","volume":3000,"label":" ","price":26.85},{"type":"B","date":"2018-04-18T03:28:30.000Z","volume":4000,"label":" ","price":26.85},{"type":"U","date":"2018-04-18T03:28:31.000Z","volume":1000,"label":" ","price":26.9},{"type":"B","date":"2018-04-18T03:28:50.000Z","volume":1000,"label":" ","price":26.85},{"type":"A","date":"2018-04-18T03:29:21.000Z","volume":15000,"label":" ","price":26.95},{"type":"U","date":"2018-04-18T03:29:21.000Z","volume":1000,"label":" ","price":26.95},{"type":"A","date":"2018-04-18T03:29:22.000Z","volume":3000,"label":" ","price":26.95},{"type":"U","date":"2018-04-18T03:29:22.000Z","volume":1000,"label":" ","price":26.95},{"type":"A","date":"2018-04-18T03:29:24.000Z","volume":2000,"label":" ","price":26.95},{"type":"A","date":"2018-04-18T03:29:25.000Z","volume":1000,"label":" ","price":26.95},{"type":"B","date":"2018-04-18T03:29:25.000Z","volume":1000,"label":" ","price":26.95},{"type":"B","date":"2018-04-18T03:29:26.000Z","volume":1000,"label":" ","price":26.95},{"type":"B","date":"2018-04-18T03:29:26.000Z","volume":1000,"label":" ","price":26.95},{"type":"U","date":"2018-04-18T03:29:26.000Z","volume":1000,"label":" ","price":26.95},{"type":"B","date":"2018-04-18T03:29:30.000Z","volume":8000,"label":" ","price":26.9},{"type":"B","date":"2018-04-18T03:30:10.000Z","volume":1000,"label":" ","price":26.85},{"type":"B","date":"2018-04-18T03:30:10.000Z","volume":4000,"label":"Y","price":26.85},{"type":"B","date":"2018-04-18T03:30:10.000Z","volume":12000,"label":" ","price":26.85},{"type":"U","date":"2018-04-18T03:30:12.000Z","volume":16000,"label":" ","price":26.85},{"type":"A","date":"2018-04-18T03:30:13.000Z","volume":19000,"label":" ","price":26.9},{"type":"A","date":"2018-04-18T03:30:17.000Z","volume":1000,"label":" ","price":26.9},{"type":"B","date":"2018-04-18T03:30:17.000Z","volume":1000,"label":" ","price":26.85},{"type":"A","date":"2018-04-18T03:30:34.000Z","volume":136000,"label":" ","price":26.9},{"type":"A","date":"2018-04-18T03:30:34.000Z","volume":82000,"label":" ","price":26.9},{"type":"A","date":"2018-04-18T03:30:34.000Z","volume":1000,"label":" ","price":26.95},{"type":"A","date":"2018-04-18T03:30:34.000Z","volume":4000,"label":" ","price":27},{"type":"A","date":"2018-04-18T03:30:34.000Z","volume":14000,"label":" ","price":27},{"type":"A","date":"2018-04-18T03:30:34.000Z","volume":1000,"label":" ","price":26.95},{"type":"A","date":"2018-04-18T03:30:34.000Z","volume":12000,"label":" ","price":27.05},{"type":"A","date":"2018-04-18T03:30:34.000Z","volume":3000,"label":" ","price":27.05},{"type":"A","date":"2018-04-18T03:30:34.000Z","volume":2000,"label":" ","price":27.05},{"type":"A","date":"2018-04-18T03:30:37.000Z","volume":7000,"label":" ","price":27.05},{"type":"A","date":"2018-04-18T03:30:37.000Z","volume":2000,"label":" ","price":27.05},{"type":"B","date":"2018-04-18T03:31:01.000Z","volume":3000,"label":" ","price":27.1},{"type":"U","date":"2018-04-18T03:31:40.000Z","volume":1000,"label":"X","price":26.915},{"type":"B","date":"2018-04-18T03:32:13.000Z","volume":10000,"label":" ","price":27.1},{"type":"A","date":"2018-04-18T03:32:17.000Z","volume":1000,"label":" ","price":27.15},{"type":"B","date":"2018-04-18T03:32:31.000Z","volume":25000,"label":" ","price":27.1},{"type":"B","date":"2018-04-18T03:32:45.000Z","volume":14000,"label":" ","price":27.1},{"type":"B","date":"2018-04-18T03:34:01.000Z","volume":1000,"label":" ","price":27.05},{"type":"B","date":"2018-04-18T03:34:13.000Z","volume":25000,"label":"Y","price":27.05},{"type":"B","date":"2018-04-18T03:34:13.000Z","volume":10000,"label":" ","price":27.05},{"type":"B","date":"2018-04-18T03:34:13.000Z","volume":4000,"label":" ","price":27.05},{"type":"B","date":"2018-04-18T03:34:13.000Z","volume":1000,"label":" ","price":27.05},{"type":"A","date":"2018-04-18T03:34:14.000Z","volume":3000,"label":" ","price":27.05},{"type":"B","date":"2018-04-18T03:34:41.000Z","volume":1000,"label":" ","price":27},{"type":"A","date":"2018-04-18T03:35:18.000Z","volume":1000,"label":" ","price":27.05},{"type":"B","date":"2018-04-18T03:35:32.000Z","volume":1000,"label":" ","price":27},{"type":"B","date":"2018-04-18T03:36:12.000Z","volume":1000,"label":" ","price":27},{"type":"B","date":"2018-04-18T03:36:13.000Z","volume":10000,"label":" ","price":27},{"type":"B","date":"2018-04-18T03:36:13.000Z","volume":3000,"label":" ","price":27},{"type":"B","date":"2018-04-18T03:36:17.000Z","volume":14000,"label":" ","price":26.95},{"type":"B","date":"2018-04-18T03:36:17.000Z","volume":2000,"label":" ","price":26.95},{"type":"B","date":"2018-04-18T03:36:32.000Z","volume":1000,"label":" ","price":26.95},{"type":"B","date":"2018-04-18T03:37:02.000Z","volume":1000,"label":" ","price":26.9},{"type":"A","date":"2018-04-18T03:37:18.000Z","volume":1000,"label":" ","price":26.95},{"type":"A","date":"2018-04-18T03:37:50.000Z","volume":1000,"label":" ","price":26.95},{"type":"B","date":"2018-04-18T03:37:52.000Z","volume":1000,"label":" ","price":26.9},{"type":"A","date":"2018-04-18T03:38:03.000Z","volume":3000,"label":" ","price":26.95},{"type":"A","date":"2018-04-18T03:38:03.000Z","volume":1000,"label":" ","price":26.95},{"type":"B","date":"2018-04-18T03:38:13.000Z","volume":59000,"label":" ","price":26.9},{"type":"B","date":"2018-04-18T03:38:13.000Z","volume":7000,"label":" ","price":26.9},{"type":"B","date":"2018-04-18T03:38:13.000Z","volume":1000,"label":" ","price":26.9},{"type":"A","date":"2018-04-18T03:38:37.000Z","volume":28000,"label":" ","price":26.95},{"type":"A","date":"2018-04-18T03:38:37.000Z","volume":164000,"label":" ","price":27},{"type":"A","date":"2018-04-18T03:38:37.000Z","volume":58000,"label":" ","price":27.05},{"type":"A","date":"2018-04-18T03:38:37.000Z","volume":2000,"label":" ","price":27.05},{"type":"A","date":"2018-04-18T03:38:37.000Z","volume":12000,"label":" ","price":27.1},{"type":"A","date":"2018-04-18T03:38:38.000Z","volume":2000,"label":" ","price":27.1},{"type":"U","date":"2018-04-18T03:38:42.000Z","volume":4000,"label":" ","price":27.05},{"type":"A","date":"2018-04-18T03:38:42.000Z","volume":2000,"label":" ","price":27.05},{"type":"A","date":"2018-04-18T03:39:18.000Z","volume":1000,"label":" ","price":27.1},{"type":"A","date":"2018-04-18T03:39:18.000Z","volume":2000,"label":" ","price":27.1},{"type":"B","date":"2018-04-18T03:39:28.000Z","volume":33000,"label":" ","price":27},{"type":"B","date":"2018-04-18T03:39:28.000Z","volume":15000,"label":" ","price":26.95},{"type":"A","date":"2018-04-18T03:39:28.000Z","volume":6000,"label":" ","price":27},{"type":"U","date":"2018-04-18T03:39:34.000Z","volume":1000,"label":"X","price":26.988},{"type":"B","date":"2018-04-18T03:40:12.000Z","volume":4000,"label":" ","price":26.9},{"type":"B","date":"2018-04-18T03:40:12.000Z","volume":4000,"label":" ","price":26.9},{"type":"A","date":"2018-04-18T03:40:13.000Z","volume":1000,"label":" ","price":26.9},{"type":"A","date":"2018-04-18T03:40:14.000Z","volume":1000,"label":" ","price":26.9},{"type":"A","date":"2018-04-18T03:40:14.000Z","volume":2000,"label":" ","price":26.9},{"type":"A","date":"2018-04-18T03:40:14.000Z","volume":2000,"label":" ","price":26.9},{"type":"A","date":"2018-04-18T03:40:14.000Z","volume":2000,"label":" ","price":26.9},{"type":"U","date":"2018-04-18T03:40:16.000Z","volume":2000,"label":" ","price":26.95},{"type":"B","date":"2018-04-18T03:40:28.000Z","volume":2000,"label":" ","price":26.85},{"type":"B","date":"2018-04-18T03:40:30.000Z","volume":2000,"label":" ","price":26.85},{"type":"B","date":"2018-04-18T03:40:32.000Z","volume":4000,"label":" ","price":26.85},{"type":"B","date":"2018-04-18T03:42:13.000Z","volume":1000,"label":" ","price":26.8},{"type":"B","date":"2018-04-18T03:42:13.000Z","volume":24000,"label":" ","price":26.8},{"type":"B","date":"2018-04-18T03:42:13.000Z","volume":3000,"label":" ","price":26.8},{"type":"B","date":"2018-04-18T03:42:13.000Z","volume":21000,"label":" ","price":26.75},{"type":"B","date":"2018-04-18T03:42:15.000Z","volume":2000,"label":" ","price":26.85},{"type":"B","date":"2018-04-18T03:42:18.000Z","volume":2000,"label":" ","price":26.85},{"type":"A","date":"2018-04-18T03:42:18.000Z","volume":1000,"label":"Y","price":27},{"type":"B","date":"2018-04-18T03:42:21.000Z","volume":2000,"label":" ","price":26.85},{"type":"B","date":"2018-04-18T03:42:22.000Z","volume":2000,"label":" ","price":26.85},{"type":"B","date":"2018-04-18T03:43:23.000Z","volume":1000,"label":" ","price":26.85},{"type":"B","date":"2018-04-18T03:43:38.000Z","volume":1000,"label":" ","price":26.85},{"type":"U","date":"2018-04-18T03:44:07.000Z","volume":2000,"label":" ","price":26.9},{"type":"B","date":"2018-04-18T03:44:13.000Z","volume":6000,"label":" ","price":26.85},{"type":"A","date":"2018-04-18T03:44:18.000Z","volume":1000,"label":" ","price":26.95},{"type":"B","date":"2018-04-18T03:44:24.000Z","volume":1000,"label":" ","price":26.8},{"type":"U","date":"2018-04-18T03:44:35.000Z","volume":261,"label":"D","price":26.6},{"type":"B","date":"2018-04-18T03:45:24.000Z","volume":1000,"label":" ","price":26.8},{"type":"B","date":"2018-04-18T03:46:13.000Z","volume":24000,"label":"Y","price":26.8},{"type":"B","date":"2018-04-18T03:46:13.000Z","volume":12000,"label":" ","price":26.8},{"type":"B","date":"2018-04-18T03:46:13.000Z","volume":4000,"label":" ","price":26.8},{"type":"B","date":"2018-04-18T03:46:35.000Z","volume":1000,"label":" ","price":26.75},{"type":"A","date":"2018-04-18T03:47:05.000Z","volume":4000,"label":" ","price":26.8},{"type":"B","date":"2018-04-18T03:47:07.000Z","volume":31000,"label":" ","price":26.75},{"type":"A","date":"2018-04-18T03:47:07.000Z","volume":6000,"label":" ","price":26.75},{"type":"A","date":"2018-04-18T03:47:10.000Z","volume":1000,"label":" ","price":26.75},{"type":"A","date":"2018-04-18T03:47:19.000Z","volume":1000,"label":"Y","price":26.75},{"type":"B","date":"2018-04-18T03:47:37.000Z","volume":1000,"label":" ","price":26.6},{"type":"U","date":"2018-04-18T03:47:37.000Z","volume":1000,"label":"X","price":26.802},{"type":"B","date":"2018-04-18T03:48:13.000Z","volume":13000,"label":" ","price":26.6},{"type":"A","date":"2018-04-18T03:48:16.000Z","volume":3000,"label":" ","price":26.75},{"type":"B","date":"2018-04-18T03:48:38.000Z","volume":1000,"label":" ","price":26.6},{"type":"A","date":"2018-04-18T03:49:19.000Z","volume":1000,"label":"Y","price":26.75},{"type":"B","date":"2018-04-18T03:49:48.000Z","volume":1000,"label":" ","price":26.6},{"type":"A","date":"2018-04-18T03:49:51.000Z","volume":1000,"label":" ","price":26.75},{"type":"B","date":"2018-04-18T03:50:01.000Z","volume":1000,"label":" ","price":26.7},{"type":"B","date":"2018-04-18T03:50:13.000Z","volume":6000,"label":" ","price":26.65},{"type":"A","date":"2018-04-18T03:50:15.000Z","volume":1000,"label":" ","price":26.75},{"type":"B","date":"2018-04-18T03:50:48.000Z","volume":1000,"label":" ","price":26.6},{"type":"A","date":"2018-04-18T03:50:55.000Z","volume":1000,"label":" ","price":26.7},{"type":"A","date":"2018-04-18T03:51:19.000Z","volume":1000,"label":"Y","price":26.75},{"type":"A","date":"2018-04-18T03:51:25.000Z","volume":50000,"label":" ","price":26.75},{"type":"A","date":"2018-04-18T03:51:25.000Z","volume":6000,"label":" ","price":26.75},{"type":"B","date":"2018-04-18T03:51:25.000Z","volume":2000,"label":" ","price":26.75},{"type":"A","date":"2018-04-18T03:51:25.000Z","volume":5000,"label":" ","price":26.8},{"type":"B","date":"2018-04-18T03:51:25.000Z","volume":2000,"label":" ","price":26.75},{"type":"A","date":"2018-04-18T03:51:25.000Z","volume":1000,"label":"Y","price":26.8},{"type":"A","date":"2018-04-18T03:51:25.000Z","volume":9000,"label":" ","price":26.8},{"type":"B","date":"2018-04-18T03:51:25.000Z","volume":2000,"label":" ","price":26.75},{"type":"B","date":"2018-04-18T03:51:25.000Z","volume":2000,"label":" ","price":26.75},{"type":"B","date":"2018-04-18T03:51:25.000Z","volume":2000,"label":" ","price":26.75},{"type":"A","date":"2018-04-18T03:51:25.000Z","volume":1000,"label":" ","price":26.85},{"type":"U","date":"2018-04-18T03:51:25.000Z","volume":2000,"label":" ","price":26.75},{"type":"A","date":"2018-04-18T03:51:25.000Z","volume":2000,"label":" ","price":26.75},{"type":"A","date":"2018-04-18T03:51:26.000Z","volume":2000,"label":" ","price":26.75},{"type":"A","date":"2018-04-18T03:51:26.000Z","volume":1000,"label":" ","price":26.75},{"type":"A","date":"2018-04-18T03:51:26.000Z","volume":2000,"label":" ","price":26.75},{"type":"A","date":"2018-04-18T03:51:34.000Z","volume":3000,"label":" ","price":26.75},{"type":"A","date":"2018-04-18T03:51:34.000Z","volume":2000,"label":" ","price":26.75},{"type":"A","date":"2018-04-18T03:51:35.000Z","volume":1000,"label":" ","price":26.75},{"type":"A","date":"2018-04-18T03:51:36.000Z","volume":3000,"label":" ","price":26.75},{"type":"A","date":"2018-04-18T03:51:36.000Z","volume":2000,"label":" ","price":26.75},{"type":"B","date":"2018-04-18T03:51:36.000Z","volume":2000,"label":" ","price":26.75},{"type":"A","date":"2018-04-18T03:51:41.000Z","volume":16000,"label":" ","price":26.85},{"type":"A","date":"2018-04-18T03:51:41.000Z","volume":63000,"label":" ","price":26.9},{"type":"A","date":"2018-04-18T03:51:41.000Z","volume":1000,"label":" ","price":26.9},{"type":"U","date":"2018-04-18T03:51:41.000Z","volume":1000,"label":" ","price":26.85},{"type":"B","date":"2018-04-18T03:51:41.000Z","volume":1000,"label":" ","price":26.85},{"type":"A","date":"2018-04-18T03:51:41.000Z","volume":1000,"label":" ","price":26.9},{"type":"A","date":"2018-04-18T03:51:41.000Z","volume":1000,"label":" ","price":26.85},{"type":"A","date":"2018-04-18T03:51:41.000Z","volume":3000,"label":" ","price":26.85},{"type":"U","date":"2018-04-18T03:51:46.000Z","volume":10000,"label":"X","price":26.825},{"type":"A","date":"2018-04-18T03:51:46.000Z","volume":3000,"label":" ","price":26.85},{"type":"U","date":"2018-04-18T03:51:46.000Z","volume":1000,"label":" ","price":26.85},{"type":"A","date":"2018-04-18T03:51:56.000Z","volume":1000,"label":" ","price":26.85},{"type":"U","date":"2018-04-18T03:51:56.000Z","volume":1000,"label":" ","price":26.85},{"type":"B","date":"2018-04-18T03:51:56.000Z","volume":1000,"label":" ","price":26.85},{"type":"A","date":"2018-04-18T03:52:02.000Z","volume":2000,"label":" ","price":26.9},{"type":"B","date":"2018-04-18T03:52:13.000Z","volume":2000,"label":" ","price":26.85},{"type":"B","date":"2018-04-18T03:52:42.000Z","volume":19000,"label":" ","price":26.9},{"type":"B","date":"2018-04-18T03:54:13.000Z","volume":9000,"label":" ","price":26.85},{"type":"A","date":"2018-04-18T03:54:20.000Z","volume":1000,"label":" ","price":26.95},{"type":"B","date":"2018-04-18T03:55:30.000Z","volume":1000,"label":" ","price":26.9},{"type":"B","date":"2018-04-18T03:56:13.000Z","volume":3000,"label":" ","price":26.9},{"type":"B","date":"2018-04-18T03:56:13.000Z","volume":1000,"label":" ","price":26.9},{"type":"A","date":"2018-04-18T03:56:20.000Z","volume":1000,"label":" ","price":26.95},{"type":"B","date":"2018-04-18T03:56:21.000Z","volume":1000,"label":" ","price":26.75},{"type":"B","date":"2018-04-18T03:57:12.000Z","volume":1000,"label":" ","price":26.75},{"type":"B","date":"2018-04-18T03:57:38.000Z","volume":1000,"label":" ","price":26.8},{"type":"B","date":"2018-04-18T03:57:50.000Z","volume":1000,"label":" ","price":26.75},{"type":"A","date":"2018-04-18T03:57:56.000Z","volume":1000,"label":" ","price":26.85},{"type":"B","date":"2018-04-18T03:58:13.000Z","volume":9000,"label":" ","price":26.75},{"type":"A","date":"2018-04-18T03:58:20.000Z","volume":1000,"label":" ","price":26.85},{"type":"A","date":"2018-04-18T03:58:41.000Z","volume":2000,"label":" ","price":26.9},{"type":"U","date":"2018-04-18T03:59:03.000Z","volume":2000,"label":"X","price":26.875},{"type":"A","date":"2018-04-18T03:59:08.000Z","volume":1000,"label":" ","price":26.9},{"type":"A","date":"2018-04-18T05:00:00.000Z","volume":4000,"label":" ","price":26.9},{"type":"A","date":"2018-04-18T05:00:00.000Z","volume":3000,"label":" ","price":26.95},{"type":"A","date":"2018-04-18T05:00:00.000Z","volume":2000,"label":" ","price":27},{"type":"B","date":"2018-04-18T05:00:02.000Z","volume":1000,"label":" ","price":26.9},{"type":"A","date":"2018-04-18T05:01:00.000Z","volume":1000,"label":" ","price":27},{"type":"A","date":"2018-04-18T05:01:00.000Z","volume":1000,"label":" ","price":27},{"type":"B","date":"2018-04-18T05:01:01.000Z","volume":1000,"label":" ","price":26.9},{"type":"A","date":"2018-04-18T05:01:04.000Z","volume":1000,"label":" ","price":27},{"type":"B","date":"2018-04-18T05:01:14.000Z","volume":38000,"label":" ","price":26.9},{"type":"A","date":"2018-04-18T05:01:20.000Z","volume":1000,"label":"Y","price":27},{"type":"A","date":"2018-04-18T05:01:34.000Z","volume":1000,"label":" ","price":26.95},{"type":"B","date":"2018-04-18T05:01:38.000Z","volume":2000,"label":" ","price":26.9},{"type":"A","date":"2018-04-18T05:01:58.000Z","volume":2000,"label":" ","price":27},{"type":"A","date":"2018-04-18T05:01:58.000Z","volume":1000,"label":" ","price":27}