[{"type":"U","date":"2018-04-09T01:20:00.000Z","volume":4000,"label":"U","price":0.92},{"type":"B","date":"2018-04-09T01:37:51.000Z","volume":20000,"label":" ","price":0.91},{"type":"U","date":"2018-04-09T01:57:52.000Z","volume":450,"label":"D","price":0.86},{"type":"B","date":"2018-04-09T01:58:49.000Z","volume":8000,"label":" ","price":0.9},{"type":"A","date":"2018-04-09T02:02:09.000Z","volume":54000,"label":" ","price":0.91},{"type":"A","date":"2018-04-09T02:07:53.000Z","volume":2000,"label":" ","price":0.91},{"type":"B","date":"2018-04-09T02:09:39.000Z","volume":100000,"label":" ","price":0.9},{"type":"A","date":"2018-04-09T02:10:31.000Z","volume":100000,"label":" ","price":0.91},{"type":"A","date":"2018-04-09T02:13:24.000Z","volume":2000,"label":" ","price":0.91},{"type":"A","date":"2018-04-09T02:16:54.000Z","volume":4000,"label":" ","price":0.91},{"type":"B","date":"2018-04-09T02:24:25.000Z","volume":10000,"label":" ","price":0.9},{"type":"B","date":"2018-04-09T02:26:47.000Z","volume":100000,"label":" ","price":0.9},{"type":"A","date":"2018-04-09T02:33:25.000Z","volume":2000,"label":" ","price":0.9},{"type":"A","date":"2018-04-09T02:35:44.000Z","volume":4000,"label":" ","price":0.9},{"type":"A","date":"2018-04-09T02:38:18.000Z","volume":50000,"label":" ","price":0.9},{"type":"B","date":"2018-04-09T02:42:56.000Z","volume":100000,"label":" ","price":0.9},{"type":"A","date":"2018-04-09T02:43:47.000Z","volume":2000,"label":" ","price":0.91},{"type":"A","date":"2018-04-09T02:52:25.000Z","volume":2000,"label":" ","price":0.91},{"type":"A","date":"2018-04-09T03:00:26.000Z","volume":2000,"label":" ","price":0.91},{"type":"A","date":"2018-04-09T03:08:26.000Z","volume":2000,"label":" ","price":0.91},{"type":"A","date":"2018-04-09T03:21:45.000Z","volume":10000,"label":" ","price":0.91},{"type":"A","date":"2018-04-09T03:35:05.000Z","volume":26000,"label":" ","price":0.91},{"type":"A","date":"2018-04-09T03:35:06.000Z","volume":2000,"label":" ","price":0.91},{"type":"A","date":"2018-04-09T03:35:07.000Z","volume":18000,"label":" ","price":0.91},{"type":"A","date":"2018-04-09T03:35:11.000Z","volume":8000,"label":" ","price":0.91},{"type":"A","date":"2018-04-09T03:35:17.000Z","volume":152000,"label":" ","price":0.91},{"type":"B","date":"2018-04-09T03:38:22.000Z","volume":4000,"label":" ","price":0.91},{"type":"B","date":"2018-04-09T03:42:07.000Z","volume":20000,"label":" ","price":0.91},{"type":"A","date":"2018-04-09T03:43:00.000Z","volume":18000,"label":" ","price":0.91},{"type":"A","date":"2018-04-09T03:43:00.000Z","volume":12000,"label":" ","price":0.91},{"type":"A","date":"2018-04-09T03:46:46.000Z","volume":2000,"label":" ","price":0.91},{"type":"A","date":"2018-04-09T03:51:40.000Z","volume":12000,"label":" ","price":0.91},{"type":"A","date":"2018-04-09T05:00:04.000Z","volume":2000,"label":" ","price":0.92},{"type":"A","date":"2018-04-09T05:01:34.000Z","volume":40000,"label":" ","price":0.91},{"type":"A","date":"2018-04-09T05:02:00.000Z","volume":2000,"label":" ","price":0.91},{"type":"A","date":"2018-04-09T05:08:57.000Z","volume":58000,"label":"Y","price":0.91},{"type":"A","date":"2018-04-09T05:12:03.000Z","volume":100000,"label":" ","price":0.92},{"type":"A","date":"2018-04-09T05:22:31.000Z","volume":2000,"label":" ","price":0.92},{"type":"A","date":"2018-04-09T05:33:02.000Z","volume":2000,"label":" ","price":0.92},{"type":"A","date":"2018-04-09T05:43:02.000Z","volume":2000,"label":" ","price":0.92},{"type":"A","date":"2018-04-09T06:12:38.000Z","volume":30000,"label":" ","price":0.91},{"type":"A","date":"2018-04-09T06:18:23.000Z","volume":4000,"label":" ","price":0.91},{"type":"A","date":"2018-04-09T06:18:23.000Z","volume":2000,"label":" ","price":0.91},{"type":"A","date":"2018-04-09T07:44:16.000Z","volume":2000,"label":" ","price":0.91},{"type":"B","date":"2018-04-09T07:44:37.000Z","volume":30000,"label":" ","price":0.9},{"type":"A","date":"2018-04-09T07:44:37.000Z","volume":14000,"label":" ","price":0.91},{"type":"B","date":"2018-04-09T07:46:12.000Z","volume":20000,"label":" ","price":0.9},{"type":"A","date":"2018-04-09T07:46:12.000Z","volume":2000,"label":" ","price":0.92},{"type":"A","date":"2018-04-09T07:46:24.000Z","volume":2000,"label":" ","price":0.92},{"type":"A","date":"2018-04-09T07:47:59.000Z","volume":2000,"label":" ","price":0.92},{"type":"A","date":"2018-04-09T07:49:41.000Z","volume":2000,"label":" ","price":0.91},{"type":"A","date":"2018-04-09T07:50:10.000Z","volume":2000,"label":" ","price":0.91},{"type":"A","date":"2018-04-09T07:51:45.000Z","volume":2000,"label":" ","price":0.91},{"type":"A","date":"2018-04-09T07:53:53.000Z","volume":2000,"label":" ","price":0.91},{"type":"A","date":"2018-04-09T07:54:16.000Z","volume":2000,"label":" ","price":0.91},{"type":"A","date":"2018-04-09T07:55:53.000Z","volume":40000,"label":" ","price":0.91},{"type":"A","date":"2018-04-09T07:55:54.000Z","volume":2000,"label":" ","price":0.91},{"type":"A","date":"2018-04-09T07:57:40.000Z","volume":2000,"label":" ","price":0.91},{"type":"A","date":"2018-04-09T07:58:55.000Z","volume":16000,"label":" ","price":0.91},{"type":"B","date":"2018-04-09T07:59:08.000Z","volume":2000,"label":"Y","price":0.9},{"type":"A","date":"2018-04-09T07:59:10.000Z","volume":16000,"label":" ","price":0.91},{"type":"A","date":"2018-04-09T07:59:11.000Z","volume":2000,"label":" ","price":0.91},{"type":"A","date":"2018-04-09T07:59:15.000Z","volume":2000,"label":" ","price":0.91},{"type":"A","date":"2018-04-09T07:59:16.000Z","volume":2000,"label":" ","price":0.91},{"type":"A","date":"2018-04-09T07:59:24.000Z","volume":10000,"label":" ","price":0.91},{"type":"A","date":"2018-04-09T07:59:29.000Z","volume":2000,"label":" ","price":0.92},{"type":"A","date":"2018-04-09T07:59:34.000Z","volume":6000,"label":" ","price":0.92},{"type":"A","date":"2018-04-09T07:59:40.000Z","volume":6000,"label":" ","price":0.92},{"type":"A","date":"2018-04-09T07:59:44.000Z","volume":2000,"label":" ","price":0.92}]