[{"type":"B","date":"2018-04-16T01:39:30.000Z","volume":234000,"label":" ","price":1.44},{"type":"B","date":"2018-04-16T01:39:31.000Z","volume":8000,"label":" ","price":1.43},{"type":"A","date":"2018-04-16T01:39:32.000Z","volume":2000,"label":" ","price":1.44},{"type":"B","date":"2018-04-16T01:48:38.000Z","volume":2000,"label":" ","price":1.42},{"type":"B","date":"2018-04-16T01:55:08.000Z","volume":2000,"label":" ","price":1.43},{"type":"A","date":"2018-04-16T01:55:25.000Z","volume":8000,"label":" ","price":1.44},{"type":"B","date":"2018-04-16T02:00:37.000Z","volume":300000,"label":" ","price":1.43},{"type":"B","date":"2018-04-16T02:00:37.000Z","volume":2000,"label":" ","price":1.43},{"type":"B","date":"2018-04-16T02:03:11.000Z","volume":120000,"label":" ","price":1.42},{"type":"B","date":"2018-04-16T02:03:11.000Z","volume":8000,"label":" ","price":1.42},{"type":"A","date":"2018-04-16T02:03:12.000Z","volume":2000,"label":" ","price":1.42},{"type":"B","date":"2018-04-16T02:03:35.000Z","volume":2000,"label":" ","price":1.42},{"type":"B","date":"2018-04-16T02:03:35.000Z","volume":6000,"label":" ","price":1.42},{"type":"B","date":"2018-04-16T02:04:11.000Z","volume":10000,"label":" ","price":1.42},{"type":"A","date":"2018-04-16T02:05:06.000Z","volume":2000,"label":" ","price":1.42},{"type":"B","date":"2018-04-16T02:06:09.000Z","volume":2000,"label":" ","price":1.41},{"type":"B","date":"2018-04-16T02:06:10.000Z","volume":350000,"label":" ","price":1.41},{"type":"B","date":"2018-04-16T02:06:10.000Z","volume":12000,"label":" ","price":1.41},{"type":"B","date":"2018-04-16T02:06:39.000Z","volume":30000,"label":" ","price":1.4},{"type":"B","date":"2018-04-16T02:10:35.000Z","volume":100000,"label":" ","price":1.4},{"type":"B","date":"2018-04-16T02:10:35.000Z","volume":4000,"label":"Y","price":1.4},{"type":"B","date":"2018-04-16T02:10:35.000Z","volume":10000,"label":" ","price":1.4},{"type":"U","date":"2018-04-16T02:13:01.000Z","volume":1600,"label":"D","price":1.38},{"type":"B","date":"2018-04-16T02:13:09.000Z","volume":2000,"label":" ","price":1.4},{"type":"B","date":"2018-04-16T02:19:09.000Z","volume":2000,"label":" ","price":1.4},{"type":"B","date":"2018-04-16T02:20:09.000Z","volume":2000,"label":" ","price":1.4},{"type":"B","date":"2018-04-16T02:20:21.000Z","volume":236000,"label":" ","price":1.4},{"type":"B","date":"2018-04-16T02:21:39.000Z","volume":2000,"label":" ","price":1.39},{"type":"A","date":"2018-04-16T02:22:49.000Z","volume":46000,"label":" ","price":1.4},{"type":"B","date":"2018-04-16T02:23:09.000Z","volume":2000,"label":" ","price":1.39},{"type":"B","date":"2018-04-16T02:24:22.000Z","volume":2000,"label":" ","price":1.39},{"type":"B","date":"2018-04-16T02:24:39.000Z","volume":2000,"label":" ","price":1.39},{"type":"A","date":"2018-04-16T02:24:48.000Z","volume":100000,"label":" ","price":1.4},{"type":"A","date":"2018-04-16T02:25:04.000Z","volume":10000,"label":" ","price":1.4},{"type":"A","date":"2018-04-16T02:25:08.000Z","volume":20000,"label":" ","price":1.4},{"type":"A","date":"2018-04-16T02:25:17.000Z","volume":20000,"label":" ","price":1.4},{"type":"A","date":"2018-04-16T02:25:21.000Z","volume":20000,"label":" ","price":1.4},{"type":"B","date":"2018-04-16T02:25:54.000Z","volume":6000,"label":" ","price":1.4},{"type":"B","date":"2018-04-16T02:25:54.000Z","volume":134000,"label":" ","price":1.39},{"type":"A","date":"2018-04-16T02:27:42.000Z","volume":16000,"label":" ","price":1.41},{"type":"A","date":"2018-04-16T02:27:52.000Z","volume":2000,"label":" ","price":1.41},{"type":"A","date":"2018-04-16T02:28:12.000Z","volume":26000,"label":" ","price":1.41},{"type":"B","date":"2018-04-16T02:30:33.000Z","volume":274000,"label":" ","price":1.41},{"type":"B","date":"2018-04-16T02:36:04.000Z","volume":50000,"label":" ","price":1.4},{"type":"A","date":"2018-04-16T02:36:55.000Z","volume":10000,"label":"Y","price":1.4},{"type":"B","date":"2018-04-16T02:37:11.000Z","volume":30000,"label":" ","price":1.39},{"type":"B","date":"2018-04-16T02:41:27.000Z","volume":38000,"label":" ","price":1.39},{"type":"B","date":"2018-04-16T02:41:27.000Z","volume":362000,"label":" ","price":1.38},{"type":"B","date":"2018-04-16T02:41:27.000Z","volume":14000,"label":" ","price":1.38},{"type":"B","date":"2018-04-16T02:44:51.000Z","volume":56000,"label":" ","price":1.38},{"type":"B","date":"2018-04-16T02:44:51.000Z","volume":140000,"label":" ","price":1.37},{"type":"A","date":"2018-04-16T02:44:51.000Z","volume":4000,"label":" ","price":1.37},{"type":"A","date":"2018-04-16T02:45:07.000Z","volume":8000,"label":" ","price":1.38},{"type":"A","date":"2018-04-16T02:46:12.000Z","volume":20000,"label":" ","price":1.39},{"type":"B","date":"2018-04-16T02:48:10.000Z","volume":4000,"label":" ","price":1.37},{"type":"A","date":"2018-04-16T02:48:27.000Z","volume":38000,"label":" ","price":1.39},{"type":"B","date":"2018-04-16T02:49:19.000Z","volume":130000,"label":" ","price":1.37},{"type":"A","date":"2018-04-16T02:49:22.000Z","volume":12000,"label":" ","price":1.38},{"type":"A","date":"2018-04-16T02:50:06.000Z","volume":2000,"label":" ","price":1.38},{"type":"A","date":"2018-04-16T03:01:08.000Z","volume":34000,"label":" ","price":1.39},{"type":"B","date":"2018-04-16T03:15:06.000Z","volume":2000,"label":" ","price":1.39},{"type":"A","date":"2018-04-16T03:21:03.000Z","volume":10000,"label":" ","price":1.39},{"type":"B","date":"2018-04-16T03:32:43.000Z","volume":2000,"label":" ","price":1.39},{"type":"A","date":"2018-04-16T03:32:48.000Z","volume":6000,"label":" ","price":1.39},{"type":"B","date":"2018-04-16T03:33:10.000Z","volume":4000,"label":" ","price":1.39},{"type":"B","date":"2018-04-16T03:33:10.000Z","volume":66000,"label":" ","price":1.38},{"type":"B","date":"2018-04-16T03:33:11.000Z","volume":4000,"label":" ","price":1.38},{"type":"A","date":"2018-04-16T03:43:45.000Z","volume":30000,"label":" ","price":1.39},{"type":"A","date":"2018-04-16T03:58:08.000Z","volume":90000,"label":" ","price":1.4},{"type":"B","date":"2018-04-16T03:59:12.000Z","volume":4000,"label":" ","price":1.4},{"type":"A","date":"2018-04-16T05:05:55.000Z","volume":26000,"label":" ","price":1.41},{"type":"A","date":"2018-04-16T05:05:55.000Z","volume":4000,"label":"Y","price":1.43},{"type":"A","date":"2018-04-16T05:05:55.000Z","volume":20000,"label":" ","price":1.43},{"type":"B","date":"2018-04-16T05:05:55.000Z","volume":34000,"label":" ","price":1.43},{"type":"B","date":"2018-04-16T05:05:55.000Z","volume":128000,"label":" ","price":1.43},{"type":"B","date":"2018-04-16T05:07:13.000Z","volume":4000,"label":" ","price":1.41},{"type":"B","date":"2018-04-16T05:11:29.000Z","volume":30000,"label":" ","price":1.41},{"type":"A","date":"2018-04-16T05:11:29.000Z","volume":70000,"label":" ","price":1.41},{"type":"B","date":"2018-04-16T05:30:43.000Z","volume":4000,"label":" ","price":1.4},{"type":"B","date":"2018-04-16T05:35:42.000Z","volume":232000,"label":" ","price":1.4},{"type":"B","date":"2018-04-16T05:42:02.000Z","volume":70000,"label":" ","price":1.39},{"type":"B","date":"2018-04-16T05:44:44.000Z","volume":4000,"label":" ","price":1.38},{"type":"A","date":"2018-04-16T05:55:58.000Z","volume":10000,"label":" ","price":1.39},{"type":"B","date":"2018-04-16T05:56:44.000Z","volume":4000,"label":" ","price":1.38},{"type":"A","date":"2018-04-16T06:00:09.000Z","volume":30000,"label":" ","price":1.39},{"type":"A","date":"2018-04-16T06:00:09.000Z","volume":72000,"label":" ","price":1.4},{"type":"B","date":"2018-04-16T06:18:15.000Z","volume":4000,"label":" ","price":1.4},{"type":"A","date":"2018-04-16T06:21:57.000Z","volume":94000,"label":" ","price":1.41},{"type":"A","date":"2018-04-16T06:21:57.000Z","volume":10000,"label":" ","price":1.41},{"type":"A","date":"2018-04-16T06:24:03.000Z","volume":2000,"label":" ","price":1.41},{"type":"A","date":"2018-04-16T06:24:16.000Z","volume":18000,"label":" ","price":1.41},{"type":"B","date":"2018-04-16T06:24:45.000Z","volume":4000,"label":" ","price":1.41},{"type":"A","date":"2018-04-16T06:41:51.000Z","volume":78000,"label":" ","price":1.43},{"type":"A","date":"2018-04-16T06:47:54.000Z","volume":30000,"label":" ","price":1.43},{"type":"A","date":"2018-04-16T06:53:14.000Z","volume":20000,"label":" ","price":1.43},{"type":"B","date":"2018-04-16T06:53:16.000Z","volume":4000,"label":" ","price":1.41},{"type":"B","date":"2018-04-16T06:55:48.000Z","volume":94000,"label":" ","price":1.41},{"type":"A","date":"2018-04-16T06:55:48.000Z","volume":6000,"label":" ","price":1.41},{"type":"B","date":"2018-04-16T06:57:36.000Z","volume":44000,"label":" ","price":1.41},{"type":"B","date":"2018-04-16T07:11:46.000Z","volume":4000,"label":" ","price":1.39},{"type":"A","date":"2018-04-16T07:20:42.000Z","volume":20000,"label":" ","price":1.41},{"type":"A","date":"2018-04-16T07:22:43.000Z","volume":12000,"label":" ","price":1.41},{"type":"B","date":"2018-04-16T07:23:02.000Z","volume":778000,"label":" ","price":1.39},{"type":"A","date":"2018-04-16T07:23:03.000Z","volume":6000,"label":" ","price":1.39},{"type":"A","date":"2018-04-16T07:23:07.000Z","volume":16000,"label":" ","price":1.39},{"type":"B","date":"2018-04-16T07:23:47.000Z","volume":6000,"label":" ","price":1.39},{"type":"B","date":"2018-04-16T07:30:47.000Z","volume":8000,"label":" ","price":1.39},{"type":"A","date":"2018-04-16T07:35:01.000Z","volume":4000,"label":" ","price":1.4},{"type":"A","date":"2018-04-16T07:37:00.000Z","volume":6000,"label":" ","price":1.4},{"type":"B","date":"2018-04-16T07:37:47.000Z","volume":6000,"label":" ","price":1.39},{"type":"A","date":"2018-04-16T07:39:51.000Z","volume":10000,"label":" ","price":1.4},{"type":"A","date":"2018-04-16T07:43:02.000Z","volume":28000,"label":" ","price":1.41},{"type":"B","date":"2018-04-16T07:45:03.000Z","volume":72000,"label":" ","price":1.41},{"type":"A","date":"2018-04-16T07:51:31.000Z","volume":20000,"label":" ","price":1.41},{"type":"A","date":"2018-04-16T07:53:55.000Z","volume":10000,"label":" ","price":1.41}]