[{"type":"U","date":"2018-03-20T01:00:04.000Z","volume":2854500,"label":"P","price":8.2},{"type":"U","date":"2018-03-20T01:20:00.000Z","volume":14500,"label":"U","price":8.17},{"type":"A","date":"2018-03-20T01:30:28.000Z","volume":4000,"label":" ","price":8.2},{"type":"A","date":"2018-03-20T01:30:36.000Z","volume":3000,"label":" ","price":8.2},{"type":"A","date":"2018-03-20T01:30:36.000Z","volume":1500,"label":" ","price":8.2},{"type":"A","date":"2018-03-20T01:30:54.000Z","volume":500,"label":" ","price":8.2},{"type":"A","date":"2018-03-20T01:31:00.000Z","volume":500,"label":"Y","price":8.2},{"type":"A","date":"2018-03-20T01:31:00.000Z","volume":1000,"label":" ","price":8.2},{"type":"B","date":"2018-03-20T01:31:09.000Z","volume":10000,"label":" ","price":8.19},{"type":"B","date":"2018-03-20T01:31:09.000Z","volume":13000,"label":" ","price":8.19},{"type":"B","date":"2018-03-20T01:31:09.000Z","volume":1000,"label":" ","price":8.18},{"type":"B","date":"2018-03-20T01:31:10.000Z","volume":10000,"label":" ","price":8.18},{"type":"B","date":"2018-03-20T01:31:10.000Z","volume":1500,"label":" ","price":8.18},{"type":"B","date":"2018-03-20T01:31:22.000Z","volume":2500,"label":" ","price":8.18},{"type":"U","date":"2018-03-20T01:31:47.000Z","volume":3000,"label":" ","price":8.18},{"type":"B","date":"2018-03-20T01:32:30.000Z","volume":14000,"label":" ","price":8.18},{"type":"B","date":"2018-03-20T01:33:47.000Z","volume":23000,"label":" ","price":8.17},{"type":"B","date":"2018-03-20T01:33:47.000Z","volume":1500,"label":" ","price":8.16},{"type":"B","date":"2018-03-20T01:36:20.000Z","volume":500,"label":" ","price":8.16},{"type":"U","date":"2018-03-20T01:37:00.000Z","volume":2500,"label":" ","price":8.17},{"type":"U","date":"2018-03-20T01:37:00.000Z","volume":3000,"label":" ","price":8.17},{"type":"A","date":"2018-03-20T01:37:09.000Z","volume":215000,"label":" ","price":8.18},{"type":"B","date":"2018-03-20T01:37:09.000Z","volume":1000,"label":" ","price":8.17},{"type":"B","date":"2018-03-20T01:37:11.000Z","volume":8000,"label":" ","price":8.17},{"type":"B","date":"2018-03-20T01:37:11.000Z","volume":1000,"label":" ","price":8.17},{"type":"B","date":"2018-03-20T01:37:14.000Z","volume":14500,"label":" ","price":8.17},{"type":"B","date":"2018-03-20T01:37:14.000Z","volume":1000,"label":" ","price":8.17},{"type":"B","date":"2018-03-20T01:38:03.000Z","volume":1500,"label":" ","price":8.17},{"type":"B","date":"2018-03-20T01:38:03.000Z","volume":23500,"label":" ","price":8.17},{"type":"B","date":"2018-03-20T01:38:03.000Z","volume":500,"label":" ","price":8.17},{"type":"B","date":"2018-03-20T01:38:03.000Z","volume":1000,"label":" ","price":8.16},{"type":"B","date":"2018-03-20T01:38:03.000Z","volume":2500,"label":" ","price":8.17},{"type":"A","date":"2018-03-20T01:38:23.000Z","volume":40000,"label":" ","price":8.17},{"type":"A","date":"2018-03-20T01:38:30.000Z","volume":55000,"label":" ","price":8.18},{"type":"B","date":"2018-03-20T01:38:30.000Z","volume":2500,"label":" ","price":8.16},{"type":"U","date":"2018-03-20T01:38:32.000Z","volume":500,"label":" ","price":8.17},{"type":"U","date":"2018-03-20T01:38:32.000Z","volume":500,"label":" ","price":8.17},{"type":"U","date":"2018-03-20T01:38:32.000Z","volume":500,"label":" ","price":8.17},{"type":"B","date":"2018-03-20T01:38:40.000Z","volume":500,"label":" ","price":8.17},{"type":"A","date":"2018-03-20T01:38:58.000Z","volume":120000,"label":" ","price":8.18},{"type":"A","date":"2018-03-20T01:38:58.000Z","volume":15500,"label":"Y","price":8.18},{"type":"A","date":"2018-03-20T01:38:58.000Z","volume":99000,"label":" ","price":8.18},{"type":"U","date":"2018-03-20T01:38:59.000Z","volume":15500,"label":" ","price":8.17},{"type":"A","date":"2018-03-20T01:38:59.000Z","volume":1500,"label":" ","price":8.17},{"type":"A","date":"2018-03-20T01:38:59.000Z","volume":3000,"label":" ","price":8.17},{"type":"B","date":"2018-03-20T01:39:01.000Z","volume":500,"label":" ","price":8.16},{"type":"B","date":"2018-03-20T01:41:19.000Z","volume":4000,"label":" ","price":8.16},{"type":"A","date":"2018-03-20T01:45:15.000Z","volume":3000,"label":" ","price":8.17},{"type":"A","date":"2018-03-20T01:46:10.000Z","volume":4500,"label":" ","price":8.17},{"type":"A","date":"2018-03-20T01:47:00.000Z","volume":8500,"label":" ","price":8.17},{"type":"B","date":"2018-03-20T01:47:30.000Z","volume":500,"label":" ","price":8.16},{"type":"A","date":"2018-03-20T01:47:35.000Z","volume":3500,"label":" ","price":8.17},{"type":"A","date":"2018-03-20T01:47:39.000Z","volume":70000,"label":" ","price":8.17},{"type":"A","date":"2018-03-20T01:47:39.000Z","volume":25000,"label":" ","price":8.17},{"type":"A","date":"2018-03-20T01:47:39.000Z","volume":500,"label":" ","price":8.17},{"type":"A","date":"2018-03-20T01:47:39.000Z","volume":2000,"label":"Y","price":8.17},{"type":"A","date":"2018-03-20T01:47:39.000Z","volume":15500,"label":" ","price":8.17},{"type":"A","date":"2018-03-20T01:47:39.000Z","volume":4500,"label":" ","price":8.17},{"type":"A","date":"2018-03-20T01:47:39.000Z","volume":5000,"label":" ","price":8.17},{"type":"A","date":"2018-03-20T01:47:54.000Z","volume":3000,"label":" ","price":8.17},{"type":"A","date":"2018-03-20T01:47:54.000Z","volume":500,"label":" ","price":8.17},{"type":"A","date":"2018-03-20T01:48:02.000Z","volume":3500,"label":" ","price":8.17},{"type":"A","date":"2018-03-20T01:48:09.000Z","volume":500,"label":"Y","price":8.17},{"type":"A","date":"2018-03-20T01:48:09.000Z","volume":3000,"label":" ","price":8.17},{"type":"A","date":"2018-03-20T01:48:09.000Z","volume":15500,"label":" ","price":8.17},{"type":"A","date":"2018-03-20T01:48:09.000Z","volume":3500,"label":" ","price":8.17},{"type":"A","date":"2018-03-20T01:48:10.000Z","volume":1500,"label":" ","price":8.17},{"type":"A","date":"2018-03-20T01:48:12.000Z","volume":4000,"label":" ","price":8.17},{"type":"A","date":"2018-03-20T01:48:22.000Z","volume":4000,"label":" ","price":8.17},{"type":"A","date":"2018-03-20T01:48:23.000Z","volume":2000,"label":" ","price":8.17},{"type":"A","date":"2018-03-20T01:48:23.000Z","volume":3000,"label":" ","price":8.17},{"type":"A","date":"2018-03-20T01:48:26.000Z","volume":1000,"label":" ","price":8.17},{"type":"A","date":"2018-03-20T01:48:28.000Z","volume":3000,"label":" ","price":8.17},{"type":"A","date":"2018-03-20T01:48:38.000Z","volume":4000,"label":" ","price":8.17},{"type":"A","date":"2018-03-20T01:48:44.000Z","volume":3000,"label":" ","price":8.17},{"type":"A","date":"2018-03-20T01:48:46.000Z","volume":3000,"label":" ","price":8.17},{"type":"A","date":"2018-03-20T01:48:59.000Z","volume":4000,"label":" ","price":8.17},{"type":"A","date":"2018-03-20T01:49:31.000Z","volume":1000,"label":" ","price":8.17},{"type":"A","date":"2018-03-20T01:50:03.000Z","volume":6000,"label":" ","price":8.17},{"type":"A","date":"2018-03-20T01:50:18.000Z","volume":1500,"label":" ","price":8.17},{"type":"A","date":"2018-03-20T01:50:23.000Z","volume":7000,"label":" ","price":8.17},{"type":"A","date":"2018-03-20T01:50:25.000Z","volume":4000,"label":" ","price":8.17},{"type":"A","date":"2018-03-20T01:51:34.000Z","volume":8000,"label":" ","price":8.17},{"type":"A","date":"2018-03-20T01:51:55.000Z","volume":7500,"label":" ","price":8.17},{"type":"A","date":"2018-03-20T01:51:58.000Z","volume":3500,"label":" ","price":8.17},{"type":"A","date":"2018-03-20T01:52:01.000Z","volume":3500,"label":" ","price":8.17},{"type":"A","date":"2018-03-20T01:52:30.000Z","volume":500,"label":" ","price":8.17},{"type":"A","date":"2018-03-20T01:52:36.000Z","volume":3000,"label":" ","price":8.17},{"type":"A","date":"2018-03-20T01:52:36.000Z","volume":1500,"label":" ","price":8.17},{"type":"A","date":"2018-03-20T01:52:37.000Z","volume":500,"label":" ","price":8.17},{"type":"A","date":"2018-03-20T01:53:54.000Z","volume":2000,"label":" ","price":8.17},{"type":"A","date":"2018-03-20T01:53:56.000Z","volume":2500,"label":" ","price":8.17},{"type":"A","date":"2018-03-20T01:54:56.000Z","volume":4000,"label":" ","price":8.17},{"type":"A","date":"2018-03-20T01:55:17.000Z","volume":3000,"label":" ","price":8.17},{"type":"A","date":"2018-03-20T01:55:17.000Z","volume":1000,"label":" ","price":8.17},{"type":"A","date":"2018-03-20T01:55:20.000Z","volume":500,"label":" ","price":8.17},{"type":"A","date":"2018-03-20T01:55:54.000Z","volume":500,"label":" ","price":8.17},{"type":"A","date":"2018-03-20T01:56:10.000Z","volume":1000,"label":" ","price":8.17},{"type":"A","date":"2018-03-20T01:56:11.000Z","volume":2500,"label":"Y","price":8.17},{"type":"A","date":"2018-03-20T01:56:11.000Z","volume":30500,"label":" ","price":8.17},{"type":"A","date":"2018-03-20T01:56:11.000Z","volume":2500,"label":"Y","price":8.17},{"type":"A","date":"2018-03-20T01:56:11.000Z","volume":7000,"label":"Y","price":8.18},{"type":"A","date":"2018-03-20T01:56:11.000Z","volume":2500,"label":" ","price":8.18},{"type":"A","date":"2018-03-20T01:56:11.000Z","volume":2500,"label":" ","price":8.18},{"type":"A","date":"2018-03-20T01:56:27.000Z","volume":500,"label":"Y","price":8.18},{"type":"A","date":"2018-03-20T01:56:27.000Z","volume":500,"label":" ","price":8.18},{"type":"A","date":"2018-03-20T01:56:58.000Z","volume":10000,"label":" ","price":8.18},{"type":"A","date":"2018-03-20T01:56:58.000Z","volume":2500,"label":" ","price":8.18},{"type":"A","date":"2018-03-20T01:56:58.000Z","volume":1000,"label":"Y","price":8.18},{"type":"A","date":"2018-03-20T01:56:58.000Z","volume":500,"label":" ","price":8.18},{"type":"A","date":"2018-03-20T01:57:01.000Z","volume":4500,"label":"Y","price":8.18},{"type":"A","date":"2018-03-20T01:57:49.000Z","volume":1000,"label":" ","price":8.18},{"type":"A","date":"2018-03-20T01:58:50.000Z","volume":3000,"label":" ","price":8.18},{"type":"A","date":"2018-03-20T01:59:43.000Z","volume":5000,"label":" ","price":8.18},{"type":"A","date":"2018-03-20T01:59:43.000Z","volume":2000,"label":" ","price":8.18},{"type":"A","date":"2018-03-20T01:59:43.000Z","volume":2500,"label":" ","price":8.18},{"type":"A","date":"2018-03-20T01:59:55.000Z","volume":2000,"label":" ","price":8.18},{"type":"A","date":"2018-03-20T01:59:55.000Z","volume":1500,"label":"Y","price":8.18},{"type":"A","date":"2018-03-20T01:59:55.000Z","volume":1500,"label":" ","price":8.18},{"type":"B","date":"2018-03-20T02:00:04.000Z","volume":20000,"label":" ","price":8.17},{"type":"A","date":"2018-03-20T02:00:05.000Z","volume":2000,"label":"Y","price":8.19},{"type":"A","date":"2018-03-20T02:00:05.000Z","volume":4000,"label":" ","price":8.19},{"type":"U","date":"2018-03-20T02:01:34.000Z","volume":42000,"label":" ","price":8.18},{"type":"B","date":"2018-03-20T02:01:34.000Z","volume":500,"label":" ","price":8.18},{"type":"B","date":"2018-03-20T02:01:34.000Z","volume":6000,"label":" ","price":8.18},{"type":"B","date":"2018-03-20T02:01:34.000Z","volume":10000,"label":" ","price":8.18},{"type":"B","date":"2018-03-20T02:01:34.000Z","volume":6500,"label":" ","price":8.18},{"type":"A","date":"2018-03-20T02:01:34.000Z","volume":3500,"label":"Y","price":8.19},{"type":"A","date":"2018-03-20T02:01:34.000Z","volume":10500,"label":" ","price":8.19},{"type":"U","date":"2018-03-20T02:01:36.000Z","volume":2000,"label":" ","price":8.18},{"type":"B","date":"2018-03-20T02:02:05.000Z","volume":8000,"label":" ","price":8.17},{"type":"A","date":"2018-03-20T02:02:07.000Z","volume":2500,"label":"Y","price":8.19},{"type":"U","date":"2018-03-20T02:02:34.000Z","volume":2000,"label":"X","price":8.175},{"type":"A","date":"2018-03-20T02:02:52.000Z","volume":23500,"label":" ","price":8.18},{"type":"A","date":"2018-03-20T02:02:52.000Z","volume":2000,"label":" ","price":8.18},{"type":"B","date":"2018-03-20T02:02:52.000Z","volume":5000,"label":" ","price":8.18},{"type":"A","date":"2018-03-20T02:02:52.000Z","volume":3000,"label":"Y","price":8.19},{"type":"A","date":"2018-03-20T02:02:52.000Z","volume":2000,"label":" ","price":8.19},{"type":"A","date":"2018-03-20T02:03:29.000Z","volume":5000,"label":" ","price":8.19},{"type":"A","date":"2018-03-20T02:03:29.000Z","volume":2500,"label":" ","price":8.19},{"type":"A","date":"2018-03-20T02:04:10.000Z","volume":500,"label":" ","price":8.19},{"type":"A","date":"2018-03-20T02:05:50.000Z","volume":500,"label":" ","price":8.19},{"type":"B","date":"2018-03-20T02:07:19.000Z","volume":1000,"label":" ","price":8.18},{"type":"B","date":"2018-03-20T02:07:32.000Z","volume":2500,"label":" ","price":8.18},{"type":"A","date":"2018-03-20T02:07:40.000Z","volume":500,"label":" ","price":8.19},{"type":"B","date":"2018-03-20T02:08:36.000Z","volume":2500,"label":" ","price":8.18},{"type":"A","date":"2018-03-20T02:08:39.000Z","volume":1500,"label":" ","price":8.19},{"type":"A","date":"2018-03-20T02:09:20.000Z","volume":500,"label":" ","price":8.19},{"type":"B","date":"2018-03-20T02:09:21.000Z","volume":500,"label":" ","price":8.18},{"type":"B","date":"2018-03-20T02:09:32.000Z","volume":2000,"label":" ","price":8.18},{"type":"B","date":"2018-03-20T02:10:40.000Z","volume":4500,"label":" ","price":8.18},{"type":"A","date":"2018-03-20T02:10:40.000Z","volume":2000,"label":" ","price":8.19},{"type":"A","date":"2018-03-20T02:11:11.000Z","volume":500,"label":" ","price":8.19},{"type":"A","date":"2018-03-20T02:13:01.000Z","volume":500,"label":" ","price":8.19},{"type":"A","date":"2018-03-20T02:15:01.000Z","volume":500,"label":" ","price":8.19},{"type":"A","date":"2018-03-20T02:16:51.000Z","volume":500,"label":" ","price":8.19},{"type":"A","date":"2018-03-20T02:16:57.000Z","volume":12000,"label":" ","price":8.19},{"type":"A","date":"2018-03-20T02:16:57.000Z","volume":3000,"label":" ","price":8.19},{"type":"B","date":"2018-03-20T02:17:02.000Z","volume":1000,"label":" ","price":8.18},{"type":"U","date":"2018-03-20T02:17:04.000Z","volume":2000,"label":"X","price":8.185},{"type":"B","date":"2018-03-20T02:17:19.000Z","volume":3000,"label":" ","price":8.18},{"type":"A","date":"2018-03-20T02:17:20.000Z","volume":1000,"label":" ","price":8.19},{"type":"A","date":"2018-03-20T02:18:42.000Z","volume":500,"label":" ","price":8.19},{"type":"A","date":"2018-03-20T02:19:59.000Z","volume":10000,"label":" ","price":8.19},{"type":"A","date":"2018-03-20T02:20:01.000Z","volume":2000,"label":" ","price":8.19},{"type":"A","date":"2018-03-20T02:20:33.000Z","volume":500,"label":" ","price":8.19},{"type":"B","date":"2018-03-20T02:21:01.000Z","volume":72500,"label":" ","price":8.18},{"type":"B","date":"2018-03-20T02:21:01.000Z","volume":60500,"label":" ","price":8.17},{"type":"B","date":"2018-03-20T02:21:01.000Z","volume":13500,"label":" ","price":8.16},{"type":"A","date":"2018-03-20T02:21:01.000Z","volume":30000,"label":" ","price":8.17},{"type":"A","date":"2018-03-20T02:21:02.000Z","volume":8500,"label":" ","price":8.17},{"type":"B","date":"2018-03-20T02:21:02.000Z","volume":5500,"label":" ","price":8.16},{"type":"A","date":"2018-03-20T02:21:03.000Z","volume":1000,"label":" ","price":8.17},{"type":"A","date":"2018-03-20T02:21:13.000Z","volume":6000,"label":"Y","price":8.17},{"type":"A","date":"2018-03-20T02:21:13.000Z","volume":1000,"label":" ","price":8.17},{"type":"A","date":"2018-03-20T02:21:13.000Z","volume":1500,"label":"Y","price":8.17},{"type":"A","date":"2018-03-20T02:21:13.000Z","volume":2000,"label":" ","price":8.17},{"type":"A","date":"2018-03-20T02:22:02.000Z","volume":45000,"label":" ","price":8.17},{"type":"A","date":"2018-03-20T02:22:02.000Z","volume":9000,"label":" ","price":8.17},{"type":"A","date":"2018-03-20T02:22:07.000Z","volume":12000,"label":" ","price":8.17},{"type":"A","date":"2018-03-20T02:22:55.000Z","volume":1500,"label":" ","price":8.17},{"type":"B","date":"2018-03-20T02:23:12.000Z","volume":500,"label":" ","price":8.16},{"type":"A","date":"2018-03-20T02:23:14.000Z","volume":1000,"label":"Y","price":8.17},{"type":"A","date":"2018-03-20T02:24:01.000Z","volume":10000,"label":" ","price":8.17},{"type":"A","date":"2018-03-20T02:24:02.000Z","volume":1500,"label":"Y","price":8.17},{"type":"A","date":"2018-03-20T02:24:02.000Z","volume":1000,"label":" ","price":8.17},{"type":"A","date":"2018-03-20T02:24:27.000Z","volume":20000,"label":" ","price":8.17},{"type":"A","date":"2018-03-20T02:24:27.000Z","volume":4500,"label":" ","price":8.17},{"type":"A","date":"2018-03-20T02:25:42.000Z","volume":500,"label":"Y","price":8.17},{"type":"A","date":"2018-03-20T02:25:42.000Z","volume":13500,"label":" ","price":8.17},{"type":"A","date":"2018-03-20T02:25:42.000Z","volume":3000,"label":" ","price":8.17},{"type":"A","date":"2018-03-20T02:25:54.000Z","volume":500,"label":" ","price":8.17},{"type":"A","date":"2018-03-20T02:27:32.000Z","volume":10000,"label":" ","price":8.17},{"type":"A","date":"2018-03-20T02:27:32.000Z","volume":2000,"label":" ","price":8.17},{"type":"A","date":"2018-03-20T02:27:34.000Z","volume":500,"label":" ","price":8.17},{"type":"A","date":"2018-03-20T02:27:43.000Z","volume":1500,"label":" ","price":8.17},{"type":"A","date":"2018-03-20T02:27:55.000Z","volume":500,"label":" ","price":8.17},{"type":"A","date":"2018-03-20T02:27:55.000Z","volume":1000,"label":" ","price":8.18},{"type":"B","date":"2018-03-20T02:28:15.000Z","volume":7000,"label":" ","price":8.17},{"type":"B","date":"2018-03-20T02:28:17.000Z","volume":5500,"label":" ","price":8.17},{"type":"A","date":"2018-03-20T02:28:17.000Z","volume":4000,"label":" ","price":8.17},{"type":"A","date":"2018-03-20T02:28:57.000Z","volume":10000,"label":" ","price":8.17},{"type":"A","date":"2018-03-20T02:28:58.000Z","volume":1000,"label":" ","price":8.17},{"type":"A","date":"2018-03-20T02:29:53.000Z","volume":11000,"label":" ","price":8.17},{"type":"A","date":"2018-03-20T02:29:53.000Z","volume":2000,"label":" ","price":8.18},{"type":"A","date":"2018-03-20T02:29:53.000Z","volume":1500,"label":" ","price":8.17},{"type":"A","date":"2018-03-20T02:29:53.000Z","volume":1500,"label":" ","price":8.18},{"type":"A","date":"2018-03-20T02:30:54.000Z","volume":500,"label":" ","price":8.17},{"type":"A","date":"2018-03-20T02:30:57.000Z","volume":3500,"label":" ","price":8.17},{"type":"B","date":"2018-03-20T02:31:01.000Z","volume":500,"label":" ","price":8.17},{"type":"A","date":"2018-03-20T02:31:03.000Z","volume":1000,"label":" ","price":8.18},{"type":"A","date":"2018-03-20T02:32:08.000Z","volume":500,"label":" ","price":8.18},{"type":"A","date":"2018-03-20T02:32:08.000Z","volume":1000,"label":" ","price":8.18},{"type":"A","date":"2018-03-20T02:32:35.000Z","volume":500,"label":" ","price":8.18},{"type":"A","date":"2018-03-20T02:32:52.000Z","volume":7000,"label":" ","price":8.18},{"type":"A","date":"2018-03-20T02:32:52.000Z","volume":2000,"label":" ","price":8.18},{"type":"A","date":"2018-03-20T02:33:20.000Z","volume":2000,"label":" ","price":8.18},{"type":"A","date":"2018-03-20T02:34:15.000Z","volume":500,"label":" ","price":8.18},{"type":"A","date":"2018-03-20T02:34:40.000Z","volume":358500,"label":" ","price":8.18},{"type":"A","date":"2018-03-20T02:34:40.000Z","volume":7500,"label":"Y","price":8.19},{"type":"A","date":"2018-03-20T02:34:40.000Z","volume":65000,"label":" ","price":8.19},{"type":"A","date":"2018-03-20T02:34:40.000Z","volume":2000,"label":" ","price":8.19},{"type":"A","date":"2018-03-20T02:34:40.000Z","volume":3000,"label":" ","price":8.19},{"type":"A","date":"2018-03-20T02:34:41.000Z","volume":1000,"label":"Y","price":8.2},{"type":"A","date":"2018-03-20T02:34:41.000Z","volume":6500,"label":" ","price":8.2},{"type":"A","date":"2018-03-20T02:35:45.000Z","volume":500,"label":" ","price":8.2},{"type":"B","date":"2018-03-20T02:36:21.000Z","volume":80000,"label":" ","price":8.19},{"type":"A","date":"2018-03-20T02:36:21.000Z","volume":6000,"label":" ","price":8.2},{"type":"A","date":"2018-03-20T02:39:05.000Z","volume":500,"label":" ","price":8.2},{"type":"B","date":"2018-03-20T02:39:35.000Z","volume":235000,"label":" ","price":8.18},{"type":"A","date":"2018-03-20T02:39:35.000Z","volume":56000,"label":" ","price":8.18},{"type":"A","date":"2018-03-20T02:39:47.000Z","volume":8000,"label":" ","price":8.18},{"type":"B","date":"2018-03-20T02:41:29.000Z","volume":6000,"label":" ","price":8.17},{"type":"A","date":"2018-03-20T02:42:05.000Z","volume":4500,"label":" ","price":8.18},{"type":"A","date":"2018-03-20T02:42:44.000Z","volume":17000,"label":" ","price":8.18},{"type":"A","date":"2018-03-20T02:43:16.000Z","volume":20000,"label":" ","price":8.18},{"type":"A","date":"2018-03-20T02:43:16.000Z","volume":2500,"label":" ","price":8.18},{"type":"A","date":"2018-03-20T02:44:06.000Z","volume":500,"label":" ","price":8.19},{"type":"A","date":"2018-03-20T02:45:56.000Z","volume":500,"label":" ","price":8.18},{"type":"A","date":"2018-03-20T02:47:20.000Z","volume":3000,"label":" ","price":8.18},{"type":"A","date":"2018-03-20T02:47:24.000Z","volume":2500,"label":" ","price":8.18},{"type":"A","date":"2018-03-20T02:47:45.000Z","volume":1000,"label":" ","price":8.18},{"type":"A","date":"2018-03-20T02:47:46.000Z","volume":500,"label":" ","price":8.18},{"type":"A","date":"2018-03-20T02:47:48.000Z","volume":1000,"label":" ","price":8.18},{"type":"A","date":"2018-03-20T02:48:26.000Z","volume":500,"label":" ","price":8.18},{"type":"B","date":"2018-03-20T02:48:53.000Z","volume":438500,"label":" ","price":8.17},{"type":"B","date":"2018-03-20T02:48:53.000Z","volume":2500,"label":" ","price":8.16},{"type":"A","date":"2018-03-20T02:48:53.000Z","volume":6000,"label":" ","price":8.18},{"type":"A","date":"2018-03-20T02:48:59.000Z","volume":500,"label":" ","price":8.17},{"type":"B","date":"2018-03-20T02:50:01.000Z","volume":1500,"label":" ","price":8.16},{"type":"A","date":"2018-03-20T02:50:47.000Z","volume":1500,"label":" ","price":8.17},{"type":"A","date":"2018-03-20T02:50:47.000Z","volume":500,"label":" ","price":8.17},{"type":"A","date":"2018-03-20T02:50:47.000Z","volume":500,"label":" ","price":8.17},{"type":"A","date":"2018-03-20T02:53:28.000Z","volume":10000,"label":" ","price":8.17},{"type":"B","date":"2018-03-20T02:53:28.000Z","volume":2500,"label":" ","price":8.16},{"type":"A","date":"2018-03-20T02:53:29.000Z","volume":4000,"label":" ","price":8.17},{"type":"B","date":"2018-03-20T02:54:42.000Z","volume":500,"label":" ","price":8.16},{"type":"B","date":"2018-03-20T02:55:35.000Z","volume":3000,"label":" ","price":8.16},{"type":"A","date":"2018-03-20T02:56:29.000Z","volume":500,"label":" ","price":8.17},{"type":"B","date":"2018-03-20T02:56:45.000Z","volume":5000,"label":" ","price":8.16},{"type":"A","date":"2018-03-20T02:56:45.000Z","volume":2000,"label":" ","price":8.17},{"type":"B","date":"2018-03-20T02:57:29.000Z","volume":8000,"label":" ","price":8.16},{"type":"A","date":"2018-03-20T02:57:30.000Z","volume":2000,"label":" ","price":8.17},{"type":"B","date":"2018-03-20T02:57:50.000Z","volume":3500,"label":" ","price":8.16},{"type":"B","date":"2018-03-20T02:58:49.000Z","volume":3500,"label":" ","price":8.16},{"type":"A","date":"2018-03-20T02:58:52.000Z","volume":1500,"label":" ","price":8.17},{"type":"B","date":"2018-03-20T02:59:42.000Z","volume":3000,"label":" ","price":8.16},{"type":"B","date":"2018-03-20T03:00:39.000Z","volume":1500,"label":" ","price":8.16},{"type":"B","date":"2018-03-20T03:01:34.000Z","volume":2500,"label":" ","price":8.16},{"type":"A","date":"2018-03-20T03:01:35.000Z","volume":1500,"label":" ","price":8.17},{"type":"B","date":"2018-03-20T03:02:34.000Z","volume":2500,"label":" ","price":8.16},{"type":"B","date":"2018-03-20T03:02:47.000Z","volume":5000,"label":"Y","price":8.16},{"type":"B","date":"2018-03-20T03:02:47.000Z","volume":145000,"label":" ","price":8.16},{"type":"B","date":"2018-03-20T03:02:47.000Z","volume":18500,"label":" ","price":8.16},{"type":"B","date":"2018-03-20T03:02:47.000Z","volume":1000,"label":" ","price":8.15},{"type":"B","date":"2018-03-20T03:03:42.000Z","volume":2500,"label":" ","price":8.15},{"type":"A","date":"2018-03-20T03:03:55.000Z","volume":20000,"label":" ","price":8.16},{"type":"B","date":"2018-03-20T03:03:56.000Z","volume":1000,"label":" ","price":8.15},{"type":"A","date":"2018-03-20T03:03:59.000Z","volume":5000,"label":" ","price":8.16},{"type":"A","date":"2018-03-20T03:05:32.000Z","volume":10000,"label":" ","price":8.16},{"type":"A","date":"2018-03-20T03:05:33.000Z","volume":2000,"label":" ","price":8.16},{"type":"B","date":"2018-03-20T03:05:33.000Z","volume":1000,"label":" ","price":8.15},{"type":"A","date":"2018-03-20T03:06:10.000Z","volume":500,"label":" ","price":8.16},{"type":"B","date":"2018-03-20T03:07:00.000Z","volume":4000,"label":" ","price":8.15},{"type":"A","date":"2018-03-20T03:07:01.000Z","volume":1500,"label":" ","price":8.16},{"type":"A","date":"2018-03-20T03:08:12.000Z","volume":500,"label":" ","price":8.16},{"type":"B","date":"2018-03-20T03:08:32.000Z","volume":1500,"label":" ","price":8.15},{"type":"A","date":"2018-03-20T03:08:51.000Z","volume":500,"label":" ","price":8.16},{"type":"B","date":"2018-03-20T03:09:42.000Z","volume":3000,"label":" ","price":8.15},{"type":"B","date":"2018-03-20T03:10:49.000Z","volume":2000,"label":" ","price":8.15},{"type":"A","date":"2018-03-20T03:10:50.000Z","volume":1500,"label":" ","price":8.16},{"type":"A","date":"2018-03-20T03:11:32.000Z","volume":500,"label":" ","price":8.16},{"type":"B","date":"2018-03-20T03:11:47.000Z","volume":1000,"label":" ","price":8.15},{"type":"A","date":"2018-03-20T03:12:28.000Z","volume":20000,"label":" ","price":8.16},{"type":"A","date":"2018-03-20T03:12:28.000Z","volume":2000,"label":"Y","price":8.16},{"type":"A","date":"2018-03-20T03:12:28.000Z","volume":3000,"label":" ","price":8.16},{"type":"B","date":"2018-03-20T03:13:45.000Z","volume":3000,"label":"Y","price":8.15},{"type":"B","date":"2018-03-20T03:13:45.000Z","volume":16500,"label":" ","price":8.15},{"type":"A","date":"2018-03-20T03:13:46.000Z","volume":1500,"label":"Y","price":8.16},{"type":"A","date":"2018-03-20T03:13:46.000Z","volume":2500,"label":" ","price":8.16},{"type":"B","date":"2018-03-20T03:13:59.000Z","volume":2000,"label":" ","price":8.15},{"type":"A","date":"2018-03-20T03:14:12.000Z","volume":500,"label":" ","price":8.16},{"type":"B","date":"2018-03-20T03:14:38.000Z","volume":1500,"label":" ","price":8.15},{"type":"B","date":"2018-03-20T03:14:41.000Z","volume":81500,"label":" ","price":8.15},{"type":"B","date":"2018-03-20T03:14:41.000Z","volume":1500,"label":" ","price":8.14},{"type":"B","date":"2018-03-20T03:14:41.000Z","volume":1000,"label":" ","price":8.14},{"type":"A","date":"2018-03-20T03:14:41.000Z","volume":2500,"label":" ","price":8.16},{"type":"A","date":"2018-03-20T03:15:24.000Z","volume":6000,"label":" ","price":8.15},{"type":"A","date":"2018-03-20T03:15:27.000Z","volume":1500,"label":" ","price":8.15},{"type":"A","date":"2018-03-20T03:16:01.000Z","volume":1000,"label":"Y","price":8.15},{"type":"B","date":"2018-03-20T03:16:01.000Z","volume":1000,"label":" ","price":8.14},{"type":"B","date":"2018-03-20T03:18:42.000Z","volume":500,"label":" ","price":8.14},{"type":"A","date":"2018-03-20T03:19:24.000Z","volume":500,"label":" ","price":8.15},{"type":"B","date":"2018-03-20T03:19:30.000Z","volume":2000,"label":" ","price":8.14},{"type":"A","date":"2018-03-20T03:19:33.000Z","volume":1500,"label":" ","price":8.15},{"type":"B","date":"2018-03-20T03:20:36.000Z","volume":1000,"label":" ","price":8.14},{"type":"B","date":"2018-03-20T03:21:28.000Z","volume":1500,"label":" ","price":8.14},{"type":"A","date":"2018-03-20T03:21:54.000Z","volume":500,"label":" ","price":8.15},{"type":"B","date":"2018-03-20T03:22:20.000Z","volume":1500,"label":" ","price":8.14},{"type":"B","date":"2018-03-20T03:23:13.000Z","volume":1500,"label":" ","price":8.14},{"type":"A","date":"2018-03-20T03:24:24.000Z","volume":500,"label":" ","price":8.15},{"type":"B","date":"2018-03-20T03:24:56.000Z","volume":2000,"label":" ","price":8.14},{"type":"A","date":"2018-03-20T03:24:57.000Z","volume":1500,"label":" ","price":8.15},{"type":"A","date":"2018-03-20T03:25:15.000Z","volume":1000,"label":" ","price":8.15},{"type":"A","date":"2018-03-20T03:25:19.000Z","volume":6000,"label":" ","price":8.15},{"type":"B","date":"2018-03-20T03:25:19.000Z","volume":1000,"label":" ","price":8.14},{"type":"A","date":"2018-03-20T03:25:24.000Z","volume":2000,"label":" ","price":8.15},{"type":"B","date":"2018-03-20T03:25:58.000Z","volume":6000,"label":" ","price":8.14},{"type":"B","date":"2018-03-20T03:25:58.000Z","volume":2500,"label":" ","price":8.14},{"type":"B","date":"2018-03-20T03:25:58.000Z","volume":5000,"label":" ","price":8.14},{"type":"A","date":"2018-03-20T03:26:00.000Z","volume":3000,"label":"Y","price":8.15},{"type":"B","date":"2018-03-20T03:26:15.000Z","volume":1500,"label":" ","price":8.14},{"type":"B","date":"2018-03-20T03:26:15.000Z","volume":3000,"label":" ","price":8.14},{"type":"A","date":"2018-03-20T03:26:16.000Z","volume":1000,"label":"Y","price":8.15},{"type":"B","date":"2018-03-20T03:26:55.000Z","volume":4500,"label":" ","price":8.14},{"type":"A","date":"2018-03-20T03:26:55.000Z","volume":1000,"label":"Y","price":8.15},{"type":"A","date":"2018-03-20T03:26:56.000Z","volume":500,"label":" ","price":8.15},{"type":"A","date":"2018-03-20T03:29:26.000Z","volume":500,"label":" ","price":8.15},{"type":"B","date":"2018-03-20T03:29:58.000Z","volume":2500,"label":" ","price":8.14},{"type":"B","date":"2018-03-20T03:30:02.000Z","volume":1500,"label":" ","price":8.14},{"type":"A","date":"2018-03-20T03:30:19.000Z","volume":142500,"label":" ","price":8.15},{"type":"A","date":"2018-03-20T03:30:19.000Z","volume":17000,"label":"Y","price":8.16},{"type":"A","date":"2018-03-20T03:30:19.000Z","volume":10500,"label":" ","price":8.16},{"type":"A","date":"2018-03-20T03:30:19.000Z","volume":3000,"label":" ","price":8.16},{"type":"A","date":"2018-03-20T03:30:19.000Z","volume":2500,"label":" ","price":8.16},{"type":"A","date":"2018-03-20T03:30:20.000Z","volume":1000,"label":" ","price":8.17},{"type":"A","date":"2018-03-20T03:30:23.000Z","volume":500,"label":" ","price":8.17},{"type":"B","date":"2018-03-20T03:31:55.000Z","volume":2000,"label":" ","price":8.16},{"type":"A","date":"2018-03-20T03:31:55.000Z","volume":1500,"label":" ","price":8.16},{"type":"A","date":"2018-03-20T03:31:57.000Z","volume":1000,"label":" ","price":8.16},{"type":"A","date":"2018-03-20T03:32:07.000Z","volume":500,"label":" ","price":8.16},{"type":"A","date":"2018-03-20T03:32:39.000Z","volume":1500,"label":" ","price":8.16},{"type":"A","date":"2018-03-20T03:32:39.000Z","volume":3000,"label":" ","price":8.16},{"type":"A","date":"2018-03-20T03:32:39.000Z","volume":1000,"label":" ","price":8.16},{"type":"A","date":"2018-03-20T03:32:58.000Z","volume":500,"label":" ","price":8.16},{"type":"A","date":"2018-03-20T03:33:31.000Z","volume":500,"label":" ","price":8.16},{"type":"A","date":"2018-03-20T03:34:59.000Z","volume":500,"label":" ","price":8.16},{"type":"A","date":"2018-03-20T03:35:03.000Z","volume":500,"label":" ","price":8.16},{"type":"A","date":"2018-03-20T03:35:19.000Z","volume":2000,"label":" ","price":8.16},{"type":"A","date":"2018-03-20T03:35:19.000Z","volume":1000,"label":" ","price":8.17},{"type":"A","date":"2018-03-20T03:35:19.000Z","volume":500,"label":" ","price":8.17},{"type":"A","date":"2018-03-20T03:35:52.000Z","volume":500,"label":" ","price":8.16},{"type":"A","date":"2018-03-20T03:35:52.000Z","volume":2500,"label":" ","price":8.17},{"type":"A","date":"2018-03-20T03:35:53.000Z","volume":500,"label":" ","price":8.16},{"type":"A","date":"2018-03-20T03:36:09.000Z","volume":1000,"label":" ","price":8.16},{"type":"A","date":"2018-03-20T03:36:12.000Z","volume":500,"label":" ","price":8.16},{"type":"A","date":"2018-03-20T03:36:13.000Z","volume":1000,"label":" ","price":8.16},{"type":"B","date":"2018-03-20T03:36:23.000Z","volume":3000,"label":" ","price":8.15},{"type":"A","date":"2018-03-20T03:36:23.000Z","volume":1000,"label":" ","price":8.16},{"type":"A","date":"2018-03-20T03:36:31.000Z","volume":1000,"label":" ","price":8.16},{"type":"A","date":"2018-03-20T03:37:58.000Z","volume":1000,"label":" ","price":8.16},{"type":"A","date":"2018-03-20T03:42:20.000Z","volume":500,"label":" ","price":8.16},{"type":"A","date":"2018-03-20T03:42:22.000Z","volume":500,"label":" ","price":8.16},{"type":"A","date":"2018-03-20T03:42:42.000Z","volume":500,"label":" ","price":8.16},{"type":"A","date":"2018-03-20T03:43:20.000Z","volume":10000,"label":" ","price":8.16},{"type":"A","date":"2018-03-20T03:43:20.000Z","volume":9000,"label":" ","price":8.16},{"type":"U","date":"2018-03-20T03:43:20.000Z","volume":1500,"label":" ","price":8.16},{"type":"A","date":"2018-03-20T03:43:21.000Z","volume":4000,"label":" ","price":8.17},{"type":"A","date":"2018-03-20T03:43:23.000Z","volume":500,"label":" ","price":8.17},{"type":"A","date":"2018-03-20T03:43:53.000Z","volume":2000,"label":" ","price":8.16},{"type":"A","date":"2018-03-20T03:43:55.000Z","volume":500,"label":" ","price":8.17},{"type":"A","date":"2018-03-20T03:45:16.000Z","volume":2500,"label":" ","price":8.16},{"type":"A","date":"2018-03-20T03:45:16.000Z","volume":500,"label":"Y","price":8.16},{"type":"A","date":"2018-03-20T03:45:17.000Z","volume":1500,"label":" ","price":8.16},{"type":"A","date":"2018-03-20T03:45:17.000Z","volume":1000,"label":" ","price":8.17},{"type":"A","date":"2018-03-20T03:45:18.000Z","volume":500,"label":" ","price":8.17},{"type":"B","date":"2018-03-20T03:45:42.000Z","volume":500,"label":" ","price":8.15},{"type":"A","date":"2018-03-20T03:45:50.000Z","volume":500,"label":" ","price":8.17},{"type":"A","date":"2018-03-20T03:46:12.000Z","volume":1000,"label":" ","price":8.16},{"type":"A","date":"2018-03-20T03:46:12.000Z","volume":2000,"label":" ","price":8.17},{"type":"A","date":"2018-03-20T03:46:13.000Z","volume":1000,"label":" ","price":8.17},{"type":"A","date":"2018-03-20T03:48:02.000Z","volume":500,"label":" ","price":8.16},{"type":"A","date":"2018-03-20T03:48:19.000Z","volume":500,"label":" ","price":8.16},{"type":"A","date":"2018-03-20T03:48:19.000Z","volume":1000,"label":" ","price":8.16},{"type":"A","date":"2018-03-20T03:48:19.000Z","volume":500,"label":" ","price":8.16},{"type":"A","date":"2018-03-20T03:49:08.000Z","volume":3000,"label":" ","price":8.16},{"type":"A","date":"2018-03-20T03:49:10.000Z","volume":500,"label":"Y","price":8.16},{"type":"A","date":"2018-03-20T03:49:31.000Z","volume":500,"label":" ","price":8.16},{"type":"A","date":"2018-03-20T03:50:18.000Z","volume":500,"label":"Y","price":8.16},{"type":"A","date":"2018-03-20T03:50:18.000Z","volume":2500,"label":" ","price":8.16},{"type":"A","date":"2018-03-20T03:50:18.000Z","volume":500,"label":" ","price":8.16},{"type":"A","date":"2018-03-20T03:50:28.000Z","volume":500,"label":" ","price":8.16},{"type":"A","date":"2018-03-20T03:50:30.000Z","volume":500,"label":" ","price":8.16},{"type":"A","date":"2018-03-20T03:52:16.000Z","volume":3000,"label":"Y","price":8.16},{"type":"A","date":"2018-03-20T03:52:18.000Z","volume":500,"label":" ","price":8.16},{"type":"A","date":"2018-03-20T03:52:47.000Z","volume":500,"label":" ","price":8.16},{"type":"A","date":"2018-03-20T03:53:01.000Z","volume":500,"label":" ","price":8.16},{"type":"B","date":"2018-03-20T03:54:31.000Z","volume":500,"label":" ","price":8.15},{"type":"A","date":"2018-03-20T03:54:31.000Z","volume":500,"label":" ","price":8.16},{"type":"B","date":"2018-03-20T03:55:34.000Z","volume":2500,"label":" ","price":8.15},{"type":"A","date":"2018-03-20T03:55:37.000Z","volume":500,"label":" ","price":8.16},{"type":"B","date":"2018-03-20T03:56:31.000Z","volume":1000,"label":" ","price":8.15},{"type":"A","date":"2018-03-20T03:56:53.000Z","volume":500,"label":" ","price":8.16},{"type":"A","date":"2018-03-20T03:57:09.000Z","volume":34000,"label":" ","price":8.16},{"type":"A","date":"2018-03-20T03:57:09.000Z","volume":7500,"label":" ","price":8.17},{"type":"B","date":"2018-03-20T03:57:32.000Z","volume":3500,"label":" ","price":8.16},{"type":"A","date":"2018-03-20T03:57:32.000Z","volume":1000,"label":"Y","price":8.17},{"type":"B","date":"2018-03-20T03:57:37.000Z","volume":12500,"label":" ","price":8.16},{"type":"A","date":"2018-03-20T03:57:37.000Z","volume":1500,"label":" ","price":8.16},{"type":"A","date":"2018-03-20T03:57:39.000Z","volume":1000,"label":" ","price":8.16},{"type":"A","date":"2018-03-20T03:59:24.000Z","volume":500,"label":" ","price":8.16},{"type":"A","date":"2018-03-20T03:59:25.000Z","volume":500,"label":" ","price":8.16},{"type":"A","date":"2018-03-20T05:00:01.000Z","volume":500,"label":" ","price":8.16},{"type":"B","date":"2018-03-20T05:00:01.000Z","volume":1500,"label":" ","price":8.15},{"type":"A","date":"2018-03-20T05:00:02.000Z","volume":5000,"label":" ","price":8.16},{"type":"A","date":"2018-03-20T05:00:02.000Z","volume":2500,"label":" ","price":8.16},{"type":"A","date":"2018-03-20T05:00:02.000Z","volume":1500,"label":" ","price":8.16},{"type":"A","date":"2018-03-20T05:00:03.000Z","volume":500,"label":" ","price":8.16},{"type":"A","date":"2018-03-20T05:00:14.000Z","volume":500,"label":" ","price":8.16},{"type":"A","date":"2018-03-20T05:00:33.000Z","volume":500,"label":" ","price":8.16},{"type":"A","date":"2018-03-20T05:00:55.000Z","volume":500,"label":" ","price":8.16},{"type":"A","date":"2018-03-20T05:01:04.000Z","volume":500,"label":" ","price":8.16},{"type":"A","date":"2018-03-20T05:01:07.000Z","volume":500,"label":" ","price":8.16},{"type":"A","date":"2018-03-20T05:01:08.000Z","volume":3500,"label":" ","price":8.16},{"type":"A","date":"2018-03-20T05:01:08.000Z","volume":10000,"label":" ","price":8.16},{"type":"A","date":"2018-03-20T05:01:08.000Z","volume":500,"label":" ","price":8.16},{"type":"A","date":"2018-03-20T05:01:08.000Z","volume":1000,"label":" ","price":8.17},{"type":"A","date":"2018-03-20T05:01:08.000Z","volume":1000,"label":" ","price":8.17},{"type":"A","date":"2018-03-20T05:01:08.000Z","volume":2500,"label":"Y","price":8.17},{"type":"A","date":"2018-03-20T05:01:08.000Z","volume":500,"label":" ","price":8.17},{"type":"A","date":"2018-03-20T05:01:10.000Z","volume":500,"label":" ","price":8.17},{"type":"B","date":"2018-03-20T05:02:27.000Z","volume":20000,"label":" ","price":8.16},{"type":"A","date":"2018-03-20T05:02:30.000Z","volume":3000,"label":"Y","price":8.17},{"type":"A","date":"2018-03-20T05:02:30.000Z","volume":1000,"label":" ","price":8.17},{"type":"B","date":"2018-03-20T05:08:32.000Z","volume":1000,"label":" ","price":8.16},{"type":"B","date":"2018-03-20T05:09:35.000Z","volume":1500,"label":" ","price":8.16},{"type":"B","date":"2018-03-20T05:10:03.000Z","volume":30000,"label":" ","price":8.16},{"type":"B","date":"2018-03-20T05:10:03.000Z","volume":2000,"label":" ","price":8.16},{"type":"B","date":"2018-03-20T05:10:03.000Z","volume":2500,"label":" ","price":8.16},{"type":"B","date":"2018-03-20T05:10:03.000Z","volume":500,"label":" ","price":8.16},{"type":"B","date":"2018-03-20T05:10:03.000Z","volume":13500,"label":" ","price":8.16},{"type":"A","date":"2018-03-20T05:10:05.000Z","volume":3000,"label":" ","price":8.16},{"type":"B","date":"2018-03-20T05:10:27.000Z","volume":1500,"label":" ","price":8.15},{"type":"B","date":"2018-03-20T05:10:38.000Z","volume":500,"label":" ","price":8.15},{"type":"A","date":"2018-03-20T05:11:05.000Z","volume":500,"label":" ","price":8.16},{"type":"B","date":"2018-03-20T05:11:55.000Z","volume":500,"label":" ","price":8.15},{"type":"B","date":"2018-03-20T05:12:12.000Z","volume":1500,"label":" ","price":8.15},{"type":"B","date":"2018-03-20T05:13:17.000Z","volume":1000,"label":" ","price":8.15},{"type":"B","date":"2018-03-20T05:14:19.000Z","volume":1500,"label":" ","price":8.15},{"type":"B","date":"2018-03-20T05:15:20.000Z","volume":500,"label":" ","price":8.15},{"type":"A","date":"2018-03-20T05:15:30.000Z","volume":20000,"label":" ","price":8.16},{"type":"A","date":"2018-03-20T05:15:31.000Z","volume":6000,"label":" ","price":8.16},{"type":"B","date":"2018-03-20T05:16:00.000Z","volume":1000,"label":" ","price":8.15},{"type":"B","date":"2018-03-20T05:16:18.000Z","volume":1500,"label":" ","price":8.15},{"type":"B","date":"2018-03-20T05:17:11.000Z","volume":1000,"label":" ","price":8.15},{"type":"A","date":"2018-03-20T05:18:25.000Z","volume":1000,"label":" ","price":8.16},{"type":"A","date":"2018-03-20T05:18:28.000Z","volume":500,"label":" ","price":8.16},{"type":"A","date":"2018-03-20T05:18:58.000Z","volume":1000,"label":" ","price":8.16},{"type":"B","date":"2018-03-20T05:19:19.000Z","volume":10000,"label":" ","price":8.15},{"type":"B","date":"2018-03-20T05:20:16.000Z","volume":2000,"label":" ","price":8.15},{"type":"A","date":"2018-03-20T05:20:34.000Z","volume":12000,"label":" ","price":8.16},{"type":"A","date":"2018-03-20T05:24:46.000Z","volume":1000,"label":" ","price":8.16},{"type":"B","date":"2018-03-20T05:25:20.000Z","volume":500,"label":" ","price":8.15},{"type":"B","date":"2018-03-20T05:26:21.000Z","volume":1500,"label":" ","price":8.15},{"type":"B","date":"2018-03-20T05:28:22.000Z","volume":1500,"label":" ","price":8.15},{"type":"A","date":"2018-03-20T05:29:46.000Z","volume":10000,"label":" ","price":8.16},{"type":"B","date":"2018-03-20T05:30:04.000Z","volume":10000,"label":" ","price":8.15},{"type":"A","date":"2018-03-20T05:30:07.000Z","volume":3500,"label":"Y","price":8.16},{"type":"B","date":"2018-03-20T05:30:19.000Z","volume":1500,"label":" ","price":8.15},{"type":"B","date":"2018-03-20T05:30:56.000Z","volume":3000,"label":" ","price":8.15},{"type":"A","date":"2018-03-20T05:31:00.000Z","volume":1000,"label":" ","price":8.16},{"type":"A","date":"2018-03-20T05:31:18.000Z","volume":1000,"label":" ","price":8.16},{"type":"A","date":"2018-03-20T05:31:36.000Z","volume":1000,"label":" ","price":8.16},{"type":"B","date":"2018-03-20T05:32:12.000Z","volume":1000,"label":" ","price":8.15},{"type":"A","date":"2018-03-20T05:32:21.000Z","volume":10000,"label":" ","price":8.16},{"type":"A","date":"2018-03-20T05:32:22.000Z","volume":2000,"label":"Y","price":8.16},{"type":"A","date":"2018-03-20T05:32:22.000Z","volume":2000,"label":" ","price":8.16},{"type":"B","date":"2018-03-20T05:32:22.000Z","volume":2000,"label":" ","price":8.15},{"type":"B","date":"2018-03-20T05:33:35.000Z","volume":2000,"label":" ","price":8.15},{"type":"B","date":"2018-03-20T05:34:36.000Z","volume":1000,"label":" ","price":8.15},{"type":"B","date":"2018-03-20T05:35:08.000Z","volume":500,"label":" ","price":8.15},{"type":"B","date":"2018-03-20T05:35:35.000Z","volume":1500,"label":" ","price":8.15},{"type":"B","date":"2018-03-20T05:36:41.000Z","volume":1000,"label":" ","price":8.15},{"type":"A","date":"2018-03-20T05:37:50.000Z","volume":1000,"label":" ","price":8.16},{"type":"A","date":"2018-03-20T05:37:53.000Z","volume":2000,"label":" ","price":8.16},{"type":"B","date":"2018-03-20T05:38:25.000Z","volume":500,"label":" ","price":8.15},{"type":"B","date":"2018-03-20T05:38:26.000Z","volume":1000,"label":" ","price":8.15},{"type":"A","date":"2018-03-20T05:39:01.000Z","volume":500,"label":" ","price":8.16},{"type":"A","date":"2018-03-20T05:39:36.000Z","volume":500,"label":" ","price":8.16},{"type":"B","date":"2018-03-20T05:40:57.000Z","volume":3500,"label":" ","price":8.15},{"type":"A","date":"2018-03-20T05:41:48.000Z","volume":2000,"label":" ","price":8.16},{"type":"B","date":"2018-03-20T05:42:05.000Z","volume":1500,"label":" ","price":8.15},{"type":"B","date":"2018-03-20T05:42:46.000Z","volume":82000,"label":" ","price":8.15},{"type":"B","date":"2018-03-20T05:42:46.000Z","volume":2000,"label":" ","price":8.15},{"type":"A","date":"2018-03-20T05:42:48.000Z","volume":7000,"label":"Y","price":8.16},{"type":"A","date":"2018-03-20T05:42:48.000Z","volume":4500,"label":" ","price":8.16},{"type":"B","date":"2018-03-20T05:43:05.000Z","volume":2000,"label":" ","price":8.15},{"type":"B","date":"2018-03-20T05:43:07.000Z","volume":500,"label":" ","price":8.15},{"type":"B","date":"2018-03-20T05:43:13.000Z","volume":1500,"label":" ","price":8.15},{"type":"A","date":"2018-03-20T05:44:01.000Z","volume":1000,"label":" ","price":8.16},{"type":"B","date":"2018-03-20T05:44:08.000Z","volume":1500,"label":" ","price":8.15},{"type":"B","date":"2018-03-20T05:44:15.000Z","volume":1000,"label":" ","price":8.15},{"type":"A","date":"2018-03-20T05:44:18.000Z","volume":1500,"label":"Y","price":8.16},{"type":"B","date":"2018-03-20T05:45:05.000Z","volume":1500,"label":" ","price":8.15},{"type":"B","date":"2018-03-20T05:45:21.000Z","volume":1500,"label":" ","price":8.15},{"type":"B","date":"2018-03-20T05:47:06.000Z","volume":500,"label":" ","price":8.15},{"type":"B","date":"2018-03-20T05:47:23.000Z","volume":1000,"label":" ","price":8.15},{"type":"A","date":"2018-03-20T05:48:25.000Z","volume":4000,"label":" ","price":8.16},{"type":"A","date":"2018-03-20T05:48:27.000Z","volume":1500,"label":"Y","price":8.16},{"type":"A","date":"2018-03-20T05:48:27.000Z","volume":500,"label":" ","price":8.16},{"type":"A","date":"2018-03-20T05:49:02.000Z","volume":2000,"label":" ","price":8.16},{"type":"A","date":"2018-03-20T05:49:51.000Z","volume":1000,"label":" ","price":8.16},{"type":"B","date":"2018-03-20T05:51:19.000Z","volume":2000,"label":" ","price":8.15},{"type":"B","date":"2018-03-20T05:51:20.000Z","volume":1000,"label":" ","price":8.15},{"type":"A","date":"2018-03-20T05:51:43.000Z","volume":5000,"label":" ","price":8.16},{"type":"B","date":"2018-03-20T05:51:43.000Z","volume":3000,"label":" ","price":8.15},{"type":"A","date":"2018-03-20T05:51:44.000Z","volume":2000,"label":"Y","price":8.16},{"type":"A","date":"2018-03-20T05:51:44.000Z","volume":1000,"label":" ","price":8.16},{"type":"B","date":"2018-03-20T05:52:23.000Z","volume":1500,"label":" ","price":8.15},{"type":"A","date":"2018-03-20T05:52:23.000Z","volume":80000,"label":" ","price":8.16},{"type":"A","date":"2018-03-20T05:52:24.000Z","volume":2500,"label":"Y","price":8.16},{"type":"A","date":"2018-03-20T05:52:24.000Z","volume":15000,"label":" ","price":8.16},{"type":"B","date":"2018-03-20T05:55:06.000Z","volume":500,"label":" ","price":8.15},{"type":"A","date":"2018-03-20T05:55:32.000Z","volume":1000,"label":" ","price":8.16},{"type":"B","date":"2018-03-20T06:00:26.000Z","volume":1500,"label":" ","price":8.15},{"type":"A","date":"2018-03-20T06:00:52.000Z","volume":1000,"label":" ","price":8.16},{"type":"B","date":"2018-03-20T06:01:08.000Z","volume":6500,"label":" ","price":8.15},{"type":"B","date":"2018-03-20T06:01:42.000Z","volume":2000,"label":" ","price":8.15},{"type":"B","date":"2018-03-20T06:02:23.000Z","volume":2500,"label":" ","price":8.15},{"type":"B","date":"2018-03-20T06:02:55.000Z","volume":500,"label":" ","price":8.15},{"type":"A","date":"2018-03-20T06:03:55.000Z","volume":3000,"label":" ","price":8.16},{"type":"B","date":"2018-03-20T06:04:23.000Z","volume":2500,"label":" ","price":8.15},{"type":"A","date":"2018-03-20T06:04:36.000Z","volume":20000,"label":" ","price":8.16},{"type":"A","date":"2018-03-20T06:05:15.000Z","volume":100000,"label":" ","price":8.16},{"type":"B","date":"2018-03-20T06:05:15.000Z","volume":1000,"label":" ","price":8.15},{"type":"A","date":"2018-03-20T06:05:18.000Z","volume":9500,"label":"Y","price":8.16},{"type":"A","date":"2018-03-20T06:05:18.000Z","volume":8500,"label":" ","price":8.16},{"type":"A","date":"2018-03-20T06:05:18.000Z","volume":10500,"label":" ","price":8.16},{"type":"A","date":"2018-03-20T06:05:22.000Z","volume":155000,"label":" ","price":8.16},{"type":"A","date":"2018-03-20T06:05:22.000Z","volume":14000,"label":" ","price":8.16},{"type":"A","date":"2018-03-20T06:05:22.000Z","volume":2500,"label":" ","price":8.16},{"type":"A","date":"2018-03-20T06:05:22.000Z","volume":24000,"label":"Y","price":8.17},{"type":"A","date":"2018-03-20T06:05:22.000Z","volume":8000,"label":" ","price":8.17},{"type":"A","date":"2018-03-20T06:05:24.000Z","volume":4000,"label":"Y","price":8.17},{"type":"A","date":"2018-03-20T06:05:24.000Z","volume":1000,"label":" ","price":8.17},{"type":"A","date":"2018-03-20T06:05:31.000Z","volume":1000,"label":" ","price":8.17},{"type":"A","date":"2018-03-20T06:06:04.000Z","volume":500,"label":" ","price":8.17},{"type":"A","date":"2018-03-20T06:06:19.000Z","volume":3000,"label":" ","price":8.17},{"type":"A","date":"2018-03-20T06:06:19.000Z","volume":18000,"label":" ","price":8.17},{"type":"A","date":"2018-03-20T06:06:21.000Z","volume":2500,"label":"Y","price":8.18},{"type":"A","date":"2018-03-20T06:06:21.000Z","volume":2500,"label":" ","price":8.18},{"type":"A","date":"2018-03-20T06:06:37.000Z","volume":500,"label":" ","price":8.18},{"type":"B","date":"2018-03-20T06:06:59.000Z","volume":10000,"label":" ","price":8.17},{"type":"A","date":"2018-03-20T06:07:08.000Z","volume":1500,"label":" ","price":8.18},{"type":"A","date":"2018-03-20T06:07:45.000Z","volume":45000,"label":" ","price":8.18},{"type":"A","date":"2018-03-20T06:07:45.000Z","volume":1500,"label":" ","price":8.18},{"type":"A","date":"2018-03-20T06:07:45.000Z","volume":500,"label":" ","price":8.18},{"type":"A","date":"2018-03-20T06:07:46.000Z","volume":13000,"label":" ","price":8.19},{"type":"A","date":"2018-03-20T06:08:54.000Z","volume":1000,"label":" ","price":8.19},{"type":"B","date":"2018-03-20T06:10:09.000Z","volume":1000,"label":" ","price":8.17},{"type":"A","date":"2018-03-20T06:11:57.000Z","volume":4000,"label":"Y","price":8.18},{"type":"A","date":"2018-03-20T06:13:51.000Z","volume":21000,"label":" ","price":8.18},{"type":"A","date":"2018-03-20T06:13:54.000Z","volume":5500,"label":" ","price":8.18},{"type":"A","date":"2018-03-20T06:14:25.000Z","volume":1000,"label":" ","price":8.18},{"type":"B","date":"2018-03-20T06:14:42.000Z","volume":500,"label":" ","price":8.17},{"type":"A","date":"2018-03-20T06:15:52.000Z","volume":1500,"label":" ","price":8.18},{"type":"B","date":"2018-03-20T06:18:52.000Z","volume":2500,"label":" ","price":8.17},{"type":"B","date":"2018-03-20T06:19:52.000Z","volume":2500,"label":" ","price":8.17},{"type":"A","date":"2018-03-20T06:20:07.000Z","volume":1000,"label":" ","price":8.18},{"type":"A","date":"2018-03-20T06:20:38.000Z","volume":27000,"label":" ","price":8.18},{"type":"A","date":"2018-03-20T06:20:38.000Z","volume":8000,"label":" ","price":8.18},{"type":"B","date":"2018-03-20T06:20:56.000Z","volume":1500,"label":" ","price":8.17},{"type":"B","date":"2018-03-20T06:20:57.000Z","volume":1000,"label":" ","price":8.17},{"type":"B","date":"2018-03-20T06:22:06.000Z","volume":2500,"label":" ","price":8.17},{"type":"B","date":"2018-03-20T06:22:35.000Z","volume":500,"label":" ","price":8.17},{"type":"B","date":"2018-03-20T06:22:58.000Z","volume":1500,"label":" ","price":8.17},{"type":"B","date":"2018-03-20T06:24:02.000Z","volume":2000,"label":" ","price":8.17},{"type":"A","date":"2018-03-20T06:24:05.000Z","volume":2000,"label":" ","price":8.18},{"type":"B","date":"2018-03-20T06:25:00.000Z","volume":1500,"label":" ","price":8.17},{"type":"A","date":"2018-03-20T06:25:22.000Z","volume":500,"label":" ","price":8.18},{"type":"A","date":"2018-03-20T06:25:57.000Z","volume":1000,"label":" ","price":8.18},{"type":"B","date":"2018-03-20T06:25:58.000Z","volume":500,"label":" ","price":8.17},{"type":"B","date":"2018-03-20T06:25:59.000Z","volume":2000,"label":" ","price":8.17},{"type":"B","date":"2018-03-20T06:27:02.000Z","volume":2000,"label":" ","price":8.17},{"type":"B","date":"2018-03-20T06:28:46.000Z","volume":2500,"label":" ","price":8.17},{"type":"A","date":"2018-03-20T06:28:46.000Z","volume":2500,"label":" ","price":8.18},{"type":"A","date":"2018-03-20T06:29:01.000Z","volume":5000,"label":"Y","price":8.18},{"type":"B","date":"2018-03-20T06:29:16.000Z","volume":2000,"label":" ","price":8.17},{"type":"B","date":"2018-03-20T06:29:46.000Z","volume":1500,"label":" ","price":8.17},{"type":"A","date":"2018-03-20T06:30:27.000Z","volume":500,"label":" ","price":8.18},{"type":"A","date":"2018-03-20T06:30:29.000Z","volume":2000,"label":" ","price":8.18},{"type":"B","date":"2018-03-20T06:30:39.000Z","volume":3500,"label":" ","price":8.17},{"type":"B","date":"2018-03-20T06:30:51.000Z","volume":500,"label":" ","price":8.17},{"type":"A","date":"2018-03-20T06:31:17.000Z","volume":2000,"label":" ","price":8.18},{"type":"B","date":"2018-03-20T06:31:41.000Z","volume":1000,"label":" ","price":8.17},{"type":"A","date":"2018-03-20T06:32:18.000Z","volume":1000,"label":" ","price":8.18},{"type":"B","date":"2018-03-20T06:32:51.000Z","volume":2000,"label":" ","price":8.17},{"type":"A","date":"2018-03-20T06:32:53.000Z","volume":2000,"label":" ","price":8.18},{"type":"B","date":"2018-03-20T06:33:50.000Z","volume":1500,"label":" ","price":8.17},{"type":"B","date":"2018-03-20T06:34:54.000Z","volume":1500,"label":" ","price":8.17},{"type":"B","date":"2018-03-20T06:36:47.000Z","volume":10000,"label":" ","price":8.17},{"type":"A","date":"2018-03-20T06:36:48.000Z","volume":3000,"label":" ","price":8.18},{"type":"A","date":"2018-03-20T06:36:57.000Z","volume":1000,"label":"Y","price":8.18},{"type":"B","date":"2018-03-20T06:36:59.000Z","volume":1500,"label":" ","price":8.17},{"type":"A","date":"2018-03-20T06:37:18.000Z","volume":20000,"label":" ","price":8.18},{"type":"A","date":"2018-03-20T06:37:19.000Z","volume":4500,"label":" ","price":8.18},{"type":"A","date":"2018-03-20T06:37:39.000Z","volume":500,"label":" ","price":8.18},{"type":"B","date":"2018-03-20T06:38:23.000Z","volume":2000,"label":" ","price":8.17},{"type":"B","date":"2018-03-20T06:38:49.000Z","volume":1500,"label":" ","price":8.17},{"type":"B","date":"2018-03-20T06:39:50.000Z","volume":500,"label":" ","price":8.17},{"type":"A","date":"2018-03-20T06:40:02.000Z","volume":500,"label":" ","price":8.18},{"type":"B","date":"2018-03-20T06:40:51.000Z","volume":5000,"label":" ","price":8.17},{"type":"B","date":"2018-03-20T06:41:24.000Z","volume":23000,"label":" ","price":8.17},{"type":"A","date":"2018-03-20T06:41:30.000Z","volume":1000,"label":" ","price":8.18},{"type":"B","date":"2018-03-20T06:41:59.000Z","volume":1500,"label":" ","price":8.17},{"type":"A","date":"2018-03-20T06:42:48.000Z","volume":2500,"label":" ","price":8.18},{"type":"B","date":"2018-03-20T06:43:04.000Z","volume":2000,"label":" ","price":8.17},{"type":"A","date":"2018-03-20T06:43:24.000Z","volume":58500,"label":" ","price":8.18},{"type":"A","date":"2018-03-20T06:43:24.000Z","volume":63000,"label":" ","price":8.18},{"type":"A","date":"2018-03-20T06:43:24.000Z","volume":6500,"label":"Y","price":8.18},{"type":"A","date":"2018-03-20T06:43:24.000Z","volume":15000,"label":" ","price":8.18},{"type":"A","date":"2018-03-20T06:43:25.000Z","volume":500,"label":" ","price":8.18},{"type":"B","date":"2018-03-20T06:43:34.000Z","volume":1500,"label":" ","price":8.17},{"type":"U","date":"2018-03-20T06:43:41.000Z","volume":2000,"label":"X","price":8.17},{"type":"A","date":"2018-03-20T06:44:01.000Z","volume":1000,"label":" ","price":8.18},{"type":"A","date":"2018-03-20T06:44:08.000Z","volume":500,"label":"Y","price":8.18},{"type":"A","date":"2018-03-20T06:44:32.000Z","volume":3000,"label":" ","price":8.18},{"type":"A","date":"2018-03-20T06:44:33.000Z","volume":1500,"label":"Y","price":8.18},{"type":"A","date":"2018-03-20T06:44:36.000Z","volume":1000,"label":" ","price":8.18},{"type":"A","date":"2018-03-20T06:44:39.000Z","volume":500,"label":" ","price":8.18},{"type":"B","date":"2018-03-20T06:45:14.000Z","volume":20000,"label":" ","price":8.17},{"type":"A","date":"2018-03-20T06:45:18.000Z","volume":5000,"label":"Y","price":8.18},{"type":"A","date":"2018-03-20T06:45:27.000Z","volume":500,"label":" ","price":8.18},{"type":"U","date":"2018-03-20T06:45:41.000Z","volume":1000,"label":"X","price":8.175},{"type":"B","date":"2018-03-20T06:46:02.000Z","volume":2500,"label":" ","price":8.17},{"type":"A","date":"2018-03-20T06:46:27.000Z","volume":500,"label":" ","price":8.18},{"type":"A","date":"2018-03-20T06:47:10.000Z","volume":1000,"label":" ","price":8.18},{"type":"B","date":"2018-03-20T06:47:27.000Z","volume":1500,"label":" ","price":8.17},{"type":"A","date":"2018-03-20T06:47:27.000Z","volume":500,"label":" ","price":8.18},{"type":"A","date":"2018-03-20T06:47:41.000Z","volume":1500,"label":" ","price":8.18},{"type":"A","date":"2018-03-20T06:47:42.000Z","volume":1000,"label":"Y","price":8.18},{"type":"A","date":"2018-03-20T06:47:42.000Z","volume":500,"label":" ","price":8.18},{"type":"B","date":"2018-03-20T06:47:44.000Z","volume":500,"label":" ","price":8.17},{"type":"A","date":"2018-03-20T06:48:27.000Z","volume":500,"label":" ","price":8.18},{"type":"B","date":"2018-03-20T06:48:52.000Z","volume":2500,"label":" ","price":8.17},{"type":"B","date":"2018-03-20T06:49:49.000Z","volume":2000,"label":" ","price":8.17},{"type":"A","date":"2018-03-20T06:49:52.000Z","volume":1500,"label":" ","price":8.18},{"type":"A","date":"2018-03-20T06:49:53.000Z","volume":1500,"label":" ","price":8.18},{"type":"A","date":"2018-03-20T06:49:54.000Z","volume":500,"label":" ","price":8.18},{"type":"A","date":"2018-03-20T06:50:03.000Z","volume":500,"label":" ","price":8.18},{"type":"A","date":"2018-03-20T06:50:25.000Z","volume":12500,"label":" ","price":8.18},{"type":"A","date":"2018-03-20T06:50:26.000Z","volume":2500,"label":"Y","price":8.18},{"type":"A","date":"2018-03-20T06:50:26.000Z","volume":500,"label":" ","price":8.18},{"type":"A","date":"2018-03-20T06:50:28.000Z","volume":5500,"label":" ","price":8.18},{"type":"A","date":"2018-03-20T06:50:29.000Z","volume":2000,"label":" ","price":8.18},{"type":"A","date":"2018-03-20T06:50:30.000Z","volume":1500,"label":" ","price":8.18},{"type":"B","date":"2018-03-20T06:51:04.000Z","volume":1000,"label":" ","price":8.17},{"type":"B","date":"2018-03-20T06:51:14.000Z","volume":2000,"label":" ","price":8.17},{"type":"A","date":"2018-03-20T06:51:20.000Z","volume":500,"label":" ","price":8.18},{"type":"B","date":"2018-03-20T06:51:25.000Z","volume":500,"label":" ","price":8.17},{"type":"A","date":"2018-03-20T06:52:03.000Z","volume":1000,"label":" ","price":8.18},{"type":"A","date":"2018-03-20T06:52:06.000Z","volume":1500,"label":" ","price":8.18},{"type":"A","date":"2018-03-20T06:52:14.000Z","volume":1000,"label":" ","price":8.18},{"type":"B","date":"2018-03-20T06:52:39.000Z","volume":2000,"label":" ","price":8.17},{"type":"A","date":"2018-03-20T06:52:42.000Z","volume":2500,"label":" ","price":8.18},{"type":"A","date":"2018-03-20T06:52:43.000Z","volume":1000,"label":" ","price":8.18},{"type":"B","date":"2018-03-20T06:54:04.000Z","volume":2500,"label":" ","price":8.17},{"type":"A","date":"2018-03-20T06:54:07.000Z","volume":1000,"label":"Y","price":8.18},{"type":"A","date":"2018-03-20T06:54:07.000Z","volume":1000,"label":" ","price":8.18},{"type":"B","date":"2018-03-20T06:54:37.000Z","volume":1500,"label":" ","price":8.17},{"type":"B","date":"2018-03-20T06:55:01.000Z","volume":1000,"label":" ","price":8.17},{"type":"A","date":"2018-03-20T06:55:14.000Z","volume":10000,"label":" ","price":8.18},{"type":"A","date":"2018-03-20T06:55:15.000Z","volume":2500,"label":" ","price":8.18},{"type":"A","date":"2018-03-20T06:55:16.000Z","volume":7000,"label":" ","price":8.18},{"type":"A","date":"2018-03-20T06:55:19.000Z","volume":1500,"label":" ","price":8.18},{"type":"B","date":"2018-03-20T06:56:23.000Z","volume":1500,"label":" ","price":8.17},{"type":"B","date":"2018-03-20T06:56:34.000Z","volume":2000,"label":" ","price":8.17},{"type":"A","date":"2018-03-20T06:56:47.000Z","volume":1000,"label":" ","price":8.18},{"type":"B","date":"2018-03-20T06:57:19.000Z","volume":1500,"label":" ","price":8.17},{"type":"A","date":"2018-03-20T06:57:20.000Z","volume":500,"label":"Y","price":8.18},{"type":"A","date":"2018-03-20T06:57:20.000Z","volume":1000,"label":" ","price":8.18},{"type":"A","date":"2018-03-20T06:57:20.000Z","volume":3000,"label":" ","price":8.18},{"type":"A","date":"2018-03-20T06:57:29.000Z","volume":500,"label":" ","price":8.18},{"type":"A","date":"2018-03-20T06:57:56.000Z","volume":500,"label":" ","price":8.18},{"type":"B","date":"2018-03-20T06:57:59.000Z","volume":2000,"label":" ","price":8.17},{"type":"B","date":"2018-03-20T06:58:18.000Z","volume":2000,"label":" ","price":8.17},{"type":"A","date":"2018-03-20T06:58:19.000Z","volume":1500,"label":"Y","price":8.18},{"type":"B","date":"2018-03-20T06:58:56.000Z","volume":2000,"label":" ","price":8.17},{"type":"A","date":"2018-03-20T06:58:57.000Z","volume":3500,"label":" ","price":8.18},{"type":"A","date":"2018-03-20T06:59:00.000Z","volume":1500,"label":"Y","price":8.18},{"type":"A","date":"2018-03-20T06:59:50.000Z","volume":500,"label":" ","price":8.18},{"type":"B","date":"2018-03-20T07:00:26.000Z","volume":2000,"label":" ","price":8.17},{"type":"B","date":"2018-03-20T07:00:27.000Z","volume":5500,"label":" ","price":8.17},{"type":"B","date":"2018-03-20T07:00:27.000Z","volume":2500,"label":" ","price":8.17},{"type":"A","date":"2018-03-20T07:00:28.000Z","volume":2000,"label":"Y","price":8.18},{"type":"A","date":"2018-03-20T07:00:29.000Z","volume":4500,"label":" ","price":8.18},{"type":"A","date":"2018-03-20T07:00:30.000Z","volume":2000,"label":" ","price":8.18},{"type":"A","date":"2018-03-20T07:00:33.000Z","volume":1500,"label":" ","price":8.18},{"type":"A","date":"2018-03-20T07:00:48.000Z","volume":1000,"label":" ","price":8.18},{"type":"B","date":"2018-03-20T07:01:35.000Z","volume":2500,"label":" ","price":8.17},{"type":"B","date":"2018-03-20T07:01:51.000Z","volume":2000,"label":" ","price":8.17},{"type":"A","date":"2018-03-20T07:01:53.000Z","volume":1500,"label":" ","price":8.18},{"type":"B","date":"2018-03-20T07:02:03.000Z","volume":500,"label":" ","price":8.17},{"type":"B","date":"2018-03-20T07:02:33.000Z","volume":1500,"label":" ","price":8.17},{"type":"B","date":"2018-03-20T07:03:17.000Z","volume":1500,"label":" ","price":8.17},{"type":"B","date":"2018-03-20T07:03:27.000Z","volume":2000,"label":" ","price":8.17},{"type":"A","date":"2018-03-20T07:03:31.000Z","volume":4000,"label":" ","price":8.18},{"type":"A","date":"2018-03-20T07:03:32.000Z","volume":2000,"label":" ","price":8.18},{"type":"A","date":"2018-03-20T07:03:34.000Z","volume":2000,"label":"Y","price":8.18},{"type":"A","date":"2018-03-20T07:03:34.000Z","volume":500,"label":" ","price":8.18},{"type":"B","date":"2018-03-20T07:04:13.000Z","volume":2500,"label":" ","price":8.17},{"type":"A","date":"2018-03-20T07:04:21.000Z","volume":5000,"label":" ","price":8.18},{"type":"A","date":"2018-03-20T07:04:23.000Z","volume":1500,"label":" ","price":8.18},{"type":"A","date":"2018-03-20T07:04:30.000Z","volume":1000,"label":" ","price":8.18},{"type":"B","date":"2018-03-20T07:04:33.000Z","volume":2500,"label":" ","price":8.17},{"type":"B","date":"2018-03-20T07:05:40.000Z","volume":2000,"label":" ","price":8.17},{"type":"A","date":"2018-03-20T07:05:43.000Z","volume":4500,"label":" ","price":8.18},{"type":"A","date":"2018-03-20T07:05:44.000Z","volume":2000,"label":" ","price":8.18},{"type":"B","date":"2018-03-20T07:05:44.000Z","volume":2500,"label":" ","price":8.17},{"type":"A","date":"2018-03-20T07:05:45.000Z","volume":3000,"label":" ","price":8.18},{"type":"B","date":"2018-03-20T07:06:41.000Z","volume":2000,"label":" ","price":8.17},{"type":"B","date":"2018-03-20T07:06:48.000Z","volume":500,"label":" ","price":8.17},{"type":"B","date":"2018-03-20T07:06:49.000Z","volume":2000,"label":" ","price":8.17},{"type":"B","date":"2018-03-20T07:07:13.000Z","volume":1500,"label":" ","price":8.17},{"type":"A","date":"2018-03-20T07:07:14.000Z","volume":1500,"label":" ","price":8.18},{"type":"A","date":"2018-03-20T07:08:01.000Z","volume":1000,"label":" ","price":8.18},{"type":"B","date":"2018-03-20T07:08:13.000Z","volume":40000,"label":" ","price":8.17},{"type":"B","date":"2018-03-20T07:08:14.000Z","volume":2000,"label":" ","price":8.17},{"type":"A","date":"2018-03-20T07:08:15.000Z","volume":22000,"label":" ","price":8.18},{"type":"A","date":"2018-03-20T07:08:16.000Z","volume":3000,"label":" ","price":8.18},{"type":"B","date":"2018-03-20T07:08:28.000Z","volume":1500,"label":" ","price":8.17},{"type":"B","date":"2018-03-20T07:08:29.000Z","volume":500,"label":" ","price":8.17},{"type":"B","date":"2018-03-20T07:09:24.000Z","volume":2000,"label":" ","price":8.17},{"type":"A","date":"2018-03-20T07:09:59.000Z","volume":1000,"label":"Y","price":8.18},{"type":"A","date":"2018-03-20T07:09:59.000Z","volume":500,"label":" ","price":8.18},{"type":"A","date":"2018-03-20T07:10:04.000Z","volume":500,"label":"Y","price":8.18},{"type":"A","date":"2018-03-20T07:10:28.000Z","volume":500,"label":" ","price":8.18},{"type":"B","date":"2018-03-20T07:10:33.000Z","volume":2000,"label":" ","price":8.17},{"type":"A","date":"2018-03-20T07:10:37.000Z","volume":500,"label":" ","price":8.18},{"type":"U","date":"2018-03-20T07:10:43.000Z","volume":1000,"label":"X","price":8.17},{"type":"U","date":"2018-03-20T07:10:43.000Z","volume":500,"label":"X","price":8.17},{"type":"B","date":"2018-03-20T07:10:44.000Z","volume":7500,"label":" ","price":8.17},{"type":"A","date":"2018-03-20T07:10:47.000Z","volume":2000,"label":" ","price":8.18},{"type":"A","date":"2018-03-20T07:11:11.000Z","volume":1000,"label":" ","price":8.18},{"type":"A","date":"2018-03-20T07:11:16.000Z","volume":500,"label":" ","price":8.18},{"type":"B","date":"2018-03-20T07:11:54.000Z","volume":3000,"label":" ","price":8.17},{"type":"B","date":"2018-03-20T07:11:57.000Z","volume":2000,"label":" ","price":8.17},{"type":"A","date":"2018-03-20T07:11:59.000Z","volume":500,"label":" ","price":8.18},{"type":"A","date":"2018-03-20T07:12:03.000Z","volume":500,"label":" ","price":8.18},{"type":"A","date":"2018-03-20T07:12:05.000Z","volume":7500,"label":" ","price":8.18},{"type":"A","date":"2018-03-20T07:12:08.000Z","volume":2000,"label":" ","price":8.18},{"type":"B","date":"2018-03-20T07:12:39.000Z","volume":500,"label":" ","price":8.17},{"type":"A","date":"2018-03-20T07:14:02.000Z","volume":2500,"label":" ","price":8.18},{"type":"A","date":"2018-03-20T07:14:05.000Z","volume":500,"label":" ","price":8.18},{"type":"A","date":"2018-03-20T07:14:12.000Z","volume":1000,"label":" ","price":8.18},{"type":"B","date":"2018-03-20T07:14:27.000Z","volume":2500,"label":" ","price":8.17},{"type":"B","date":"2018-03-20T07:15:18.000Z","volume":500,"label":" ","price":8.17},{"type":"A","date":"2018-03-20T07:15:22.000Z","volume":500,"label":" ","price":8.18},{"type":"B","date":"2018-03-20T07:15:27.000Z","volume":5000,"label":" ","price":8.17},{"type":"A","date":"2018-03-20T07:16:38.000Z","volume":1000,"label":" ","price":8.18},{"type":"A","date":"2018-03-20T07:17:12.000Z","volume":1000,"label":" ","price":8.18},{"type":"B","date":"2018-03-20T07:18:09.000Z","volume":3500,"label":" ","price":8.17},{"type":"A","date":"2018-03-20T07:18:11.000Z","volume":9000,"label":" ","price":8.18},{"type":"A","date":"2018-03-20T07:18:12.000Z","volume":3500,"label":" ","price":8.18},{"type":"B","date":"2018-03-20T07:19:12.000Z","volume":500,"label":" ","price":8.17},{"type":"B","date":"2018-03-20T07:19:16.000Z","volume":1500,"label":" ","price":8.17},{"type":"A","date":"2018-03-20T07:19:26.000Z","volume":2000,"label":" ","price":8.18},{"type":"A","date":"2018-03-20T07:19:28.000Z","volume":11000,"label":" ","price":8.18},{"type":"A","date":"2018-03-20T07:19:31.000Z","volume":1000,"label":"Y","price":8.18},{"type":"A","date":"2018-03-20T07:20:03.000Z","volume":1000,"label":" ","price":8.18},{"type":"A","date":"2018-03-20T07:20:19.000Z","volume":1000,"label":" ","price":8.18},{"type":"B","date":"2018-03-20T07:20:23.000Z","volume":500,"label":" ","price":8.17},{"type":"A","date":"2018-03-20T07:20:28.000Z","volume":3000,"label":" ","price":8.18},{"type":"A","date":"2018-03-20T07:20:33.000Z","volume":2000,"label":" ","price":8.18},{"type":"A","date":"2018-03-20T07:20:47.000Z","volume":10000,"label":" ","price":8.18},{"type":"A","date":"2018-03-20T07:20:48.000Z","volume":1500,"label":"Y","price":8.18},{"type":"A","date":"2018-03-20T07:20:48.000Z","volume":500,"label":" ","price":8.18},{"type":"A","date":"2018-03-20T07:20:50.000Z","volume":10500,"label":" ","price":8.18},{"type":"A","date":"2018-03-20T07:20:51.000Z","volume":4500,"label":" ","price":8.18},{"type":"B","date":"2018-03-20T07:20:53.000Z","volume":1000,"label":" ","price":8.17},{"type":"A","date":"2018-03-20T07:20:53.000Z","volume":2000,"label":"Y","price":8.18},{"type":"A","date":"2018-03-20T07:20:53.000Z","volume":1500,"label":" ","price":8.18},{"type":"B","date":"2018-03-20T07:20:57.000Z","volume":500,"label":" ","price":8.17},{"type":"A","date":"2018-03-20T07:21:37.000Z","volume":500,"label":" ","price":8.18},{"type":"B","date":"2018-03-20T07:22:04.000Z","volume":2000,"label":" ","price":8.17},{"type":"A","date":"2018-03-20T07:22:55.000Z","volume":1000,"label":" ","price":8.18},{"type":"B","date":"2018-03-20T07:22:57.000Z","volume":2000,"label":" ","price":8.17},{"type":"A","date":"2018-03-20T07:23:00.000Z","volume":1500,"label":"Y","price":8.18},{"type":"A","date":"2018-03-20T07:23:23.000Z","volume":2000,"label":" ","price":8.18},{"type":"B","date":"2018-03-20T07:23:40.000Z","volume":500,"label":" ","price":8.17},{"type":"A","date":"2018-03-20T07:24:02.000Z","volume":500,"label":" ","price":8.18},{"type":"A","date":"2018-03-20T07:24:05.000Z","volume":1500,"label":" ","price":8.18},{"type":"B","date":"2018-03-20T07:24:06.000Z","volume":4000,"label":" ","price":8.17},{"type":"A","date":"2018-03-20T07:24:09.000Z","volume":2000,"label":" ","price":8.18},{"type":"A","date":"2018-03-20T07:24:25.000Z","volume":500,"label":" ","price":8.18},{"type":"B","date":"2018-03-20T07:24:58.000Z","volume":500,"label":" ","price":8.17},{"type":"B","date":"2018-03-20T07:25:01.000Z","volume":2500,"label":" ","price":8.17},{"type":"A","date":"2018-03-20T07:25:06.000Z","volume":4000,"label":"Y","price":8.18},{"type":"A","date":"2018-03-20T07:25:06.000Z","volume":18500,"label":" ","price":8.18},{"type":"A","date":"2018-03-20T07:25:09.000Z","volume":13000,"label":" ","price":8.18},{"type":"A","date":"2018-03-20T07:25:10.000Z","volume":4000,"label":"Y","price":8.18},{"type":"A","date":"2018-03-20T07:25:10.000Z","volume":4500,"label":" ","price":8.18},{"type":"A","date":"2018-03-20T07:25:25.000Z","volume":1000,"label":" ","price":8.18},{"type":"A","date":"2018-03-20T07:25:26.000Z","volume":1500,"label":" ","price":8.18},{"type":"A","date":"2018-03-20T07:25:27.000Z","volume":2500,"label":" ","price":8.18},{"type":"A","date":"2018-03-20T07:25:34.000Z","volume":500,"label":" ","price":8.18},{"type":"A","date":"2018-03-20T07:25:36.000Z","volume":500,"label":" ","price":8.18},{"type":"A","date":"2018-03-20T07:25:45.000Z","volume":500,"label":" ","price":8.18},{"type":"A","date":"2018-03-20T07:25:47.000Z","volume":1500,"label":" ","price":8.18},{"type":"B","date":"2018-03-20T07:26:51.000Z","volume":2500,"label":" ","price":8.17},{"type":"A","date":"2018-03-20T07:27:05.000Z","volume":500,"label":" ","price":8.18},{"type":"B","date":"2018-03-20T07:27:24.000Z","volume":4000,"label":" ","price":8.17},{"type":"A","date":"2018-03-20T07:27:25.000Z","volume":1500,"label":"Y","price":8.18},{"type":"A","date":"2018-03-20T07:27:31.000Z","volume":2000,"label":" ","price":8.18},{"type":"A","date":"2018-03-20T07:27:31.000Z","volume":15500,"label":" ","price":8.18},{"type":"A","date":"2018-03-20T07:27:32.000Z","volume":3500,"label":"Y","price":8.18},{"type":"A","date":"2018-03-20T07:27:35.000Z","volume":16000,"label":" ","price":8.18},{"type":"A","date":"2018-03-20T07:27:36.000Z","volume":3500,"label":" ","price":8.18},{"type":"A","date":"2018-03-20T07:27:37.000Z","volume":8000,"label":" ","price":8.18},{"type":"A","date":"2018-03-20T07:27:39.000Z","volume":2000,"label":" ","price":8.18},{"type":"A","date":"2018-03-20T07:28:25.000Z","volume":500,"label":" ","price":8.18},{"type":"A","date":"2018-03-20T07:29:21.000Z","volume":2000,"label":" ","price":8.18},{"type":"A","date":"2018-03-20T07:29:36.000Z","volume":500,"label":" ","price":8.18},{"type":"A","date":"2018-03-20T07:29:37.000Z","volume":3500,"label":"Y","price":8.18},{"type":"A","date":"2018-03-20T07:29:37.000Z","volume":10500,"label":" ","price":8.18},{"type":"A","date":"2018-03-20T07:29:41.000Z","volume":3500,"label":" ","price":8.18},{"type":"A","date":"2018-03-20T07:30:18.000Z","volume":1000,"label":" ","price":8.18},{"type":"A","date":"2018-03-20T07:30:19.000Z","volume":7000,"label":" ","price":8.18},{"type":"A","date":"2018-03-20T07:30:20.000Z","volume":2000,"label":" ","price":8.18},{"type":"A","date":"2018-03-20T07:30:28.000Z","volume":1000,"label":" ","price":8.18},{"type":"A","date":"2018-03-20T07:30:46.000Z","volume":500,"label":" ","price":8.18},{"type":"A","date":"2018-03-20T07:30:48.000Z","volume":500,"label":" ","price":8.18},{"type":"B","date":"2018-03-20T07:30:57.000Z","volume":500,"label":" ","price":8.17},{"type":"B","date":"2018-03-20T07:31:44.000Z","volume":5000,"label":" ","price":8.17},{"type":"A","date":"2018-03-20T07:32:06.000Z","volume":500,"label":" ","price":8.18},{"type":"A","date":"2018-03-20T07:32:20.000Z","volume":1500,"label":" ","price":8.18},{"type":"A","date":"2018-03-20T07:32:22.000Z","volume":13000,"label":" ","price":8.18},{"type":"A","date":"2018-03-20T07:32:24.000Z","volume":2500,"label":" ","price":8.18},{"type":"A","date":"2018-03-20T07:32:25.000Z","volume":16500,"label":" ","price":8.18},{"type":"A","date":"2018-03-20T07:32:28.000Z","volume":3500,"label":" ","price":8.18},{"type":"B","date":"2018-03-20T07:32:48.000Z","volume":4000,"label":" ","price":8.17},{"type":"B","date":"2018-03-20T07:32:49.000Z","volume":500,"label":" ","price":8.17},{"type":"A","date":"2018-03-20T07:33:15.000Z","volume":17500,"label":" ","price":8.18},{"type":"A","date":"2018-03-20T07:33:16.000Z","volume":500,"label":" ","price":8.18},{"type":"B","date":"2018-03-20T07:34:11.000Z","volume":2500,"label":" ","price":8.17},{"type":"A","date":"2018-03-20T07:34:13.000Z","volume":500,"label":" ","price":8.18},{"type":"A","date":"2018-03-20T07:34:19.000Z","volume":2500,"label":" ","price":8.18},{"type":"B","date":"2018-03-20T07:34:21.000Z","volume":500,"label":" ","price":8.17},{"type":"A","date":"2018-03-20T07:34:21.000Z","volume":1500,"label":" ","price":8.18},{"type":"A","date":"2018-03-20T07:34:26.000Z","volume":500,"label":" ","price":8.18},{"type":"B","date":"2018-03-20T07:34:35.000Z","volume":5000,"label":" ","price":8.17},{"type":"A","date":"2018-03-20T07:34:36.000Z","volume":17000,"label":" ","price":8.18},{"type":"B","date":"2018-03-20T07:34:36.000Z","volume":1500,"label":"Y","price":8.17},{"type":"A","date":"2018-03-20T07:34:37.000Z","volume":24000,"label":" ","price":8.18},{"type":"A","date":"2018-03-20T07:34:38.000Z","volume":10500,"label":" ","price":8.18},{"type":"A","date":"2018-03-20T07:34:39.000Z","volume":5000,"label":" ","price":8.18},{"type":"A","date":"2018-03-20T07:35:15.000Z","volume":4500,"label":"Y","price":8.18},{"type":"A","date":"2018-03-20T07:35:15.000Z","volume":13000,"label":" ","price":8.18},{"type":"A","date":"2018-03-20T07:35:15.000Z","volume":4000,"label":" ","price":8.18},{"type":"A","date":"2018-03-20T07:35:17.000Z","volume":4500,"label":" ","price":8.18},{"type":"B","date":"2018-03-20T07:35:21.000Z","volume":500,"label":"Y","price":8.17},{"type":"A","date":"2018-03-20T07:35:22.000Z","volume":6500,"label":" ","price":8.18},{"type":"A","date":"2018-03-20T07:35:25.000Z","volume":500,"label":" ","price":8.18},{"type":"A","date":"2018-03-20T07:35:26.000Z","volume":1500,"label":" ","price":8.18},{"type":"A","date":"2018-03-20T07:35:34.000Z","volume":1000,"label":" ","price":8.18},{"type":"A","date":"2018-03-20T07:35:37.000Z","volume":500,"label":" ","price":8.18},{"type":"A","date":"2018-03-20T07:36:37.000Z","volume":500,"label":" ","price":8.18},{"type":"A","date":"2018-03-20T07:36:43.000Z","volume":4000,"label":" ","price":8.18},{"type":"A","date":"2018-03-20T07:36:46.000Z","volume":1500,"label":"Y","price":8.18},{"type":"B","date":"2018-03-20T07:36:58.000Z","volume":500,"label":" ","price":8.17},{"type":"A","date":"2018-03-20T07:37:15.000Z","volume":18000,"label":" ","price":8.18},{"type":"A","date":"2018-03-20T07:37:16.000Z","volume":4000,"label":" ","price":8.18},{"type":"A","date":"2018-03-20T07:37:22.000Z","volume":6000,"label":"Y","price":8.18},{"type":"A","date":"2018-03-20T07:37:22.000Z","volume":6500,"label":" ","price":8.18},{"type":"A","date":"2018-03-20T07:37:23.000Z","volume":3000,"label":" ","price":8.18},{"type":"A","date":"2018-03-20T07:37:24.000Z","volume":21000,"label":" ","price":8.18},{"type":"A","date":"2018-03-20T07:37:25.000Z","volume":9000,"label":" ","price":8.18},{"type":"A","date":"2018-03-20T07:37:27.000Z","volume":6500,"label":" ","price":8.18},{"type":"A","date":"2018-03-20T07:37:47.000Z","volume":500,"label":" ","price":8.18},{"type":"A","date":"2018-03-20T07:38:47.000Z","volume":500,"label":" ","price":8.18},{"type":"A","date":"2018-03-20T07:39:15.000Z","volume":17500,"label":" ","price":8.18},{"type":"A","date":"2018-03-20T07:39:17.000Z","volume":2500,"label":"Y","price":8.18},{"type":"A","date":"2018-03-20T07:39:17.000Z","volume":1500,"label":" ","price":8.18},{"type":"A","date":"2018-03-20T07:39:18.000Z","volume":2500,"label":" ","price":8.18},{"type":"A","date":"2018-03-20T07:39:31.000Z","volume":4000,"label":" ","price":8.18},{"type":"A","date":"2018-03-20T07:39:34.000Z","volume":1500,"label":" ","price":8.18},{"type":"A","date":"2018-03-20T07:39:57.000Z","volume":500,"label":" ","price":8.18},{"type":"A","date":"2018-03-20T07:40:22.000Z","volume":500,"label":" ","price":8.18},{"type":"A","date":"2018-03-20T07:40:24.000Z","volume":1500,"label":"Y","price":8.18},{"type":"A","date":"2018-03-20T07:40:24.000Z","volume":6000,"label":" ","price":8.18},{"type":"A","date":"2018-03-20T07:40:25.000Z","volume":2000,"label":"Y","price":8.18},{"type":"A","date":"2018-03-20T07:40:25.000Z","volume":9500,"label":" ","price":8.18},{"type":"A","date":"2018-03-20T07:40:27.000Z","volume":4500,"label":" ","price":8.18},{"type":"A","date":"2018-03-20T07:40:29.000Z","volume":4000,"label":"Y","price":8.18},{"type":"A","date":"2018-03-20T07:40:29.000Z","volume":3000,"label":" ","price":8.18},{"type":"A","date":"2018-03-20T07:40:31.000Z","volume":1500,"label":"Y","price":8.18},{"type":"A","date":"2018-03-20T07:40:58.000Z","volume":500,"label":" ","price":8.18},{"type":"A","date":"2018-03-20T07:41:15.000Z","volume":18000,"label":" ","price":8.18},{"type":"A","date":"2018-03-20T07:41:18.000Z","volume":4000,"label":" ","price":8.18},{"type":"A","date":"2018-03-20T07:41:19.000Z","volume":25500,"label":" ","price":8.18},{"type":"A","date":"2018-03-20T07:41:20.000Z","volume":11000,"label":" ","price":8.18},{"type":"A","date":"2018-03-20T07:41:20.000Z","volume":3000,"label":"Y","price":8.18},{"type":"A","date":"2018-03-20T07:41:20.000Z","volume":8000,"label":" ","price":8.18},{"type":"A","date":"2018-03-20T07:41:20.000Z","volume":8000,"label":" ","price":8.18},{"type":"A","date":"2018-03-20T07:41:22.000Z","volume":2500,"label":" ","price":8.18},{"type":"A","date":"2018-03-20T07:41:48.000Z","volume":500,"label":" ","price":8.18},{"type":"A","date":"2018-03-20T07:41:50.000Z","volume":500,"label":" ","price":8.18},{"type":"A","date":"2018-03-20T07:42:50.000Z","volume":500,"label":" ","price":8.18},{"type":"A","date":"2018-03-20T07:43:07.000Z","volume":500,"label":" ","price":8.18},{"type":"A","date":"2018-03-20T07:43:15.000Z","volume":17500,"label":" ","price":8.18},{"type":"A","date":"2018-03-20T07:43:18.000Z","volume":4000,"label":" ","price":8.18},{"type":"B","date":"2018-03-20T07:43:19.000Z","volume":500,"label":" ","price":8.17},{"type":"B","date":"2018-03-20T07:43:38.000Z","volume":500,"label":" ","price":8.17},{"type":"A","date":"2018-03-20T07:43:41.000Z","volume":500,"label":" ","price":8.18},{"type":"A","date":"2018-03-20T07:43:52.000Z","volume":12500,"label":" ","price":8.18},{"type":"A","date":"2018-03-20T07:43:54.000Z","volume":3000,"label":" ","price":8.18},{"type":"A","date":"2018-03-20T07:44:29.000Z","volume":500,"label":" ","price":8.18},{"type":"A","date":"2018-03-20T07:44:41.000Z","volume":500,"label":" ","price":8.18},{"type":"A","date":"2018-03-20T07:45:04.000Z","volume":500,"label":" ","price":8.18},{"type":"A","date":"2018-03-20T07:45:15.000Z","volume":18000,"label":" ","price":8.18},{"type":"A","date":"2018-03-20T07:45:18.000Z","volume":4500,"label":" ","price":8.18},{"type":"A","date":"2018-03-20T07:45:23.000Z","volume":5500,"label":"Y","price":8.18},{"type":"A","date":"2018-03-20T07:45:23.000Z","volume":4000,"label":" ","price":8.18},{"type":"A","date":"2018-03-20T07:45:23.000Z","volume":1000,"label":" ","price":8.18},{"type":"A","date":"2018-03-20T07:45:23.000Z","volume":1500,"label":" ","price":8.18},{"type":"A","date":"2018-03-20T07:45:25.000Z","volume":2500,"label":" ","price":8.18},{"type":"A","date":"2018-03-20T07:45:26.000Z","volume":18000,"label":" ","price":8.18},{"type":"A","date":"2018-03-20T07:45:26.000Z","volume":500,"label":" ","price":8.18},{"type":"A","date":"2018-03-20T07:45:27.000Z","volume":18500,"label":" ","price":8.18},{"type":"A","date":"2018-03-20T07:45:27.000Z","volume":2000,"label":" ","price":8.18},{"type":"A","date":"2018-03-20T07:45:28.000Z","volume":6000,"label":" ","price":8.18},{"type":"A","date":"2018-03-20T07:45:31.000Z","volume":500,"label":" ","price":8.18},{"type":"A","date":"2018-03-20T07:46:21.000Z","volume":500,"label":" ","price":8.18},{"type":"A","date":"2018-03-20T07:47:08.000Z","volume":3000,"label":" ","price":8.18},{"type":"A","date":"2018-03-20T07:47:09.000Z","volume":1000,"label":"Y","price":8.18},{"type":"A","date":"2018-03-20T07:47:11.000Z","volume":500,"label":" ","price":8.18},{"type":"A","date":"2018-03-20T07:47:12.000Z","volume":1500,"label":"Y","price":8.18},{"type":"A","date":"2018-03-20T07:47:12.000Z","volume":15000,"label":" ","price":8.18},{"type":"A","date":"2018-03-20T07:47:13.000Z","volume":4000,"label":" ","price":8.18},{"type":"A","date":"2018-03-20T07:47:15.000Z","volume":12000,"label":" ","price":8.18},{"type":"A","date":"2018-03-20T07:47:15.000Z","volume":5500,"label":" ","price":8.18},{"type":"A","date":"2018-03-20T07:47:16.000Z","volume":3500,"label":" ","price":8.18},{"type":"A","date":"2018-03-20T07:47:20.000Z","volume":500,"label":" ","price":8.18},{"type":"A","date":"2018-03-20T07:47:20.000Z","volume":1500,"label":" ","price":8.18},{"type":"B","date":"2018-03-20T07:47:53.000Z","volume":500,"label":" ","price":8.17},{"type":"A","date":"2018-03-20T07:48:01.000Z","volume":500,"label":" ","price":8.18},{"type":"A","date":"2018-03-20T07:48:03.000Z","volume":1000,"label":" ","price":8.18},{"type":"A","date":"2018-03-20T07:48:51.000Z","volume":500,"label":" ","price":8.18},{"type":"A","date":"2018-03-20T07:49:03.000Z","volume":6000,"label":"Y","price":8.18},{"type":"A","date":"2018-03-20T07:49:03.000Z","volume":13000,"label":" ","price":8.18},{"type":"A","date":"2018-03-20T07:49:03.000Z","volume":500,"label":" ","price":8.18},{"type":"A","date":"2018-03-20T07:49:03.000Z","volume":4000,"label":" ","price":8.18},{"type":"A","date":"2018-03-20T07:49:09.000Z","volume":1500,"label":" ","price":8.18},{"type":"A","date":"2018-03-20T07:49:23.000Z","volume":500,"label":" ","price":8.18},{"type":"A","date":"2018-03-20T07:49:30.000Z","volume":5500,"label":" ","price":8.18},{"type":"B","date":"2018-03-20T07:49:30.000Z","volume":12500,"label":" ","price":8.18},{"type":"A","date":"2018-03-20T07:49:30.000Z","volume":2000,"label":" ","price":8.19},{"type":"A","date":"2018-03-20T07:49:31.000Z","volume":2500,"label":" ","price":8.19},{"type":"A","date":"2018-03-20T07:49:42.000Z","volume":500,"label":" ","price":8.19},{"type":"B","date":"2018-03-20T07:49:43.000Z","volume":5000,"label":" ","price":8.18},{"type":"B","date":"2018-03-20T07:49:43.000Z","volume":18000,"label":" ","price":8.18},{"type":"A","date":"2018-03-20T07:49:45.000Z","volume":5000,"label":" ","price":8.19},{"type":"B","date":"2018-03-20T07:50:01.000Z","volume":109500,"label":" ","price":8.17},{"type":"A","date":"2018-03-20T07:50:03.000Z","volume":3000,"label":" ","price":8.19},{"type":"B","date":"2018-03-20T07:50:07.000Z","volume":10000,"label":" ","price":8.18},{"type":"A","date":"2018-03-20T07:50:09.000Z","volume":2000,"label":" ","price":8.19},{"type":"B","date":"2018-03-20T07:50:10.000Z","volume":500,"label":" ","price":8.17},{"type":"B","date":"2018-03-20T07:50:27.000Z","volume":13000,"label":" ","price":8.18},{"type":"B","date":"2018-03-20T07:50:27.000Z","volume":1500,"label":" ","price":8.18},{"type":"A","date":"2018-03-20T07:50:28.000Z","volume":3500,"label":" ","price":8.19},{"type":"B","date":"2018-03-20T07:50:33.000Z","volume":10000,"label":" ","price":8.18},{"type":"B","date":"2018-03-20T07:50:33.000Z","volume":5500,"label":" ","price":8.18},{"type":"A","date":"2018-03-20T07:50:33.000Z","volume":2000,"label":" ","price":8.19},{"type":"A","date":"2018-03-20T07:50:34.000Z","volume":1500,"label":" ","price":8.19},{"type":"B","date":"2018-03-20T07:50:38.000Z","volume":500,"label":" ","price":8.18},{"type":"B","date":"2018-03-20T07:51:01.000Z","volume":11500,"label":" ","price":8.18},{"type":"A","date":"2018-03-20T07:51:03.000Z","volume":2500,"label":" ","price":8.19},{"type":"A","date":"2018-03-20T07:51:52.000Z","volume":500,"label":" ","price":8.19},{"type":"A","date":"2018-03-20T07:52:32.000Z","volume":500,"label":" ","price":8.19},{"type":"B","date":"2018-03-20T07:52:51.000Z","volume":500,"label":" ","price":8.18},{"type":"A","date":"2018-03-20T07:53:13.000Z","volume":500,"label":" ","price":8.19},{"type":"A","date":"2018-03-20T07:54:03.000Z","volume":500,"label":" ","price":8.19},{"type":"A","date":"2018-03-20T07:54:12.000Z","volume":1000,"label":" ","price":8.19},{"type":"B","date":"2018-03-20T07:54:20.000Z","volume":2500,"label":" ","price":8.18},{"type":"A","date":"2018-03-20T07:54:20.000Z","volume":1500,"label":" ","price":8.19},{"type":"A","date":"2018-03-20T07:54:43.000Z","volume":500,"label":" ","price":8.19},{"type":"B","date":"2018-03-20T07:55:01.000Z","volume":500,"label":" ","price":8.18},{"type":"B","date":"2018-03-20T07:55:23.000Z","volume":1000,"label":" ","price":8.18},{"type":"B","date":"2018-03-20T07:55:23.000Z","volume":500,"label":" ","price":8.18},{"type":"A","date":"2018-03-20T07:55:24.000Z","volume":500,"label":" ","price":8.19},{"type":"A","date":"2018-03-20T07:55:26.000Z","volume":11500,"label":" ","price":8.19},{"type":"B","date":"2018-03-20T07:55:27.000Z","volume":2500,"label":" ","price":8.18},{"type":"A","date":"2018-03-20T07:55:29.000Z","volume":3500,"label":" ","price":8.19},{"type":"B","date":"2018-03-20T07:55:37.000Z","volume":1500,"label":" ","price":8.18},{"type":"B","date":"2018-03-20T07:55:48.000Z","volume":1500,"label":" ","price":8.18},{"type":"A","date":"2018-03-20T07:55:54.000Z","volume":500,"label":" ","price":8.19},{"type":"A","date":"2018-03-20T07:55:56.000Z","volume":1000,"label":" ","price":8.19},{"type":"B","date":"2018-03-20T07:55:57.000Z","volume":1500,"label":" ","price":8.18},{"type":"B","date":"2018-03-20T07:55:59.000Z","volume":1500,"label":" ","price":8.18},{"type":"B","date":"2018-03-20T07:56:01.000Z","volume":5500,"label":"Y","price":8.18},{"type":"A","date":"2018-03-20T07:56:03.000Z","volume":1500,"label":" ","price":8.19},{"type":"B","date":"2018-03-20T07:56:09.000Z","volume":1500,"label":" ","price":8.18},{"type":"B","date":"2018-03-20T07:56:20.000Z","volume":1500,"label":" ","price":8.18},{"type":"B","date":"2018-03-20T07:56:21.000Z","volume":500,"label":" ","price":8.18},{"type":"A","date":"2018-03-20T07:56:22.000Z","volume":1000,"label":" ","price":8.19},{"type":"B","date":"2018-03-20T07:56:32.000Z","volume":1500,"label":" ","price":8.18},{"type":"B","date":"2018-03-20T07:56:45.000Z","volume":2000,"label":" ","price":8.18},{"type":"B","date":"2018-03-20T07:56:45.000Z","volume":2000,"label":" ","price":8.18},{"type":"A","date":"2018-03-20T07:56:48.000Z","volume":1000,"label":" ","price":8.19},{"type":"B","date":"2018-03-20T07:56:56.000Z","volume":1500,"label":" ","price":8.18},{"type":"A","date":"2018-03-20T07:57:14.000Z","volume":500,"label":" ","price":8.19},{"type":"B","date":"2018-03-20T07:57:23.000Z","volume":500,"label":" ","price":8.18},{"type":"B","date":"2018-03-20T07:57:23.000Z","volume":500,"label":" ","price":8.18},{"type":"A","date":"2018-03-20T07:57:24.000Z","volume":1000,"label":" ","price":8.19},{"type":"B","date":"2018-03-20T07:57:24.000Z","volume":500,"label":" ","price":8.18},{"type":"B","date":"2018-03-20T07:57:29.000Z","volume":1000,"label":" ","price":8.18},{"type":"B","date":"2018-03-20T07:57:49.000Z","volume":6500,"label":" ","price":8.18},{"type":"B","date":"2018-03-20T07:57:50.000Z","volume":3500,"label":" ","price":8.18},{"type":"B","date":"2018-03-20T07:57:50.000Z","volume":1000,"label":" ","price":8.18},{"type":"B","date":"2018-03-20T07:57:51.000Z","volume":500,"label":" ","price":8.18},{"type":"A","date":"2018-03-20T07:57:52.000Z","volume":2500,"label":" ","price":8.19},{"type":"B","date":"2018-03-20T07:57:53.000Z","volume":1000,"label":" ","price":8.18},{"type":"A","date":"2018-03-20T07:57:56.000Z","volume":500,"label":" ","price":8.19},{"type":"B","date":"2018-03-20T07:57:56.000Z","volume":500,"label":" ","price":8.18},{"type":"B","date":"2018-03-20T07:58:29.000Z","volume":1500,"label":" ","price":8.18},{"type":"B","date":"2018-03-20T07:58:30.000Z","volume":500,"label":" ","price":8.18},{"type":"A","date":"2018-03-20T07:58:33.000Z","volume":1000,"label":" ","price":8.19},{"type":"B","date":"2018-03-20T07:58:34.000Z","volume":500,"label":" ","price":8.18},{"type":"A","date":"2018-03-20T07:58:36.000Z","volume":500,"label":" ","price":8.19},{"type":"B","date":"2018-03-20T07:58:36.000Z","volume":500,"label":" ","price":8.18},{"type":"B","date":"2018-03-20T07:58:44.000Z","volume":2500,"label":" ","price":8.18},{"type":"B","date":"2018-03-20T07:58:44.000Z","volume":1000,"label":" ","price":8.18},{"type":"B","date":"2018-03-20T07:58:44.000Z","volume":1500,"label":" ","price":8.18},{"type":"A","date":"2018-03-20T07:58:46.000Z","volume":1500,"label":" ","price":8.19},{"type":"B","date":"2018-03-20T07:58:46.000Z","volume":1000,"label":" ","price":8.18},{"type":"A","date":"2018-03-20T07:59:00.000Z","volume":3500,"label":" ","price":8.19},{"type":"B","date":"2018-03-20T07:59:00.000Z","volume":1500,"label":" ","price":8.18},{"type":"B","date":"2018-03-20T07:59:01.000Z","volume":3500,"label":" ","price":8.18},{"type":"B","date":"2018-03-20T07:59:01.000Z","volume":1000,"label":" ","price":8.18},{"type":"B","date":"2018-03-20T07:59:01.000Z","volume":2500,"label":" ","price":8.18},{"type":"B","date":"2018-03-20T07:59:02.000Z","volume":3500,"label":" ","price":8.18},{"type":"A","date":"2018-03-20T07:59:03.000Z","volume":2500,"label":" ","price":8.19},{"type":"B","date":"2018-03-20T07:59:04.000Z","volume":1500,"label":" ","price":8.18},{"type":"A","date":"2018-03-20T07:59:05.000Z","volume":500,"label":" ","price":8.19},{"type":"B","date":"2018-03-20T07:59:09.000Z","volume":500,"label":" ","price":8.18},{"type":"B","date":"2018-03-20T07:59:10.000Z","volume":500,"label":" ","price":8.18},{"type":"A","date":"2018-03-20T07:59:16.000Z","volume":500,"label":" ","price":8.19},{"type":"B","date":"2018-03-20T07:59:17.000Z","volume":500,"label":" ","price":8.18},{"type":"B","date":"2018-03-20T07:59:25.000Z","volume":5000,"label":" ","price":8.18},{"type":"B","date":"2018-03-20T07:59:25.000Z","volume":1000,"label":" ","price":8.18},{"type":"B","date":"2018-03-20T07:59:25.000Z","volume":3000,"label":" ","price":8.18},{"type":"B","date":"2018-03-20T07:59:26.000Z","volume":3000,"label":" ","price":8.18},{"type":"B","date":"2018-03-20T07:59:26.000Z","volume":1500,"label":" ","price":8.18},{"type":"A","date":"2018-03-20T07:59:30.000Z","volume":1500,"label":" ","price":8.19},{"type":"A","date":"2018-03-20T07:59:30.000Z","volume":11500,"label":" ","price":8.19},{"type":"B","date":"2018-03-20T07:59:31.000Z","volume":1000,"label":" ","price":8.18},{"type":"B","date":"2018-03-20T07:59:31.000Z","volume":7000,"label":" ","price":8.18},{"type":"B","date":"2018-03-20T07:59:32.000Z","volume":1000,"label":" ","price":8.18},{"type":"B","date":"2018-03-20T07:59:32.000Z","volume":500,"label":" ","price":8.18},{"type":"B","date":"2018-03-20T07:59:32.000Z","volume":500,"label":" ","price":8.18},{"type":"B","date":"2018-03-20T07:59:38.000Z","volume":1000,"label":" ","price":8.18},{"type":"B","date":"2018-03-20T07:59:41.000Z","volume":1000,"label":" ","price":8.18},{"type":"A","date":"2018-03-20T07:59:43.000Z","volume":2000,"label":" ","price":8.19},{"type":"B","date":"2018-03-20T07:59:43.000Z","volume":1000,"label":" ","price":8.18},{"type":"B","date":"2018-03-20T07:59:45.000Z","volume":500,"label":" ","price":8.18},{"type":"A","date":"2018-03-20T07:59:47.000Z","volume":14000,"label":"Y","price":8.19},{"type":"B","date":"2018-03-20T07:59:47.000Z","volume":500,"label":" ","price":8.18},{"type":"B","date":"2018-03-20T07:59:47.000Z","volume":1500,"label":" ","price":8.18},{"type":"A","date":"2018-03-20T07:59:48.000Z","volume":500,"label":" ","price":8.19},{"type":"B","date":"2018-03-20T07:59:50.000Z","volume":500,"label":" ","price":8.18},{"type":"B","date":"2018-03-20T07:59:52.000Z","volume":500,"label":" ","price":8.18},{"type":"A","date":"2018-03-20T07:59:53.000Z","volume":2000,"label":" ","price":8.19},{"type":"B","date":"2018-03-20T07:59:53.000Z","volume":2500,"label":" ","price":8.18},{"type":"A","date":"2018-03-20T07:59:54.000Z","volume":1500,"label":" ","price":8.19},{"type":"A","date":"2018-03-20T07:59:54.000Z","volume":500,"label":" ","price":8.19},{"type":"B","date":"2018-03-20T07:59:55.000Z","volume":1500,"label":" ","price":8.18},{"type":"A","date":"2018-03-20T07:59:57.000Z","volume":500,"label":" ","price":8.19},{"type":"B","date":"2018-03-20T07:59:57.000Z","volume":1000,"label":" ","price":8.18},{"type":"A","date":"2018-03-20T07:59:58.000Z","volume":500,"label":" ","price":8.19},{"type":"U","date":"2018-03-20T08:08:31.000Z","volume":1170500,"label":"U","price":8.2}]