[{"type":"U","date":"2018-04-10T01:05:00.000Z","volume":140400,"label":"P","price":27.407},{"type":"U","date":"2018-04-10T01:20:00.000Z","volume":52800,"label":"U","price":26.95},{"type":"A","date":"2018-04-10T01:30:00.000Z","volume":400,"label":" ","price":26.95},{"type":"A","date":"2018-04-10T01:30:00.000Z","volume":800,"label":" ","price":26.95},{"type":"A","date":"2018-04-10T01:30:00.000Z","volume":4400,"label":" ","price":27},{"type":"A","date":"2018-04-10T01:30:00.000Z","volume":14800,"label":" ","price":27.1},{"type":"B","date":"2018-04-10T01:30:01.000Z","volume":400,"label":" ","price":26.95},{"type":"A","date":"2018-04-10T01:30:03.000Z","volume":800,"label":" ","price":26.95},{"type":"A","date":"2018-04-10T01:30:03.000Z","volume":13600,"label":" ","price":26.95},{"type":"A","date":"2018-04-10T01:30:03.000Z","volume":4400,"label":" ","price":26.95},{"type":"B","date":"2018-04-10T01:30:04.000Z","volume":1600,"label":" ","price":26.95},{"type":"B","date":"2018-04-10T01:30:05.000Z","volume":8000,"label":" ","price":26.95},{"type":"B","date":"2018-04-10T01:30:05.000Z","volume":800,"label":" ","price":26.95},{"type":"B","date":"2018-04-10T01:30:07.000Z","volume":4000,"label":" ","price":26.95},{"type":"A","date":"2018-04-10T01:30:07.000Z","volume":3600,"label":" ","price":27},{"type":"A","date":"2018-04-10T01:30:07.000Z","volume":400,"label":" ","price":27},{"type":"B","date":"2018-04-10T01:30:07.000Z","volume":400,"label":" ","price":26.95},{"type":"A","date":"2018-04-10T01:30:08.000Z","volume":2000,"label":" ","price":27},{"type":"B","date":"2018-04-10T01:30:08.000Z","volume":400,"label":" ","price":26.95},{"type":"A","date":"2018-04-10T01:30:08.000Z","volume":2800,"label":" ","price":27},{"type":"B","date":"2018-04-10T01:30:09.000Z","volume":1600,"label":" ","price":26.95},{"type":"A","date":"2018-04-10T01:30:18.000Z","volume":4000,"label":" ","price":27.05},{"type":"A","date":"2018-04-10T01:30:18.000Z","volume":400,"label":" ","price":27.05},{"type":"A","date":"2018-04-10T01:30:34.000Z","volume":2000,"label":" ","price":27.05},{"type":"B","date":"2018-04-10T01:30:35.000Z","volume":400,"label":" ","price":27},{"type":"A","date":"2018-04-10T01:30:35.000Z","volume":800,"label":" ","price":27.05},{"type":"A","date":"2018-04-10T01:30:35.000Z","volume":8800,"label":" ","price":27.05},{"type":"A","date":"2018-04-10T01:30:35.000Z","volume":5600,"label":" ","price":27.1},{"type":"U","date":"2018-04-10T01:30:35.000Z","volume":400,"label":" ","price":27.1},{"type":"B","date":"2018-04-10T01:30:37.000Z","volume":400,"label":" ","price":27.05},{"type":"U","date":"2018-04-10T01:30:42.000Z","volume":150000,"label":"X","price":26.95},{"type":"B","date":"2018-04-10T01:30:57.000Z","volume":400,"label":" ","price":27.05},{"type":"A","date":"2018-04-10T01:31:02.000Z","volume":4400,"label":" ","price":27.15},{"type":"B","date":"2018-04-10T01:31:03.000Z","volume":400,"label":" ","price":27.05},{"type":"A","date":"2018-04-10T01:31:23.000Z","volume":20000,"label":" ","price":27.2},{"type":"A","date":"2018-04-10T01:31:23.000Z","volume":400,"label":" ","price":27.2},{"type":"B","date":"2018-04-10T01:31:24.000Z","volume":5200,"label":" ","price":27.05},{"type":"B","date":"2018-04-10T01:31:25.000Z","volume":4800,"label":" ","price":27.05},{"type":"A","date":"2018-04-10T01:31:35.000Z","volume":1600,"label":" ","price":27.2},{"type":"U","date":"2018-04-10T01:31:35.000Z","volume":800,"label":"X","price":27.125},{"type":"U","date":"2018-04-10T01:31:35.000Z","volume":400,"label":"X","price":27.125},{"type":"A","date":"2018-04-10T01:31:38.000Z","volume":400,"label":" ","price":27.2},{"type":"A","date":"2018-04-10T01:31:40.000Z","volume":400,"label":" ","price":27.2},{"type":"B","date":"2018-04-10T01:31:42.000Z","volume":400,"label":"Y","price":27.15},{"type":"A","date":"2018-04-10T01:31:47.000Z","volume":800,"label":"Y","price":27.2},{"type":"A","date":"2018-04-10T01:31:49.000Z","volume":400,"label":" ","price":27.2},{"type":"A","date":"2018-04-10T01:31:49.000Z","volume":1200,"label":" ","price":27.2},{"type":"A","date":"2018-04-10T01:31:50.000Z","volume":400,"label":" ","price":27.2},{"type":"A","date":"2018-04-10T01:31:50.000Z","volume":400,"label":" ","price":27.2},{"type":"A","date":"2018-04-10T01:31:53.000Z","volume":400,"label":" ","price":27.2},{"type":"A","date":"2018-04-10T01:31:55.000Z","volume":8000,"label":" ","price":27.2},{"type":"A","date":"2018-04-10T01:31:55.000Z","volume":400,"label":" ","price":27.2},{"type":"A","date":"2018-04-10T01:31:55.000Z","volume":400,"label":" ","price":27.2},{"type":"A","date":"2018-04-10T01:31:55.000Z","volume":2400,"label":" ","price":27.2},{"type":"B","date":"2018-04-10T01:31:56.000Z","volume":400,"label":" ","price":27.2},{"type":"B","date":"2018-04-10T01:31:58.000Z","volume":800,"label":" ","price":27.2},{"type":"B","date":"2018-04-10T01:31:58.000Z","volume":2000,"label":" ","price":27.2},{"type":"B","date":"2018-04-10T01:32:00.000Z","volume":800,"label":" ","price":27.2},{"type":"B","date":"2018-04-10T01:32:03.000Z","volume":400,"label":" ","price":27.2},{"type":"A","date":"2018-04-10T01:32:05.000Z","volume":9200,"label":" ","price":27.25},{"type":"B","date":"2018-04-10T01:32:06.000Z","volume":1600,"label":" ","price":27.2},{"type":"B","date":"2018-04-10T01:32:08.000Z","volume":1200,"label":" ","price":27.2},{"type":"B","date":"2018-04-10T01:32:10.000Z","volume":400,"label":" ","price":27.2},{"type":"A","date":"2018-04-10T01:32:23.000Z","volume":400,"label":" ","price":27.25},{"type":"A","date":"2018-04-10T01:32:30.000Z","volume":20000,"label":" ","price":27.25},{"type":"A","date":"2018-04-10T01:32:30.000Z","volume":400,"label":" ","price":27.25},{"type":"A","date":"2018-04-10T01:32:30.000Z","volume":4000,"label":" ","price":27.25},{"type":"B","date":"2018-04-10T01:32:30.000Z","volume":400,"label":" ","price":27.25},{"type":"B","date":"2018-04-10T01:32:30.000Z","volume":400,"label":" ","price":27.25},{"type":"B","date":"2018-04-10T01:32:30.000Z","volume":1600,"label":" ","price":27.2},{"type":"B","date":"2018-04-10T01:32:30.000Z","volume":800,"label":" ","price":27.25},{"type":"B","date":"2018-04-10T01:32:33.000Z","volume":400,"label":"Y","price":27.25},{"type":"B","date":"2018-04-10T01:32:33.000Z","volume":800,"label":" ","price":27.25},{"type":"B","date":"2018-04-10T01:32:34.000Z","volume":400,"label":" ","price":27.25},{"type":"A","date":"2018-04-10T01:32:34.000Z","volume":2000,"label":" ","price":27.3},{"type":"B","date":"2018-04-10T01:32:34.000Z","volume":800,"label":" ","price":27.3},{"type":"B","date":"2018-04-10T01:32:36.000Z","volume":400,"label":" ","price":27.3},{"type":"A","date":"2018-04-10T01:32:41.000Z","volume":800,"label":" ","price":27.35},{"type":"B","date":"2018-04-10T01:32:43.000Z","volume":400,"label":" ","price":27.3},{"type":"B","date":"2018-04-10T01:32:44.000Z","volume":400,"label":" ","price":27.3},{"type":"A","date":"2018-04-10T01:32:49.000Z","volume":2000,"label":" ","price":27.35},{"type":"A","date":"2018-04-10T01:32:49.000Z","volume":400,"label":" ","price":27.35},{"type":"A","date":"2018-04-10T01:32:49.000Z","volume":4800,"label":" ","price":27.35},{"type":"A","date":"2018-04-10T01:32:50.000Z","volume":2400,"label":" ","price":27.35},{"type":"B","date":"2018-04-10T01:32:50.000Z","volume":400,"label":" ","price":27.3},{"type":"A","date":"2018-04-10T01:32:55.000Z","volume":2400,"label":" ","price":27.35},{"type":"B","date":"2018-04-10T01:32:56.000Z","volume":800,"label":" ","price":27.3},{"type":"B","date":"2018-04-10T01:32:58.000Z","volume":400,"label":" ","price":27.3},{"type":"A","date":"2018-04-10T01:33:03.000Z","volume":10000,"label":" ","price":27.35},{"type":"B","date":"2018-04-10T01:33:04.000Z","volume":400,"label":" ","price":27.3},{"type":"B","date":"2018-04-10T01:33:05.000Z","volume":1200,"label":" ","price":27.3},{"type":"B","date":"2018-04-10T01:33:08.000Z","volume":800,"label":" ","price":27.3},{"type":"A","date":"2018-04-10T01:33:19.000Z","volume":400,"label":" ","price":27.35},{"type":"B","date":"2018-04-10T01:33:21.000Z","volume":400,"label":" ","price":27.3},{"type":"B","date":"2018-04-10T01:33:28.000Z","volume":6000,"label":" ","price":27.3},{"type":"B","date":"2018-04-10T01:33:29.000Z","volume":45600,"label":" ","price":27.3},{"type":"A","date":"2018-04-10T01:33:29.000Z","volume":21200,"label":" ","price":27.35},{"type":"B","date":"2018-04-10T01:33:29.000Z","volume":1600,"label":" ","price":27.35},{"type":"B","date":"2018-04-10T01:33:29.000Z","volume":800,"label":" ","price":27.35},{"type":"B","date":"2018-04-10T01:33:29.000Z","volume":2000,"label":" ","price":27.35},{"type":"B","date":"2018-04-10T01:33:29.000Z","volume":11600,"label":" ","price":27.35},{"type":"B","date":"2018-04-10T01:33:29.000Z","volume":3200,"label":" ","price":27.35},{"type":"B","date":"2018-04-10T01:33:30.000Z","volume":400,"label":" ","price":27.35},{"type":"B","date":"2018-04-10T01:33:30.000Z","volume":29200,"label":" ","price":27.35},{"type":"B","date":"2018-04-10T01:33:30.000Z","volume":400,"label":" ","price":27.35},{"type":"B","date":"2018-04-10T01:33:30.000Z","volume":8800,"label":" ","price":27.25},{"type":"B","date":"2018-04-10T01:33:30.000Z","volume":3200,"label":" ","price":27.2},{"type":"B","date":"2018-04-10T01:33:31.000Z","volume":400,"label":"Y","price":27.2},{"type":"B","date":"2018-04-10T01:33:31.000Z","volume":16000,"label":" ","price":27.2},{"type":"B","date":"2018-04-10T01:33:33.000Z","volume":400,"label":" ","price":27.15},{"type":"B","date":"2018-04-10T01:33:35.000Z","volume":7600,"label":" ","price":27.1},{"type":"B","date":"2018-04-10T01:33:35.000Z","volume":4000,"label":" ","price":27.1},{"type":"A","date":"2018-04-10T01:33:36.000Z","volume":800,"label":" ","price":27.25},{"type":"B","date":"2018-04-10T01:33:38.000Z","volume":400,"label":" ","price":27.2},{"type":"B","date":"2018-04-10T01:33:39.000Z","volume":400,"label":" ","price":27.2},{"type":"A","date":"2018-04-10T01:33:44.000Z","volume":2000,"label":" ","price":27.25},{"type":"A","date":"2018-04-10T01:33:44.000Z","volume":2000,"label":" ","price":27.25},{"type":"B","date":"2018-04-10T01:34:09.000Z","volume":2000,"label":" ","price":27.2},{"type":"B","date":"2018-04-10T01:34:11.000Z","volume":400,"label":" ","price":27.2},{"type":"U","date":"2018-04-10T01:34:36.000Z","volume":4000,"label":"X","price":27.25},{"type":"U","date":"2018-04-10T01:35:04.000Z","volume":800,"label":"X","price":27.23},{"type":"U","date":"2018-04-10T01:35:04.000Z","volume":800,"label":"X","price":27.23},{"type":"U","date":"2018-04-10T01:35:04.000Z","volume":800,"label":"X","price":27.23},{"type":"U","date":"2018-04-10T01:35:04.000Z","volume":800,"label":"X","price":27.23},{"type":"U","date":"2018-04-10T01:35:04.000Z","volume":800,"label":"X","price":27.23},{"type":"U","date":"2018-04-10T01:35:04.000Z","volume":800,"label":"X","price":27.23},{"type":"U","date":"2018-04-10T01:35:04.000Z","volume":800,"label":"X","price":27.23},{"type":"U","date":"2018-04-10T01:35:04.000Z","volume":400,"label":"X","price":27.23},{"type":"U","date":"2018-04-10T01:35:04.000Z","volume":400,"label":"X","price":27.23},{"type":"U","date":"2018-04-10T01:35:04.000Z","volume":400,"label":"X","price":27.23},{"type":"U","date":"2018-04-10T01:35:04.000Z","volume":400,"label":"X","price":27.23},{"type":"B","date":"2018-04-10T01:35:07.000Z","volume":400,"label":" ","price":27.2},{"type":"B","date":"2018-04-10T01:35:08.000Z","volume":400,"label":" ","price":27.2},{"type":"B","date":"2018-04-10T01:35:29.000Z","volume":400,"label":" ","price":27.2},{"type":"B","date":"2018-04-10T01:35:31.000Z","volume":400,"label":" ","price":27.2},{"type":"A","date":"2018-04-10T01:35:46.000Z","volume":400,"label":" ","price":27.25},{"type":"B","date":"2018-04-10T01:35:52.000Z","volume":400,"label":" ","price":27.2},{"type":"B","date":"2018-04-10T01:36:17.000Z","volume":400,"label":" ","price":27.2},{"type":"A","date":"2018-04-10T01:36:27.000Z","volume":1200,"label":"Y","price":27.25},{"type":"A","date":"2018-04-10T01:36:27.000Z","volume":8000,"label":" ","price":27.25},{"type":"A","date":"2018-04-10T01:36:27.000Z","volume":400,"label":" ","price":27.25},{"type":"A","date":"2018-04-10T01:36:27.000Z","volume":400,"label":" ","price":27.25},{"type":"B","date":"2018-04-10T01:36:28.000Z","volume":400,"label":" ","price":27.25},{"type":"B","date":"2018-04-10T01:36:29.000Z","volume":400,"label":" ","price":27.25},{"type":"B","date":"2018-04-10T01:36:29.000Z","volume":2000,"label":" ","price":27.25},{"type":"B","date":"2018-04-10T01:36:31.000Z","volume":400,"label":" ","price":27.25},{"type":"B","date":"2018-04-10T01:36:32.000Z","volume":800,"label":" ","price":27.25},{"type":"B","date":"2018-04-10T01:36:32.000Z","volume":3200,"label":" ","price":27.25},{"type":"B","date":"2018-04-10T01:36:32.000Z","volume":800,"label":" ","price":27.25},{"type":"B","date":"2018-04-10T01:36:32.000Z","volume":400,"label":" ","price":27.25},{"type":"B","date":"2018-04-10T01:36:32.000Z","volume":4400,"label":" ","price":27.25},{"type":"B","date":"2018-04-10T01:36:33.000Z","volume":1600,"label":" ","price":27.25},{"type":"B","date":"2018-04-10T01:36:33.000Z","volume":1200,"label":" ","price":27.25},{"type":"B","date":"2018-04-10T01:36:35.000Z","volume":400,"label":" ","price":27.25},{"type":"B","date":"2018-04-10T01:36:38.000Z","volume":400,"label":" ","price":27.25},{"type":"B","date":"2018-04-10T01:36:49.000Z","volume":2000,"label":" ","price":27.25},{"type":"B","date":"2018-04-10T01:36:49.000Z","volume":1200,"label":"Y","price":27.25},{"type":"B","date":"2018-04-10T01:36:49.000Z","volume":50800,"label":" ","price":27.25},{"type":"B","date":"2018-04-10T01:36:49.000Z","volume":5600,"label":" ","price":27.25},{"type":"B","date":"2018-04-10T01:36:50.000Z","volume":7600,"label":" ","price":27.2},{"type":"B","date":"2018-04-10T01:36:50.000Z","volume":1200,"label":" ","price":27.15},{"type":"B","date":"2018-04-10T01:36:50.000Z","volume":2400,"label":" ","price":27.05},{"type":"B","date":"2018-04-10T01:36:50.000Z","volume":3200,"label":" ","price":27.05},{"type":"B","date":"2018-04-10T01:36:50.000Z","volume":7600,"label":" ","price":27.05},{"type":"B","date":"2018-04-10T01:36:50.000Z","volume":8800,"label":" ","price":27},{"type":"U","date":"2018-04-10T01:36:51.000Z","volume":5600,"label":" ","price":27.05},{"type":"B","date":"2018-04-10T01:36:53.000Z","volume":400,"label":"Y","price":27.05},{"type":"B","date":"2018-04-10T01:36:54.000Z","volume":7200,"label":" ","price":27},{"type":"B","date":"2018-04-10T01:36:55.000Z","volume":12000,"label":" ","price":27},{"type":"A","date":"2018-04-10T01:36:57.000Z","volume":2000,"label":" ","price":27.15},{"type":"A","date":"2018-04-10T01:36:57.000Z","volume":2000,"label":" ","price":27.15},{"type":"B","date":"2018-04-10T01:36:57.000Z","volume":400,"label":" ","price":27.15},{"type":"B","date":"2018-04-10T01:36:57.000Z","volume":800,"label":" ","price":27.15},{"type":"B","date":"2018-04-10T01:36:58.000Z","volume":400,"label":"Y","price":27.15},{"type":"B","date":"2018-04-10T01:36:59.000Z","volume":400,"label":" ","price":27},{"type":"B","date":"2018-04-10T01:36:59.000Z","volume":1200,"label":" ","price":27},{"type":"B","date":"2018-04-10T01:37:02.000Z","volume":3200,"label":" ","price":27},{"type":"B","date":"2018-04-10T01:37:03.000Z","volume":800,"label":" ","price":27},{"type":"B","date":"2018-04-10T01:37:03.000Z","volume":400,"label":" ","price":27},{"type":"A","date":"2018-04-10T01:37:05.000Z","volume":1600,"label":" ","price":27.05},{"type":"A","date":"2018-04-10T01:37:06.000Z","volume":2800,"label":" ","price":27.05},{"type":"B","date":"2018-04-10T01:37:07.000Z","volume":400,"label":" ","price":27},{"type":"A","date":"2018-04-10T01:37:08.000Z","volume":800,"label":" ","price":27.1},{"type":"B","date":"2018-04-10T01:37:08.000Z","volume":400,"label":" ","price":27.05},{"type":"B","date":"2018-04-10T01:37:15.000Z","volume":400,"label":" ","price":27},{"type":"B","date":"2018-04-10T01:37:15.000Z","volume":400,"label":" ","price":27},{"type":"B","date":"2018-04-10T01:37:17.000Z","volume":400,"label":" ","price":27},{"type":"B","date":"2018-04-10T01:37:18.000Z","volume":400,"label":" ","price":27},{"type":"A","date":"2018-04-10T01:37:19.000Z","volume":4400,"label":" ","price":27.1},{"type":"A","date":"2018-04-10T01:37:19.000Z","volume":400,"label":" ","price":27.1},{"type":"A","date":"2018-04-10T01:37:21.000Z","volume":1600,"label":" ","price":27.15},{"type":"A","date":"2018-04-10T01:37:21.000Z","volume":3600,"label":" ","price":27.15},{"type":"B","date":"2018-04-10T01:37:21.000Z","volume":800,"label":" ","price":27.1},{"type":"B","date":"2018-04-10T01:37:21.000Z","volume":800,"label":" ","price":27.1},{"type":"B","date":"2018-04-10T01:37:21.000Z","volume":800,"label":" ","price":27.05},{"type":"B","date":"2018-04-10T01:37:23.000Z","volume":800,"label":" ","price":27.05},{"type":"A","date":"2018-04-10T01:37:24.000Z","volume":800,"label":" ","price":27.15},{"type":"A","date":"2018-04-10T01:38:33.000Z","volume":400,"label":" ","price":27.2},{"type":"B","date":"2018-04-10T01:38:34.000Z","volume":7200,"label":" ","price":27.15},{"type":"A","date":"2018-04-10T01:38:35.000Z","volume":5600,"label":" ","price":27.15},{"type":"B","date":"2018-04-10T01:38:36.000Z","volume":2400,"label":" ","price":27.1},{"type":"A","date":"2018-04-10T01:38:38.000Z","volume":1600,"label":" ","price":27.2},{"type":"B","date":"2018-04-10T01:38:38.000Z","volume":400,"label":" ","price":27.15},{"type":"B","date":"2018-04-10T01:38:40.000Z","volume":400,"label":" ","price":27.1},{"type":"B","date":"2018-04-10T01:38:40.000Z","volume":400,"label":" ","price":27.1},{"type":"A","date":"2018-04-10T01:38:43.000Z","volume":400,"label":" ","price":27.2},{"type":"B","date":"2018-04-10T01:38:43.000Z","volume":1600,"label":" ","price":27.1},{"type":"B","date":"2018-04-10T01:38:43.000Z","volume":400,"label":" ","price":27.1},{"type":"B","date":"2018-04-10T01:38:44.000Z","volume":400,"label":" ","price":27.1},{"type":"A","date":"2018-04-10T01:38:46.000Z","volume":800,"label":" ","price":27.2},{"type":"B","date":"2018-04-10T01:38:48.000Z","volume":400,"label":" ","price":27.15},{"type":"B","date":"2018-04-10T01:38:50.000Z","volume":400,"label":" ","price":27.15},{"type":"B","date":"2018-04-10T01:39:17.000Z","volume":400,"label":" ","price":27.1},{"type":"B","date":"2018-04-10T01:40:09.000Z","volume":400,"label":" ","price":27.15},{"type":"A","date":"2018-04-10T01:40:10.000Z","volume":4800,"label":" ","price":27.2},{"type":"B","date":"2018-04-10T01:40:11.000Z","volume":800,"label":" ","price":27.15},{"type":"A","date":"2018-04-10T01:40:11.000Z","volume":400,"label":" ","price":27.2},{"type":"B","date":"2018-04-10T01:40:12.000Z","volume":400,"label":" ","price":27.15},{"type":"A","date":"2018-04-10T01:40:13.000Z","volume":2000,"label":" ","price":27.2},{"type":"B","date":"2018-04-10T01:40:13.000Z","volume":800,"label":" ","price":27.15},{"type":"B","date":"2018-04-10T01:40:14.000Z","volume":1200,"label":" ","price":27.15},{"type":"A","date":"2018-04-10T01:40:19.000Z","volume":10000,"label":" ","price":27.2},{"type":"A","date":"2018-04-10T01:40:19.000Z","volume":5600,"label":" ","price":27.2},{"type":"A","date":"2018-04-10T01:40:19.000Z","volume":6400,"label":" ","price":27.2},{"type":"U","date":"2018-04-10T01:40:19.000Z","volume":800,"label":" ","price":27.2},{"type":"B","date":"2018-04-10T01:40:19.000Z","volume":400,"label":" ","price":27.15},{"type":"A","date":"2018-04-10T01:40:23.000Z","volume":4400,"label":" ","price":27.25},{"type":"B","date":"2018-04-10T01:40:23.000Z","volume":400,"label":" ","price":27.25},{"type":"B","date":"2018-04-10T01:40:24.000Z","volume":800,"label":" ","price":27.25},{"type":"A","date":"2018-04-10T01:40:43.000Z","volume":6000,"label":" ","price":27.3},{"type":"B","date":"2018-04-10T01:40:44.000Z","volume":800,"label":" ","price":27.25},{"type":"B","date":"2018-04-10T01:40:45.000Z","volume":1200,"label":" ","price":27.25},{"type":"U","date":"2018-04-10T01:40:47.000Z","volume":800,"label":"X","price":27.3},{"type":"A","date":"2018-04-10T01:40:51.000Z","volume":400,"label":" ","price":27.3},{"type":"B","date":"2018-04-10T01:40:55.000Z","volume":400,"label":" ","price":27.25},{"type":"B","date":"2018-04-10T01:41:18.000Z","volume":27200,"label":" ","price":27.25},{"type":"B","date":"2018-04-10T01:41:18.000Z","volume":15600,"label":" ","price":27.25},{"type":"B","date":"2018-04-10T01:41:18.000Z","volume":11600,"label":" ","price":27.25},{"type":"B","date":"2018-04-10T01:41:19.000Z","volume":4400,"label":" ","price":27.2},{"type":"B","date":"2018-04-10T01:41:19.000Z","volume":2000,"label":" ","price":27.2},{"type":"B","date":"2018-04-10T01:41:20.000Z","volume":2800,"label":"Y","price":27.15},{"type":"B","date":"2018-04-10T01:41:20.000Z","volume":8000,"label":" ","price":27.15},{"type":"B","date":"2018-04-10T01:41:20.000Z","volume":400,"label":" ","price":27.15},{"type":"B","date":"2018-04-10T01:41:24.000Z","volume":800,"label":" ","price":27.2},{"type":"B","date":"2018-04-10T01:41:24.000Z","volume":400,"label":" ","price":27.2},{"type":"B","date":"2018-04-10T01:41:24.000Z","volume":1600,"label":" ","price":27.2},{"type":"B","date":"2018-04-10T01:41:24.000Z","volume":2000,"label":" ","price":27.2},{"type":"B","date":"2018-04-10T01:41:26.000Z","volume":400,"label":" ","price":27.2},{"type":"B","date":"2018-04-10T01:41:29.000Z","volume":400,"label":" ","price":27.2},{"type":"A","date":"2018-04-10T01:41:29.000Z","volume":8000,"label":" ","price":27.25},{"type":"A","date":"2018-04-10T01:41:29.000Z","volume":4000,"label":" ","price":27.25},{"type":"A","date":"2018-04-10T01:41:29.000Z","volume":1200,"label":" ","price":27.25},{"type":"B","date":"2018-04-10T01:41:30.000Z","volume":1200,"label":" ","price":27.25},{"type":"B","date":"2018-04-10T01:41:34.000Z","volume":1200,"label":" ","price":27.25},{"type":"B","date":"2018-04-10T01:41:35.000Z","volume":2800,"label":" ","price":27.25},{"type":"B","date":"2018-04-10T01:41:36.000Z","volume":800,"label":" ","price":27.2},{"type":"B","date":"2018-04-10T01:41:39.000Z","volume":400,"label":" ","price":27.2},{"type":"B","date":"2018-04-10T01:41:53.000Z","volume":16000,"label":" ","price":27.2},{"type":"B","date":"2018-04-10T01:41:55.000Z","volume":2800,"label":" ","price":27.2},{"type":"B","date":"2018-04-10T01:41:56.000Z","volume":400,"label":" ","price":27.2},{"type":"B","date":"2018-04-10T01:41:59.000Z","volume":2000,"label":" ","price":27.2},{"type":"B","date":"2018-04-10T01:41:59.000Z","volume":400,"label":" ","price":27.2},{"type":"B","date":"2018-04-10T01:42:00.000Z","volume":400,"label":" ","price":27.2},{"type":"U","date":"2018-04-10T01:42:01.000Z","volume":200,"label":"D","price":27.13},{"type":"B","date":"2018-04-10T01:42:11.000Z","volume":1200,"label":" ","price":27.2},{"type":"B","date":"2018-04-10T01:42:11.000Z","volume":400,"label":" ","price":27.2},{"type":"B","date":"2018-04-10T01:42:14.000Z","volume":400,"label":" ","price":27.2},{"type":"B","date":"2018-04-10T01:42:15.000Z","volume":20800,"label":" ","price":27.2},{"type":"B","date":"2018-04-10T01:42:17.000Z","volume":3600,"label":" ","price":27.2},{"type":"B","date":"2018-04-10T01:42:19.000Z","volume":2400,"label":" ","price":27.2},{"type":"B","date":"2018-04-10T01:42:19.000Z","volume":400,"label":" ","price":27.2},{"type":"B","date":"2018-04-10T01:42:20.000Z","volume":2000,"label":" ","price":27.2},{"type":"B","date":"2018-04-10T01:42:20.000Z","volume":13200,"label":" ","price":27.2},{"type":"B","date":"2018-04-10T01:42:21.000Z","volume":2800,"label":" ","price":27.2},{"type":"B","date":"2018-04-10T01:42:24.000Z","volume":2000,"label":" ","price":27.2},{"type":"B","date":"2018-04-10T01:42:25.000Z","volume":400,"label":" ","price":27.2},{"type":"B","date":"2018-04-10T01:42:29.000Z","volume":400,"label":" ","price":27.2},{"type":"B","date":"2018-04-10T01:42:36.000Z","volume":4000,"label":" ","price":27.2},{"type":"B","date":"2018-04-10T01:42:37.000Z","volume":800,"label":" ","price":27.2},{"type":"B","date":"2018-04-10T01:42:39.000Z","volume":400,"label":" ","price":27.2},{"type":"A","date":"2018-04-10T01:42:42.000Z","volume":40000,"label":" ","price":27.25},{"type":"B","date":"2018-04-10T01:42:42.000Z","volume":1600,"label":" ","price":27.2},{"type":"B","date":"2018-04-10T01:42:42.000Z","volume":2000,"label":" ","price":27.2},{"type":"B","date":"2018-04-10T01:42:44.000Z","volume":3200,"label":" ","price":27.2},{"type":"B","date":"2018-04-10T01:42:49.000Z","volume":400,"label":" ","price":27.2},{"type":"B","date":"2018-04-10T01:42:54.000Z","volume":2000,"label":" ","price":27.2},{"type":"B","date":"2018-04-10T01:42:56.000Z","volume":400,"label":" ","price":27.2},{"type":"B","date":"2018-04-10T01:42:58.000Z","volume":800,"label":" ","price":27.2},{"type":"B","date":"2018-04-10T01:42:59.000Z","volume":400,"label":" ","price":27.2},{"type":"B","date":"2018-04-10T01:43:07.000Z","volume":4000,"label":" ","price":27.2},{"type":"A","date":"2018-04-10T01:43:07.000Z","volume":4000,"label":" ","price":27.25},{"type":"B","date":"2018-04-10T01:43:07.000Z","volume":800,"label":" ","price":27.2},{"type":"A","date":"2018-04-10T01:43:07.000Z","volume":2800,"label":" ","price":27.25},{"type":"B","date":"2018-04-10T01:43:08.000Z","volume":1600,"label":" ","price":27.2},{"type":"B","date":"2018-04-10T01:43:09.000Z","volume":800,"label":" ","price":27.2},{"type":"U","date":"2018-04-10T01:43:14.000Z","volume":400,"label":"X","price":27.194},{"type":"U","date":"2018-04-10T01:43:14.000Z","volume":400,"label":"X","price":27.194},{"type":"U","date":"2018-04-10T01:43:14.000Z","volume":400,"label":"X","price":27.194},{"type":"B","date":"2018-04-10T01:43:21.000Z","volume":4000,"label":" ","price":27.25},{"type":"B","date":"2018-04-10T01:43:22.000Z","volume":800,"label":" ","price":27.25},{"type":"B","date":"2018-04-10T01:43:24.000Z","volume":800,"label":" ","price":27.25},{"type":"A","date":"2018-04-10T01:43:31.000Z","volume":400,"label":" ","price":27.3},{"type":"B","date":"2018-04-10T01:43:32.000Z","volume":400,"label":" ","price":27.25},{"type":"B","date":"2018-04-10T01:43:35.000Z","volume":2000,"label":" ","price":27.25},{"type":"B","date":"2018-04-10T01:43:36.000Z","volume":400,"label":" ","price":27.25},{"type":"B","date":"2018-04-10T01:43:39.000Z","volume":400,"label":"Y","price":27.25},{"type":"U","date":"2018-04-10T01:43:39.000Z","volume":200,"label":"D","price":27},{"type":"B","date":"2018-04-10T01:43:48.000Z","volume":2000,"label":" ","price":27.25},{"type":"B","date":"2018-04-10T01:43:50.000Z","volume":400,"label":" ","price":27.25},{"type":"B","date":"2018-04-10T01:43:55.000Z","volume":2000,"label":" ","price":27.25},{"type":"B","date":"2018-04-10T01:43:57.000Z","volume":400,"label":" ","price":27.25},{"type":"B","date":"2018-04-10T01:43:59.000Z","volume":1600,"label":" ","price":27.25},{"type":"B","date":"2018-04-10T01:43:59.000Z","volume":400,"label":" ","price":27.25},{"type":"B","date":"2018-04-10T01:44:01.000Z","volume":400,"label":" ","price":27.25},{"type":"B","date":"2018-04-10T01:44:06.000Z","volume":800,"label":" ","price":27.25},{"type":"B","date":"2018-04-10T01:44:12.000Z","volume":800,"label":" ","price":27.25},{"type":"B","date":"2018-04-10T01:44:15.000Z","volume":400,"label":" ","price":27.25},{"type":"B","date":"2018-04-10T01:44:15.000Z","volume":400,"label":" ","price":27.25},{"type":"B","date":"2018-04-10T01:44:19.000Z","volume":400,"label":" ","price":27.25},{"type":"B","date":"2018-04-10T01:44:26.000Z","volume":2000,"label":" ","price":27.25},{"type":"B","date":"2018-04-10T01:44:28.000Z","volume":400,"label":" ","price":27.25},{"type":"B","date":"2018-04-10T01:44:37.000Z","volume":2000,"label":" ","price":27.25},{"type":"B","date":"2018-04-10T01:44:39.000Z","volume":400,"label":" ","price":27.25},{"type":"B","date":"2018-04-10T01:44:39.000Z","volume":400,"label":" ","price":27.25},{"type":"U","date":"2018-04-10T01:44:42.000Z","volume":200,"label":"D","price":27},{"type":"B","date":"2018-04-10T01:44:49.000Z","volume":2000,"label":" ","price":27.25},{"type":"B","date":"2018-04-10T01:44:49.000Z","volume":2000,"label":" ","price":27.25},{"type":"B","date":"2018-04-10T01:44:51.000Z","volume":800,"label":" ","price":27.25},{"type":"B","date":"2018-04-10T01:44:54.000Z","volume":400,"label":" ","price":27.25},{"type":"B","date":"2018-04-10T01:45:00.000Z","volume":2000,"label":" ","price":27.25},{"type":"B","date":"2018-04-10T01:45:02.000Z","volume":400,"label":" ","price":27.25},{"type":"A","date":"2018-04-10T01:45:04.000Z","volume":2000,"label":" ","price":27.3},{"type":"B","date":"2018-04-10T01:45:06.000Z","volume":800,"label":" ","price":27.25},{"type":"B","date":"2018-04-10T01:45:09.000Z","volume":400,"label":" ","price":27.25},{"type":"B","date":"2018-04-10T01:45:12.000Z","volume":1600,"label":" ","price":27.25},{"type":"B","date":"2018-04-10T01:45:17.000Z","volume":2000,"label":" ","price":27.25},{"type":"B","date":"2018-04-10T01:45:19.000Z","volume":400,"label":" ","price":27.25},{"type":"B","date":"2018-04-10T01:45:26.000Z","volume":400,"label":" ","price":27.25},{"type":"B","date":"2018-04-10T01:45:27.000Z","volume":400,"label":" ","price":27.25},{"type":"B","date":"2018-04-10T01:45:33.000Z","volume":2400,"label":" ","price":27.25},{"type":"B","date":"2018-04-10T01:45:33.000Z","volume":400,"label":" ","price":27.25},{"type":"B","date":"2018-04-10T01:45:39.000Z","volume":2000,"label":" ","price":27.25},{"type":"B","date":"2018-04-10T01:45:41.000Z","volume":400,"label":" ","price":27.25},{"type":"B","date":"2018-04-10T01:45:44.000Z","volume":400,"label":" ","price":27.25},{"type":"U","date":"2018-04-10T01:45:47.000Z","volume":300,"label":"D","price":27},{"type":"B","date":"2018-04-10T01:45:53.000Z","volume":2000,"label":" ","price":27.25},{"type":"B","date":"2018-04-10T01:45:55.000Z","volume":400,"label":" ","price":27.25},{"type":"B","date":"2018-04-10T01:46:02.000Z","volume":400,"label":" ","price":27.25},{"type":"B","date":"2018-04-10T01:46:03.000Z","volume":1200,"label":" ","price":27.25},{"type":"B","date":"2018-04-10T01:46:04.000Z","volume":400,"label":" ","price":27.25},{"type":"A","date":"2018-04-10T01:46:05.000Z","volume":2000,"label":" ","price":27.3},{"type":"B","date":"2018-04-10T01:46:06.000Z","volume":400,"label":" ","price":27.25},{"type":"B","date":"2018-04-10T01:46:08.000Z","volume":2000,"label":" ","price":27.25},{"type":"B","date":"2018-04-10T01:46:09.000Z","volume":400,"label":"Y","price":27.25},{"type":"B","date":"2018-04-10T01:46:10.000Z","volume":400,"label":" ","price":27.25},{"type":"B","date":"2018-04-10T01:46:18.000Z","volume":10000,"label":" ","price":27.25},{"type":"B","date":"2018-04-10T01:46:19.000Z","volume":800,"label":" ","price":27.25},{"type":"B","date":"2018-04-10T01:46:19.000Z","volume":2000,"label":" ","price":27.25},{"type":"B","date":"2018-04-10T01:46:19.000Z","volume":800,"label":" ","price":27.25},{"type":"B","date":"2018-04-10T01:46:21.000Z","volume":2000,"label":" ","price":27.25},{"type":"B","date":"2018-04-10T01:46:23.000Z","volume":800,"label":" ","price":27.25},{"type":"B","date":"2018-04-10T01:46:24.000Z","volume":400,"label":" ","price":27.25},{"type":"B","date":"2018-04-10T01:46:29.000Z","volume":1600,"label":" ","price":27.25},{"type":"B","date":"2018-04-10T01:46:32.000Z","volume":2000,"label":" ","price":27.25},{"type":"B","date":"2018-04-10T01:46:33.000Z","volume":400,"label":" ","price":27.25},{"type":"B","date":"2018-04-10T01:46:34.000Z","volume":400,"label":" ","price":27.25},{"type":"B","date":"2018-04-10T01:46:46.000Z","volume":2000,"label":" ","price":27.25},{"type":"B","date":"2018-04-10T01:46:48.000Z","volume":400,"label":" ","price":27.25},{"type":"B","date":"2018-04-10T01:46:49.000Z","volume":400,"label":" ","price":27.25},{"type":"A","date":"2018-04-10T01:47:11.000Z","volume":800,"label":" ","price":27.3},{"type":"B","date":"2018-04-10T01:47:11.000Z","volume":400,"label":" ","price":27.25},{"type":"B","date":"2018-04-10T01:47:12.000Z","volume":2000,"label":" ","price":27.25},{"type":"B","date":"2018-04-10T01:47:13.000Z","volume":400,"label":" ","price":27.25},{"type":"A","date":"2018-04-10T01:47:14.000Z","volume":1200,"label":" ","price":27.3},{"type":"B","date":"2018-04-10T01:47:19.000Z","volume":400,"label":" ","price":27.25},{"type":"A","date":"2018-04-10T01:47:22.000Z","volume":800,"label":" ","price":27.3},{"type":"B","date":"2018-04-10T01:47:22.000Z","volume":400,"label":" ","price":27.25},{"type":"B","date":"2018-04-10T01:47:40.000Z","volume":2000,"label":" ","price":27.25},{"type":"B","date":"2018-04-10T01:47:41.000Z","volume":400,"label":" ","price":27.25},{"type":"A","date":"2018-04-10T01:47:44.000Z","volume":1200,"label":" ","price":27.3},{"type":"B","date":"2018-04-10T01:47:53.000Z","volume":2000,"label":" ","price":27.25},{"type":"B","date":"2018-04-10T01:47:54.000Z","volume":400,"label":" ","price":27.25},{"type":"A","date":"2018-04-10T01:48:09.000Z","volume":400,"label":" ","price":27.3},{"type":"B","date":"2018-04-10T01:48:12.000Z","volume":400,"label":" ","price":27.25},{"type":"A","date":"2018-04-10T01:48:15.000Z","volume":48400,"label":" ","price":27.3},{"type":"A","date":"2018-04-10T01:48:15.000Z","volume":1600,"label":" ","price":27.3},{"type":"A","date":"2018-04-10T01:48:15.000Z","volume":14000,"label":" ","price":27.35},{"type":"A","date":"2018-04-10T01:48:15.000Z","volume":1200,"label":" ","price":27.35},{"type":"B","date":"2018-04-10T01:48:16.000Z","volume":4000,"label":" ","price":27.3},{"type":"A","date":"2018-04-10T01:48:16.000Z","volume":1600,"label":" ","price":27.4},{"type":"U","date":"2018-04-10T01:48:16.000Z","volume":4400,"label":"X","price":27.4},{"type":"A","date":"2018-04-10T01:48:19.000Z","volume":1600,"label":" ","price":27.4},{"type":"A","date":"2018-04-10T01:48:21.000Z","volume":6000,"label":" ","price":27.4},{"type":"A","date":"2018-04-10T01:48:21.000Z","volume":10800,"label":" ","price":27.4},{"type":"A","date":"2018-04-10T01:48:21.000Z","volume":2800,"label":" ","price":27.45},{"type":"A","date":"2018-04-10T01:48:23.000Z","volume":1600,"label":" ","price":27.45},{"type":"A","date":"2018-04-10T01:48:25.000Z","volume":1600,"label":" ","price":27.45},{"type":"U","date":"2018-04-10T01:48:28.000Z","volume":1200,"label":" ","price":27.4},{"type":"B","date":"2018-04-10T01:48:28.000Z","volume":2800,"label":" ","price":27.35},{"type":"A","date":"2018-04-10T01:48:28.000Z","volume":1600,"label":" ","price":27.45},{"type":"A","date":"2018-04-10T01:48:33.000Z","volume":6000,"label":" ","price":27.45},{"type":"U","date":"2018-04-10T01:48:34.000Z","volume":1600,"label":"X","price":27.45},{"type":"B","date":"2018-04-10T01:48:43.000Z","volume":4000,"label":" ","price":27.4},{"type":"A","date":"2018-04-10T01:48:48.000Z","volume":10000,"label":" ","price":27.45},{"type":"A","date":"2018-04-10T01:48:48.000Z","volume":19200,"label":" ","price":27.45},{"type":"U","date":"2018-04-10T01:48:50.000Z","volume":2800,"label":"X","price":27.5},{"type":"U","date":"2018-04-10T01:48:53.000Z","volume":800,"label":"X","price":27.5},{"type":"A","date":"2018-04-10T01:48:53.000Z","volume":800,"label":" ","price":27.5},{"type":"B","date":"2018-04-10T01:48:57.000Z","volume":2000,"label":" ","price":27.45},{"type":"A","date":"2018-04-10T01:49:08.000Z","volume":4000,"label":" ","price":27.5},{"type":"B","date":"2018-04-10T01:49:09.000Z","volume":4000,"label":" ","price":27.45},{"type":"A","date":"2018-04-10T01:49:09.000Z","volume":1200,"label":" ","price":27.5},{"type":"B","date":"2018-04-10T01:49:21.000Z","volume":4000,"label":" ","price":27.45},{"type":"U","date":"2018-04-10T01:49:30.000Z","volume":2000,"label":"X","price":27.5},{"type":"B","date":"2018-04-10T01:49:33.000Z","volume":2000,"label":" ","price":27.45},{"type":"A","date":"2018-04-10T01:49:37.000Z","volume":6000,"label":" ","price":27.5},{"type":"B","date":"2018-04-10T01:49:46.000Z","volume":2000,"label":" ","price":27.45},{"type":"B","date":"2018-04-10T01:49:58.000Z","volume":2000,"label":" ","price":27.45},{"type":"U","date":"2018-04-10T01:50:02.000Z","volume":2000,"label":"X","price":27.5},{"type":"B","date":"2018-04-10T01:50:17.000Z","volume":2000,"label":" ","price":27.45},{"type":"B","date":"2018-04-10T01:50:19.000Z","volume":4000,"label":" ","price":27.45},{"type":"A","date":"2018-04-10T01:50:21.000Z","volume":400,"label":" ","price":27.5},{"type":"U","date":"2018-04-10T01:50:22.000Z","volume":400,"label":"X","price":27.5},{"type":"U","date":"2018-04-10T01:50:22.000Z","volume":800,"label":"X","price":27.5},{"type":"A","date":"2018-04-10T01:50:30.000Z","volume":400,"label":" ","price":27.5},{"type":"A","date":"2018-04-10T01:50:30.000Z","volume":800,"label":" ","price":27.5},{"type":"B","date":"2018-04-10T01:50:32.000Z","volume":400,"label":" ","price":27.45},{"type":"A","date":"2018-04-10T01:50:32.000Z","volume":1200,"label":" ","price":27.5},{"type":"B","date":"2018-04-10T01:50:32.000Z","volume":4000,"label":" ","price":27.45},{"type":"B","date":"2018-04-10T01:50:37.000Z","volume":12000,"label":" ","price":27.45},{"type":"A","date":"2018-04-10T01:50:38.000Z","volume":10000,"label":" ","price":27.5},{"type":"B","date":"2018-04-10T01:50:48.000Z","volume":2000,"label":" ","price":27.45},{"type":"A","date":"2018-04-10T01:50:52.000Z","volume":800,"label":"Y","price":27.5},{"type":"A","date":"2018-04-10T01:50:52.000Z","volume":16400,"label":" ","price":27.5},{"type":"A","date":"2018-04-10T01:50:52.000Z","volume":5200,"label":" ","price":27.55},{"type":"A","date":"2018-04-10T01:50:52.000Z","volume":4800,"label":" ","price":27.6},{"type":"B","date":"2018-04-10T01:50:53.000Z","volume":400,"label":" ","price":27.5},{"type":"B","date":"2018-04-10T01:51:03.000Z","volume":4000,"label":" ","price":27.5},{"type":"B","date":"2018-04-10T01:51:18.000Z","volume":2000,"label":" ","price":27.5},{"type":"U","date":"2018-04-10T01:51:23.000Z","volume":2000,"label":" ","price":27.55},{"type":"U","date":"2018-04-10T01:51:23.000Z","volume":2000,"label":" ","price":27.55},{"type":"U","date":"2018-04-10T01:51:23.000Z","volume":2000,"label":" ","price":27.6},{"type":"U","date":"2018-04-10T01:51:26.000Z","volume":400,"label":" ","price":27.6},{"type":"U","date":"2018-04-10T01:51:26.000Z","volume":2000,"label":" ","price":27.6},{"type":"B","date":"2018-04-10T01:51:34.000Z","volume":4000,"label":" ","price":27.55},{"type":"U","date":"2018-04-10T01:51:46.000Z","volume":30000,"label":" ","price":27.6},{"type":"A","date":"2018-04-10T01:51:47.000Z","volume":8000,"label":" ","price":27.65},{"type":"A","date":"2018-04-10T01:51:47.000Z","volume":2000,"label":" ","price":27.65},{"type":"A","date":"2018-04-10T01:51:54.000Z","volume":4000,"label":" ","price":27.65},{"type":"A","date":"2018-04-10T01:52:09.000Z","volume":400,"label":" ","price":27.65},{"type":"B","date":"2018-04-10T01:52:14.000Z","volume":400,"label":" ","price":27.6},{"type":"B","date":"2018-04-10T01:52:31.000Z","volume":2000,"label":" ","price":27.6},{"type":"A","date":"2018-04-10T01:52:34.000Z","volume":1200,"label":"Y","price":27.65},{"type":"A","date":"2018-04-10T01:52:34.000Z","volume":21200,"label":" ","price":27.65},{"type":"A","date":"2018-04-10T01:52:37.000Z","volume":10000,"label":" ","price":27.7},{"type":"U","date":"2018-04-10T01:52:41.000Z","volume":400,"label":" ","price":27.65},{"type":"B","date":"2018-04-10T01:52:43.000Z","volume":2000,"label":" ","price":27.6},{"type":"A","date":"2018-04-10T01:52:48.000Z","volume":9200,"label":" ","price":27.7},{"type":"A","date":"2018-04-10T01:52:48.000Z","volume":800,"label":" ","price":27.7},{"type":"A","date":"2018-04-10T01:52:48.000Z","volume":400,"label":" ","price":27.7},{"type":"B","date":"2018-04-10T01:52:49.000Z","volume":1200,"label":" ","price":27.65},{"type":"B","date":"2018-04-10T01:52:50.000Z","volume":12800,"label":" ","price":27.65},{"type":"B","date":"2018-04-10T01:52:54.000Z","volume":2000,"label":" ","price":27.6},{"type":"A","date":"2018-04-10T01:52:57.000Z","volume":6800,"label":" ","price":27.7},{"type":"A","date":"2018-04-10T01:52:57.000Z","volume":3200,"label":" ","price":27.7},{"type":"B","date":"2018-04-10T01:53:03.000Z","volume":4800,"label":" ","price":27.65},{"type":"B","date":"2018-04-10T01:53:08.000Z","volume":2000,"label":" ","price":27.6},{"type":"B","date":"2018-04-10T01:53:10.000Z","volume":2000,"label":" ","price":27.65},{"type":"B","date":"2018-04-10T01:53:12.000Z","volume":800,"label":" ","price":27.65},{"type":"A","date":"2018-04-10T01:53:13.000Z","volume":10000,"label":" ","price":27.7},{"type":"U","date":"2018-04-10T01:53:14.000Z","volume":800,"label":"X","price":27.457},{"type":"U","date":"2018-04-10T01:53:14.000Z","volume":400,"label":"X","price":27.457},{"type":"U","date":"2018-04-10T01:53:14.000Z","volume":400,"label":"X","price":27.457},{"type":"B","date":"2018-04-10T01:53:27.000Z","volume":2000,"label":" ","price":27.65},{"type":"B","date":"2018-04-10T01:53:46.000Z","volume":2000,"label":" ","price":27.65},{"type":"A","date":"2018-04-10T01:53:58.000Z","volume":39600,"label":" ","price":27.7},{"type":"A","date":"2018-04-10T01:53:58.000Z","volume":400,"label":" ","price":27.7},{"type":"B","date":"2018-04-10T01:54:18.000Z","volume":2000,"label":" ","price":27.7},{"type":"A","date":"2018-04-10T01:54:19.000Z","volume":400,"label":" ","price":27.75},{"type":"A","date":"2018-04-10T01:54:21.000Z","volume":1600,"label":"Y","price":27.75},{"type":"A","date":"2018-04-10T01:54:21.000Z","volume":4000,"label":" ","price":27.75},{"type":"A","date":"2018-04-10T01:54:22.000Z","volume":4000,"label":" ","price":27.75},{"type":"A","date":"2018-04-10T01:54:27.000Z","volume":4000,"label":" ","price":27.75},{"type":"B","date":"2018-04-10T01:54:30.000Z","volume":4000,"label":" ","price":27.7},{"type":"A","date":"2018-04-10T01:54:33.000Z","volume":1200,"label":"Y","price":27.75},{"type":"A","date":"2018-04-10T01:54:33.000Z","volume":13200,"label":" ","price":27.75},{"type":"A","date":"2018-04-10T01:54:33.000Z","volume":20000,"label":" ","price":27.8},{"type":"A","date":"2018-04-10T01:54:33.000Z","volume":8000,"label":" ","price":27.8},{"type":"A","date":"2018-04-10T01:54:33.000Z","volume":22800,"label":" ","price":27.85},{"type":"A","date":"2018-04-10T01:54:33.000Z","volume":16000,"label":" ","price":27.85},{"type":"A","date":"2018-04-10T01:54:33.000Z","volume":6400,"label":" ","price":27.85},{"type":"A","date":"2018-04-10T01:54:33.000Z","volume":400,"label":" ","price":27.8},{"type":"U","date":"2018-04-10T01:54:33.000Z","volume":3200,"label":" ","price":27.85},{"type":"U","date":"2018-04-10T01:54:33.000Z","volume":8000,"label":" ","price":27.85},{"type":"B","date":"2018-04-10T01:54:37.000Z","volume":2000,"label":"Y","price":27.7},{"type":"B","date":"2018-04-10T01:54:37.000Z","volume":19200,"label":" ","price":27.7},{"type":"B","date":"2018-04-10T01:54:37.000Z","volume":8800,"label":" ","price":27.7},{"type":"B","date":"2018-04-10T01:54:37.000Z","volume":800,"label":" ","price":27.7},{"type":"B","date":"2018-04-10T01:54:37.000Z","volume":800,"label":" ","price":27.7},{"type":"B","date":"2018-04-10T01:54:37.000Z","volume":400,"label":" ","price":27.7},{"type":"U","date":"2018-04-10T01:54:37.000Z","volume":400,"label":" ","price":27.75},{"type":"U","date":"2018-04-10T01:54:37.000Z","volume":6000,"label":" ","price":27.7},{"type":"U","date":"2018-04-10T01:54:40.000Z","volume":1200,"label":" ","price":27.75},{"type":"U","date":"2018-04-10T01:54:41.000Z","volume":4000,"label":" ","price":27.85},{"type":"U","date":"2018-04-10T01:54:41.000Z","volume":2800,"label":" ","price":27.85},{"type":"U","date":"2018-04-10T01:54:41.000Z","volume":4000,"label":" ","price":27.85},{"type":"U","date":"2018-04-10T01:54:41.000Z","volume":400,"label":" ","price":27.85},{"type":"U","date":"2018-04-10T01:54:41.000Z","volume":4000,"label":" ","price":27.85},{"type":"U","date":"2018-04-10T01:54:41.000Z","volume":2800,"label":" ","price":27.85},{"type":"U","date":"2018-04-10T01:54:41.000Z","volume":4000,"label":" ","price":27.85},{"type":"U","date":"2018-04-10T01:54:41.000Z","volume":4000,"label":" ","price":27.85},{"type":"U","date":"2018-04-10T01:54:41.000Z","volume":4000,"label":" ","price":27.85},{"type":"U","date":"2018-04-10T01:54:42.000Z","volume":400,"label":" ","price":27.85},{"type":"U","date":"2018-04-10T01:54:42.000Z","volume":2800,"label":" ","price":27.85},{"type":"U","date":"2018-04-10T01:54:45.000Z","volume":2000,"label":" ","price":27.85},{"type":"U","date":"2018-04-10T01:54:45.000Z","volume":3200,"label":" ","price":27.85},{"type":"U","date":"2018-04-10T01:54:47.000Z","volume":1200,"label":" ","price":27.85},{"type":"U","date":"2018-04-10T01:54:48.000Z","volume":30000,"label":" ","price":27.85},{"type":"U","date":"2018-04-10T01:54:48.000Z","volume":4000,"label":" ","price":27.85},{"type":"U","date":"2018-04-10T01:54:48.000Z","volume":1200,"label":" ","price":27.85},{"type":"B","date":"2018-04-10T01:54:48.000Z","volume":2000,"label":" ","price":27.7},{"type":"U","date":"2018-04-10T01:54:48.000Z","volume":400,"label":" ","price":27.85},{"type":"U","date":"2018-04-10T01:54:51.000Z","volume":400,"label":"X","price":27.8},{"type":"U","date":"2018-04-10T01:54:52.000Z","volume":4000,"label":" ","price":27.85},{"type":"U","date":"2018-04-10T01:54:52.000Z","volume":4000,"label":" ","price":27.85},{"type":"U","date":"2018-04-10T01:54:54.000Z","volume":2000,"label":" ","price":27.8},{"type":"U","date":"2018-04-10T01:54:54.000Z","volume":4000,"label":" ","price":27.85},{"type":"U","date":"2018-04-10T01:54:54.000Z","volume":4000,"label":" ","price":27.85},{"type":"U","date":"2018-04-10T01:54:54.000Z","volume":4000,"label":" ","price":27.85},{"type":"U","date":"2018-04-10T01:54:54.000Z","volume":4000,"label":" ","price":27.85},{"type":"U","date":"2018-04-10T01:54:54.000Z","volume":4000,"label":" ","price":27.85},{"type":"U","date":"2018-04-10T01:54:57.000Z","volume":10000,"label":" ","price":27.85},{"type":"U","date":"2018-04-10T01:55:01.000Z","volume":2400,"label":" ","price":27.85},{"type":"U","date":"2018-04-10T01:55:16.000Z","volume":400,"label":"X","price":27.793},{"type":"U","date":"2018-04-10T01:55:16.000Z","volume":400,"label":"X","price":27.793},{"type":"U","date":"2018-04-10T01:55:16.000Z","volume":400,"label":"X","price":27.793},{"type":"A","date":"2018-04-10T01:55:50.000Z","volume":800,"label":" ","price":27.85},{"type":"A","date":"2018-04-10T01:56:03.000Z","volume":800,"label":" ","price":27.8},{"type":"B","date":"2018-04-10T01:56:26.000Z","volume":2000,"label":" ","price":27.7},{"type":"U","date":"2018-04-10T01:56:33.000Z","volume":2800,"label":" ","price":27.75},{"type":"B","date":"2018-04-10T01:56:40.000Z","volume":4000,"label":" ","price":27.75},{"type":"B","date":"2018-04-10T01:56:45.000Z","volume":400,"label":" ","price":27.75},{"type":"A","date":"2018-04-10T01:56:45.000Z","volume":14800,"label":" ","price":27.8},{"type":"A","date":"2018-04-10T01:56:45.000Z","volume":1200,"label":" ","price":27.85},{"type":"B","date":"2018-04-10T01:56:50.000Z","volume":800,"label":" ","price":27.75},{"type":"B","date":"2018-04-10T01:56:54.000Z","volume":4000,"label":" ","price":27.75},{"type":"B","date":"2018-04-10T01:57:09.000Z","volume":2000,"label":" ","price":27.75},{"type":"B","date":"2018-04-10T01:57:23.000Z","volume":2000,"label":" ","price":27.75},{"type":"B","date":"2018-04-10T01:57:38.000Z","volume":2000,"label":" ","price":27.75},{"type":"B","date":"2018-04-10T01:57:41.000Z","volume":2000,"label":" ","price":27.75},{"type":"U","date":"2018-04-10T01:57:45.000Z","volume":100,"label":"D","price":27.5},{"type":"B","date":"2018-04-10T01:57:51.000Z","volume":4000,"label":" ","price":27.75},{"type":"B","date":"2018-04-10T01:57:54.000Z","volume":400,"label":" ","price":27.75},{"type":"B","date":"2018-04-10T01:57:54.000Z","volume":800,"label":"Y","price":27.75},{"type":"B","date":"2018-04-10T01:57:54.000Z","volume":10800,"label":" ","price":27.75},{"type":"B","date":"2018-04-10T01:57:54.000Z","volume":800,"label":" ","price":27.75},{"type":"B","date":"2018-04-10T01:57:54.000Z","volume":17200,"label":" ","price":27.75},{"type":"B","date":"2018-04-10T01:57:54.000Z","volume":8800,"label":" ","price":27.7},{"type":"B","date":"2018-04-10T01:58:16.000Z","volume":2000,"label":" ","price":27.6},{"type":"B","date":"2018-04-10T01:58:31.000Z","volume":2000,"label":" ","price":27.6},{"type":"A","date":"2018-04-10T01:58:38.000Z","volume":1600,"label":" ","price":27.65},{"type":"B","date":"2018-04-10T01:58:44.000Z","volume":2000,"label":" ","price":27.6},{"type":"B","date":"2018-04-10T01:58:46.000Z","volume":2000,"label":" ","price":27.6},{"type":"A","date":"2018-04-10T01:58:46.000Z","volume":1200,"label":" ","price":27.65},{"type":"A","date":"2018-04-10T01:58:52.000Z","volume":1200,"label":" ","price":27.65},{"type":"B","date":"2018-04-10T01:59:00.000Z","volume":4000,"label":" ","price":27.6},{"type":"A","date":"2018-04-10T01:59:00.000Z","volume":800,"label":" ","price":27.65},{"type":"A","date":"2018-04-10T01:59:09.000Z","volume":1200,"label":" ","price":27.65},{"type":"B","date":"2018-04-10T01:59:14.000Z","volume":4000,"label":" ","price":27.6},{"type":"B","date":"2018-04-10T01:59:28.000Z","volume":4000,"label":" ","price":27.6},{"type":"B","date":"2018-04-10T01:59:43.000Z","volume":4000,"label":" ","price":27.6},{"type":"B","date":"2018-04-10T01:59:43.000Z","volume":21200,"label":" ","price":27.6},{"type":"U","date":"2018-04-10T01:59:58.000Z","volume":1200,"label":"X","price":27.575},{"type":"U","date":"2018-04-10T02:00:16.000Z","volume":800,"label":"X","price":27.698},{"type":"U","date":"2018-04-10T02:00:16.000Z","volume":800,"label":"X","price":27.698},{"type":"U","date":"2018-04-10T02:00:16.000Z","volume":400,"label":"X","price":27.698},{"type":"U","date":"2018-04-10T02:00:16.000Z","volume":400,"label":"X","price":27.698},{"type":"U","date":"2018-04-10T02:00:16.000Z","volume":400,"label":"X","price":27.698},{"type":"B","date":"2018-04-10T02:00:23.000Z","volume":4800,"label":" ","price":27.55},{"type":"B","date":"2018-04-10T02:00:23.000Z","volume":8000,"label":" ","price":27.55},{"type":"B","date":"2018-04-10T02:01:01.000Z","volume":10000,"label":" ","price":27.5},{"type":"A","date":"2018-04-10T02:01:03.000Z","volume":1200,"label":" ","price":27.55},{"type":"B","date":"2018-04-10T02:01:12.000Z","volume":4000,"label":" ","price":27.5},{"type":"B","date":"2018-04-10T02:01:21.000Z","volume":1600,"label":" ","price":27.5},{"type":"A","date":"2018-04-10T02:01:21.000Z","volume":1200,"label":" ","price":27.55},{"type":"B","date":"2018-04-10T02:01:21.000Z","volume":8000,"label":" ","price":27.5},{"type":"B","date":"2018-04-10T02:01:26.000Z","volume":4000,"label":" ","price":27.5},{"type":"A","date":"2018-04-10T02:02:15.000Z","volume":400,"label":" ","price":27.55},{"type":"A","date":"2018-04-10T02:02:45.000Z","volume":18400,"label":" ","price":27.55},{"type":"A","date":"2018-04-10T02:02:45.000Z","volume":1600,"label":" ","price":27.6},{"type":"A","date":"2018-04-10T02:02:45.000Z","volume":400,"label":" ","price":27.6},{"type":"A","date":"2018-04-10T02:02:45.000Z","volume":800,"label":" ","price":27.6},{"type":"A","date":"2018-04-10T02:02:46.000Z","volume":2000,"label":" ","price":27.6},{"type":"B","date":"2018-04-10T02:03:02.000Z","volume":4000,"label":" ","price":27.55},{"type":"A","date":"2018-04-10T02:03:02.000Z","volume":2400,"label":" ","price":27.7},{"type":"A","date":"2018-04-10T02:03:03.000Z","volume":3600,"label":" ","price":27.7},{"type":"A","date":"2018-04-10T02:03:03.000Z","volume":1200,"label":" ","price":27.75},{"type":"U","date":"2018-04-10T02:03:05.000Z","volume":3600,"label":" ","price":27.7},{"type":"A","date":"2018-04-10T02:03:05.000Z","volume":63200,"label":" ","price":27.75},{"type":"U","date":"2018-04-10T02:03:13.000Z","volume":3600,"label":" ","price":27.7},{"type":"A","date":"2018-04-10T02:03:14.000Z","volume":18400,"label":" ","price":27.75},{"type":"B","date":"2018-04-10T02:03:15.000Z","volume":2000,"label":" ","price":27.55},{"type":"A","date":"2018-04-10T02:03:22.000Z","volume":8800,"label":" ","price":27.7},{"type":"A","date":"2018-04-10T02:03:22.000Z","volume":19200,"label":" ","price":27.75},{"type":"A","date":"2018-04-10T02:03:22.000Z","volume":2800,"label":" ","price":27.7},{"type":"A","date":"2018-04-10T02:03:22.000Z","volume":800,"label":" ","price":27.75},{"type":"A","date":"2018-04-10T02:03:22.000Z","volume":2800,"label":" ","price":27.75},{"type":"A","date":"2018-04-10T02:03:22.000Z","volume":6400,"label":" ","price":27.75},{"type":"A","date":"2018-04-10T02:03:22.000Z","volume":3600,"label":" ","price":27.75},{"type":"U","date":"2018-04-10T02:03:22.000Z","volume":3600,"label":" ","price":27.75},{"type":"U","date":"2018-04-10T02:03:22.000Z","volume":4000,"label":" ","price":27.75},{"type":"U","date":"2018-04-10T02:03:22.000Z","volume":3600,"label":" ","price":27.75},{"type":"A","date":"2018-04-10T02:03:22.000Z","volume":3600,"label":" ","price":27.75},{"type":"A","date":"2018-04-10T02:03:26.000Z","volume":13600,"label":" ","price":27.8},{"type":"B","date":"2018-04-10T02:03:29.000Z","volume":2000,"label":" ","price":27.6},{"type":"U","date":"2018-04-10T02:03:29.000Z","volume":3600,"label":" ","price":27.75},{"type":"U","date":"2018-04-10T02:03:29.000Z","volume":3600,"label":" ","price":27.75},{"type":"U","date":"2018-04-10T02:03:29.000Z","volume":3600,"label":" ","price":27.75},{"type":"U","date":"2018-04-10T02:03:36.000Z","volume":400,"label":"X","price":27.625},{"type":"B","date":"2018-04-10T02:03:44.000Z","volume":2000,"label":" ","price":27.6},{"type":"B","date":"2018-04-10T02:03:48.000Z","volume":6800,"label":" ","price":27.6},{"type":"U","date":"2018-04-10T02:03:48.000Z","volume":3600,"label":" ","price":27.65},{"type":"U","date":"2018-04-10T02:03:48.000Z","volume":3600,"label":" ","price":27.65},{"type":"U","date":"2018-04-10T02:03:48.000Z","volume":3600,"label":" ","price":27.65},{"type":"U","date":"2018-04-10T02:03:48.000Z","volume":3600,"label":" ","price":27.65},{"type":"U","date":"2018-04-10T02:03:48.000Z","volume":3600,"label":" ","price":27.65},{"type":"U","date":"2018-04-10T02:03:48.000Z","volume":400,"label":" ","price":27.65},{"type":"U","date":"2018-04-10T02:03:48.000Z","volume":400,"label":"Y","price":27.65},{"type":"B","date":"2018-04-10T02:04:00.000Z","volume":4000,"label":" ","price":27.55},{"type":"U","date":"2018-04-10T02:04:00.000Z","volume":400,"label":"Y","price":27.65},{"type":"U","date":"2018-04-10T02:04:00.000Z","volume":4400,"label":" ","price":27.65},{"type":"U","date":"2018-04-10T02:04:06.000Z","volume":1600,"label":"X","price":27.675},{"type":"B","date":"2018-04-10T02:04:12.000Z","volume":2000,"label":" ","price":27.55},{"type":"A","date":"2018-04-10T02:04:18.000Z","volume":3600,"label":" ","price":27.7},{"type":"B","date":"2018-04-10T02:04:25.000Z","volume":2000,"label":" ","price":27.55},{"type":"U","date":"2018-04-10T02:04:26.000Z","volume":400,"label":"X","price":27.625},{"type":"A","date":"2018-04-10T02:04:26.000Z","volume":1200,"label":" ","price":27.7},{"type":"U","date":"2018-04-10T02:04:29.000Z","volume":800,"label":"X","price":27.676},{"type":"U","date":"2018-04-10T02:04:29.000Z","volume":400,"label":"X","price":27.676},{"type":"U","date":"2018-04-10T02:04:29.000Z","volume":400,"label":"X","price":27.676},{"type":"U","date":"2018-04-10T02:04:29.000Z","volume":400,"label":"X","price":27.676},{"type":"U","date":"2018-04-10T02:04:29.000Z","volume":400,"label":"X","price":27.676},{"type":"U","date":"2018-04-10T02:04:29.000Z","volume":400,"label":"X","price":27.676},{"type":"U","date":"2018-04-10T02:04:29.000Z","volume":400,"label":"X","price":27.676},{"type":"U","date":"2018-04-10T02:04:29.000Z","volume":400,"label":"X","price":27.676},{"type":"A","date":"2018-04-10T02:04:41.000Z","volume":20000,"label":" ","price":27.7},{"type":"U","date":"2018-04-10T02:04:45.000Z","volume":400,"label":" ","price":27.65},{"type":"U","date":"2018-04-10T02:04:49.000Z","volume":1200,"label":"X","price":27.675},{"type":"A","date":"2018-04-10T02:04:51.000Z","volume":6400,"label":" ","price":27.7},{"type":"A","date":"2018-04-10T02:04:51.000Z","volume":2000,"label":" ","price":27.7},{"type":"A","date":"2018-04-10T02:04:52.000Z","volume":5600,"label":" ","price":27.75},{"type":"U","date":"2018-04-10T02:04:59.000Z","volume":4400,"label":" ","price":27.7},{"type":"U","date":"2018-04-10T02:04:59.000Z","volume":400,"label":" ","price":27.7},{"type":"B","date":"2018-04-10T02:05:01.000Z","volume":4800,"label":" ","price":27.65},{"type":"B","date":"2018-04-10T02:05:01.000Z","volume":400,"label":" ","price":27.65},{"type":"A","date":"2018-04-10T02:05:21.000Z","volume":1200,"label":" ","price":27.65},{"type":"U","date":"2018-04-10T02:05:21.000Z","volume":1600,"label":" ","price":27.65},{"type":"A","date":"2018-04-10T02:05:30.000Z","volume":2800,"label":" ","price":27.7},{"type":"A","date":"2018-04-10T02:05:46.000Z","volume":6000,"label":" ","price":27.75},{"type":"A","date":"2018-04-10T02:06:00.000Z","volume":6800,"label":" ","price":27.7},{"type":"A","date":"2018-04-10T02:06:05.000Z","volume":400,"label":" ","price":27.7},{"type":"U","date":"2018-04-10T02:06:31.000Z","volume":400,"label":"X","price":27.65},{"type":"A","date":"2018-04-10T02:06:37.000Z","volume":1200,"label":" ","price":27.7},{"type":"U","date":"2018-04-10T02:07:21.000Z","volume":400,"label":"X","price":27.65},{"type":"A","date":"2018-04-10T02:07:21.000Z","volume":1600,"label":" ","price":27.7},{"type":"B","date":"2018-04-10T02:07:37.000Z","volume":4000,"label":" ","price":27.6},{"type":"A","date":"2018-04-10T02:07:44.000Z","volume":1600,"label":" ","price":27.7},{"type":"B","date":"2018-04-10T02:07:49.000Z","volume":4000,"label":" ","price":27.6},{"type":"A","date":"2018-04-10T02:07:51.000Z","volume":400,"label":" ","price":27.7},{"type":"A","date":"2018-04-10T02:07:59.000Z","volume":1600,"label":" ","price":27.7},{"type":"B","date":"2018-04-10T02:08:01.000Z","volume":4000,"label":" ","price":27.6},{"type":"U","date":"2018-04-10T02:08:02.000Z","volume":400,"label":"X","price":27.65},{"type":"A","date":"2018-04-10T02:08:02.000Z","volume":1200,"label":" ","price":27.7},{"type":"A","date":"2018-04-10T02:08:13.000Z","volume":800,"label":" ","price":27.7},{"type":"A","date":"2018-04-10T02:08:13.000Z","volume":1600,"label":" ","price":27.7},{"type":"A","date":"2018-04-10T02:08:19.000Z","volume":400,"label":" ","price":27.7},{"type":"B","date":"2018-04-10T02:08:20.000Z","volume":4000,"label":" ","price":27.6},{"type":"A","date":"2018-04-10T02:08:22.000Z","volume":1600,"label":" ","price":27.7},{"type":"U","date":"2018-04-10T02:08:32.000Z","volume":400,"label":"X","price":27.65},{"type":"A","date":"2018-04-10T02:08:32.000Z","volume":1600,"label":" ","price":27.7},{"type":"A","date":"2018-04-10T02:08:56.000Z","volume":400,"label":" ","price":27.7},{"type":"U","date":"2018-04-10T02:09:14.000Z","volume":1200,"label":"X","price":27.675},{"type":"U","date":"2018-04-10T02:09:18.000Z","volume":400,"label":"X","price":27.675},{"type":"A","date":"2018-04-10T02:09:21.000Z","volume":1200,"label":" ","price":27.7},{"type":"B","date":"2018-04-10T02:09:43.000Z","volume":1600,"label":" ","price":27.65},{"type":"A","date":"2018-04-10T02:09:43.000Z","volume":400,"label":"Y","price":27.7},{"type":"A","date":"2018-04-10T02:09:43.000Z","volume":16000,"label":" ","price":27.7},{"type":"A","date":"2018-04-10T02:09:43.000Z","volume":800,"label":"Y","price":27.7},{"type":"A","date":"2018-04-10T02:09:43.000Z","volume":1200,"label":" ","price":27.7},{"type":"A","date":"2018-04-10T02:09:43.000Z","volume":28800,"label":" ","price":27.7},{"type":"A","date":"2018-04-10T02:09:45.000Z","volume":2800,"label":" ","price":27.7},{"type":"A","date":"2018-04-10T02:09:48.000Z","volume":1600,"label":" ","price":27.7},{"type":"A","date":"2018-04-10T02:09:49.000Z","volume":8400,"label":" ","price":27.7},{"type":"A","date":"2018-04-10T02:09:49.000Z","volume":400,"label":" ","price":27.7},{"type":"A","date":"2018-04-10T02:09:49.000Z","volume":8800,"label":" ","price":27.75},{"type":"A","date":"2018-04-10T02:09:50.000Z","volume":400,"label":" ","price":27.7},{"type":"A","date":"2018-04-10T02:09:56.000Z","volume":800,"label":" ","price":27.75},{"type":"A","date":"2018-04-10T02:10:05.000Z","volume":400,"label":"Y","price":27.75},{"type":"A","date":"2018-04-10T02:10:05.000Z","volume":800,"label":" ","price":27.75},{"type":"U","date":"2018-04-10T02:10:06.000Z","volume":2000,"label":"X","price":27.675},{"type":"A","date":"2018-04-10T02:10:12.000Z","volume":400,"label":" ","price":27.8},{"type":"U","date":"2018-04-10T02:10:17.000Z","volume":2400,"label":" ","price":27.75},{"type":"A","date":"2018-04-10T02:10:19.000Z","volume":400,"label":" ","price":27.8},{"type":"A","date":"2018-04-10T02:10:22.000Z","volume":40000,"label":" ","price":27.8},{"type":"A","date":"2018-04-10T02:10:22.000Z","volume":1600,"label":" ","price":27.8},{"type":"A","date":"2018-04-10T02:10:25.000Z","volume":1600,"label":" ","price":27.8},{"type":"A","date":"2018-04-10T02:10:48.000Z","volume":20000,"label":" ","price":27.85},{"type":"A","date":"2018-04-10T02:10:50.000Z","volume":800,"label":" ","price":27.85},{"type":"B","date":"2018-04-10T02:11:21.000Z","volume":6400,"label":" ","price":27.8},{"type":"B","date":"2018-04-10T02:11:21.000Z","volume":400,"label":" ","price":27.8},{"type":"B","date":"2018-04-10T02:11:21.000Z","volume":4400,"label":" ","price":27.8},{"type":"A","date":"2018-04-10T02:11:21.000Z","volume":800,"label":" ","price":27.85},{"type":"B","date":"2018-04-10T02:11:21.000Z","volume":400,"label":" ","price":27.8},{"type":"A","date":"2018-04-10T02:12:10.000Z","volume":4000,"label":" ","price":27.85},{"type":"B","date":"2018-04-10T02:12:25.000Z","volume":400,"label":" ","price":27.8},{"type":"A","date":"2018-04-10T02:12:27.000Z","volume":400,"label":" ","price":27.85},{"type":"A","date":"2018-04-10T02:12:30.000Z","volume":400,"label":" ","price":27.85},{"type":"A","date":"2018-04-10T02:12:33.000Z","volume":4000,"label":" ","price":27.85},{"type":"A","date":"2018-04-10T02:12:33.000Z","volume":400,"label":" ","price":27.85},{"type":"A","date":"2018-04-10T02:12:52.000Z","volume":4000,"label":" ","price":27.85},{"type":"A","date":"2018-04-10T02:12:58.000Z","volume":4000,"label":" ","price":27.85},{"type":"A","date":"2018-04-10T02:13:00.000Z","volume":800,"label":" ","price":27.85},{"type":"B","date":"2018-04-10T02:13:17.000Z","volume":3200,"label":" ","price":27.8},{"type":"A","date":"2018-04-10T02:13:36.000Z","volume":3200,"label":" ","price":27.85},{"type":"A","date":"2018-04-10T02:13:41.000Z","volume":2000,"label":" ","price":27.85},{"type":"B","date":"2018-04-10T02:13:41.000Z","volume":2400,"label":" ","price":27.85},{"type":"B","date":"2018-04-10T02:13:44.000Z","volume":1200,"label":" ","price":27.85},{"type":"A","date":"2018-04-10T02:14:11.000Z","volume":23200,"label":" ","price":27.9},{"type":"B","date":"2018-04-10T02:14:11.000Z","volume":400,"label":" ","price":27.85},{"type":"U","date":"2018-04-10T02:14:29.000Z","volume":800,"label":"X","price":27.757},{"type":"U","date":"2018-04-10T02:14:29.000Z","volume":800,"label":"X","price":27.757},{"type":"U","date":"2018-04-10T02:14:29.000Z","volume":800,"label":"X","price":27.757},{"type":"U","date":"2018-04-10T02:14:29.000Z","volume":800,"label":"X","price":27.757},{"type":"U","date":"2018-04-10T02:14:29.000Z","volume":400,"label":"X","price":27.757},{"type":"U","date":"2018-04-10T02:14:29.000Z","volume":400,"label":"X","price":27.757},{"type":"U","date":"2018-04-10T02:14:29.000Z","volume":400,"label":"X","price":27.757},{"type":"U","date":"2018-04-10T02:14:29.000Z","volume":400,"label":"X","price":27.757},{"type":"U","date":"2018-04-10T02:14:29.000Z","volume":400,"label":"X","price":27.757},{"type":"U","date":"2018-04-10T02:14:29.000Z","volume":400,"label":"X","price":27.757},{"type":"U","date":"2018-04-10T02:14:29.000Z","volume":400,"label":"X","price":27.757},{"type":"A","date":"2018-04-10T02:14:29.000Z","volume":4000,"label":" ","price":27.9},{"type":"B","date":"2018-04-10T02:14:43.000Z","volume":10000,"label":" ","price":27.85},{"type":"A","date":"2018-04-10T02:15:13.000Z","volume":400,"label":" ","price":27.9},{"type":"B","date":"2018-04-10T02:15:20.000Z","volume":2000,"label":" ","price":27.85},{"type":"A","date":"2018-04-10T02:15:21.000Z","volume":1200,"label":"Y","price":27.9},{"type":"A","date":"2018-04-10T02:15:21.000Z","volume":19600,"label":" ","price":27.9},{"type":"A","date":"2018-04-10T02:15:21.000Z","volume":72800,"label":" ","price":27.95},{"type":"B","date":"2018-04-10T02:15:21.000Z","volume":5200,"label":" ","price":27.85},{"type":"B","date":"2018-04-10T02:15:21.000Z","volume":400,"label":" ","price":27.85},{"type":"B","date":"2018-04-10T02:15:22.000Z","volume":2800,"label":" ","price":27.8},{"type":"A","date":"2018-04-10T02:15:28.000Z","volume":6800,"label":" ","price":27.9},{"type":"A","date":"2018-04-10T02:15:28.000Z","volume":3200,"label":" ","price":27.9},{"type":"B","date":"2018-04-10T02:15:32.000Z","volume":2000,"label":" ","price":27.85},{"type":"B","date":"2018-04-10T02:15:44.000Z","volume":6400,"label":" ","price":27.85},{"type":"B","date":"2018-04-10T02:15:54.000Z","volume":2000,"label":" ","price":27.8},{"type":"B","date":"2018-04-10T02:16:05.000Z","volume":400,"label":" ","price":27.8},{"type":"B","date":"2018-04-10T02:16:10.000Z","volume":12400,"label":" ","price":27.8},{"type":"A","date":"2018-04-10T02:16:11.000Z","volume":2000,"label":" ","price":27.8},{"type":"B","date":"2018-04-10T02:16:18.000Z","volume":1200,"label":" ","price":27.75},{"type":"B","date":"2018-04-10T02:16:49.000Z","volume":400,"label":" ","price":27.75},{"type":"A","date":"2018-04-10T02:17:10.000Z","volume":4000,"label":" ","price":27.8},{"type":"A","date":"2018-04-10T02:17:43.000Z","volume":8000,"label":" ","price":27.8},{"type":"A","date":"2018-04-10T02:17:43.000Z","volume":5600,"label":" ","price":27.8},{"type":"B","date":"2018-04-10T02:18:02.000Z","volume":4000,"label":" ","price":27.75},{"type":"A","date":"2018-04-10T02:18:02.000Z","volume":1200,"label":"Y","price":27.8},{"type":"A","date":"2018-04-10T02:18:02.000Z","volume":800,"label":" ","price":27.8},{"type":"B","date":"2018-04-10T02:18:14.000Z","volume":2000,"label":" ","price":27.75},{"type":"B","date":"2018-04-10T02:18:20.000Z","volume":2000,"label":" ","price":27.75},{"type":"B","date":"2018-04-10T02:18:28.000Z","volume":2000,"label":" ","price":27.75},{"type":"A","date":"2018-04-10T02:18:30.000Z","volume":1200,"label":"Y","price":27.8},{"type":"A","date":"2018-04-10T02:18:30.000Z","volume":800,"label":" ","price":27.8},{"type":"A","date":"2018-04-10T02:18:30.000Z","volume":800,"label":" ","price":27.8},{"type":"B","date":"2018-04-10T02:18:42.000Z","volume":2000,"label":" ","price":27.75},{"type":"B","date":"2018-04-10T02:18:56.000Z","volume":2000,"label":" ","price":27.75},{"type":"B","date":"2018-04-10T02:19:20.000Z","volume":1600,"label":" ","price":27.75},{"type":"B","date":"2018-04-10T02:19:26.000Z","volume":400,"label":" ","price":27.75},{"type":"B","date":"2018-04-10T02:19:32.000Z","volume":2000,"label":" ","price":27.75},{"type":"A","date":"2018-04-10T02:19:34.000Z","volume":1200,"label":" ","price":27.8},{"type":"A","date":"2018-04-10T02:19:36.000Z","volume":400,"label":" ","price":27.8},{"type":"U","date":"2018-04-10T02:19:43.000Z","volume":100,"label":"D","price":27.5},{"type":"B","date":"2018-04-10T02:19:45.000Z","volume":2000,"label":" ","price":27.75},{"type":"A","date":"2018-04-10T02:19:51.000Z","volume":4000,"label":" ","price":27.8},{"type":"A","date":"2018-04-10T02:19:57.000Z","volume":6000,"label":" ","price":27.8},{"type":"A","date":"2018-04-10T02:19:57.000Z","volume":3600,"label":" ","price":27.85},{"type":"A","date":"2018-04-10T02:19:57.000Z","volume":8000,"label":" ","price":27.85},{"type":"U","date":"2018-04-10T02:19:58.000Z","volume":400,"label":" ","price":27.85},{"type":"U","date":"2018-04-10T02:19:58.000Z","volume":400,"label":" ","price":27.85},{"type":"B","date":"2018-04-10T02:20:00.000Z","volume":2000,"label":" ","price":27.8},{"type":"A","date":"2018-04-10T02:20:01.000Z","volume":400,"label":" ","price":27.85},{"type":"A","date":"2018-04-10T02:20:03.000Z","volume":400,"label":" ","price":27.9},{"type":"B","date":"2018-04-10T02:20:21.000Z","volume":4000,"label":" ","price":27.8},{"type":"A","date":"2018-04-10T02:20:21.000Z","volume":2400,"label":" ","price":27.9},{"type":"B","date":"2018-04-10T02:20:34.000Z","volume":4000,"label":" ","price":27.8},{"type":"A","date":"2018-04-10T02:20:34.000Z","volume":1600,"label":" ","price":27.9},{"type":"U","date":"2018-04-10T02:20:36.000Z","volume":800,"label":" ","price":27.85},{"type":"B","date":"2018-04-10T02:20:36.000Z","volume":20000,"label":" ","price":27.8},{"type":"B","date":"2018-04-10T02:20:36.000Z","volume":1200,"label":" ","price":27.8},{"type":"A","date":"2018-04-10T02:20:38.000Z","volume":800,"label":"Y","price":27.8},{"type":"A","date":"2018-04-10T02:20:38.000Z","volume":400,"label":" ","price":27.8},{"type":"A","date":"2018-04-10T02:20:38.000Z","volume":400,"label":" ","price":27.8},{"type":"A","date":"2018-04-10T02:20:42.000Z","volume":400,"label":" ","price":27.8},{"type":"B","date":"2018-04-10T02:20:46.000Z","volume":4000,"label":" ","price":27.75},{"type":"A","date":"2018-04-10T02:20:48.000Z","volume":400,"label":" ","price":27.8},{"type":"A","date":"2018-04-10T02:20:50.000Z","volume":400,"label":" ","price":27.85},{"type":"B","date":"2018-04-10T02:20:57.000Z","volume":4000,"label":" ","price":27.75},{"type":"A","date":"2018-04-10T02:21:00.000Z","volume":800,"label":" ","price":27.8},{"type":"B","date":"2018-04-10T02:21:12.000Z","volume":2000,"label":" ","price":27.75},{"type":"A","date":"2018-04-10T02:21:17.000Z","volume":400,"label":" ","price":27.8},{"type":"B","date":"2018-04-10T02:21:24.000Z","volume":4000,"label":" ","price":27.75},{"type":"A","date":"2018-04-10T02:21:24.000Z","volume":400,"label":"Y","price":27.8},{"type":"A","date":"2018-04-10T02:21:24.000Z","volume":400,"label":" ","price":27.8},{"type":"B","date":"2018-04-10T02:21:58.000Z","volume":2000,"label":" ","price":27.75},{"type":"U","date":"2018-04-10T02:22:05.000Z","volume":232,"label":"D","price":27.45},{"type":"B","date":"2018-04-10T02:22:56.000Z","volume":4000,"label":" ","price":27.75},{"type":"B","date":"2018-04-10T02:22:58.000Z","volume":2000,"label":" ","price":27.75},{"type":"A","date":"2018-04-10T02:22:59.000Z","volume":400,"label":" ","price":27.8},{"type":"A","date":"2018-04-10T02:23:00.000Z","volume":400,"label":" ","price":27.8},{"type":"A","date":"2018-04-10T02:23:12.000Z","volume":400,"label":" ","price":27.8},{"type":"A","date":"2018-04-10T02:24:26.000Z","volume":400,"label":" ","price":27.8},{"type":"A","date":"2018-04-10T02:24:26.000Z","volume":400,"label":" ","price":27.8},{"type":"A","date":"2018-04-10T02:24:27.000Z","volume":400,"label":" ","price":27.8},{"type":"U","date":"2018-04-10T02:24:29.000Z","volume":400,"label":"X","price":27.851},{"type":"U","date":"2018-04-10T02:24:29.000Z","volume":1200,"label":"X","price":27.851},{"type":"U","date":"2018-04-10T02:24:29.000Z","volume":1200,"label":"X","price":27.851},{"type":"U","date":"2018-04-10T02:24:29.000Z","volume":800,"label":"X","price":27.851},{"type":"U","date":"2018-04-10T02:24:29.000Z","volume":800,"label":"X","price":27.851},{"type":"U","date":"2018-04-10T02:24:29.000Z","volume":400,"label":"X","price":27.851},{"type":"U","date":"2018-04-10T02:24:29.000Z","volume":400,"label":"X","price":27.851},{"type":"U","date":"2018-04-10T02:24:29.000Z","volume":400,"label":"X","price":27.851},{"type":"U","date":"2018-04-10T02:24:29.000Z","volume":400,"label":"X","price":27.851},{"type":"A","date":"2018-04-10T02:24:29.000Z","volume":2000,"label":"Y","price":27.8},{"type":"A","date":"2018-04-10T02:24:29.000Z","volume":4000,"label":" ","price":27.8},{"type":"A","date":"2018-04-10T02:24:30.000Z","volume":800,"label":"Y","price":27.8},{"type":"A","date":"2018-04-10T02:24:30.000Z","volume":2800,"label":" ","price":27.8},{"type":"A","date":"2018-04-10T02:24:30.000Z","volume":400,"label":" ","price":27.8},{"type":"A","date":"2018-04-10T02:24:30.000Z","volume":1200,"label":" ","price":27.85},{"type":"U","date":"2018-04-10T02:24:30.000Z","volume":800,"label":"X","price":27.85},{"type":"A","date":"2018-04-10T02:24:31.000Z","volume":6400,"label":" ","price":27.85},{"type":"A","date":"2018-04-10T02:24:32.000Z","volume":400,"label":" ","price":27.85},{"type":"B","date":"2018-04-10T02:24:49.000Z","volume":2000,"label":" ","price":27.8},{"type":"A","date":"2018-04-10T02:24:51.000Z","volume":1200,"label":" ","price":27.85},{"type":"B","date":"2018-04-10T02:25:04.000Z","volume":2000,"label":" ","price":27.8},{"type":"B","date":"2018-04-10T02:25:15.000Z","volume":2000,"label":" ","price":27.8},{"type":"A","date":"2018-04-10T02:26:30.000Z","volume":16400,"label":" ","price":27.85},{"type":"A","date":"2018-04-10T02:26:30.000Z","volume":1200,"label":"Y","price":27.85},{"type":"A","date":"2018-04-10T02:26:30.000Z","volume":6800,"label":" ","price":27.85},{"type":"A","date":"2018-04-10T02:26:36.000Z","volume":800,"label":" ","price":27.85},{"type":"A","date":"2018-04-10T02:26:36.000Z","volume":400,"label":" ","price":27.85},{"type":"A","date":"2018-04-10T02:26:36.000Z","volume":2800,"label":" ","price":27.85},{"type":"A","date":"2018-04-10T02:26:38.000Z","volume":1600,"label":" ","price":27.9},{"type":"A","date":"2018-04-10T02:26:59.000Z","volume":800,"label":" ","price":27.9},{"type":"A","date":"2018-04-10T02:27:01.000Z","volume":400,"label":" ","price":27.9},{"type":"A","date":"2018-04-10T02:27:08.000Z","volume":29200,"label":" ","price":27.9},{"type":"A","date":"2018-04-10T02:27:09.000Z","volume":11600,"label":" ","price":27.95},{"type":"U","date":"2018-04-10T02:27:11.000Z","volume":200,"label":"D","price":27.5},{"type":"B","date":"2018-04-10T02:27:16.000Z","volume":1600,"label":" ","price":27.9},{"type":"A","date":"2018-04-10T02:27:27.000Z","volume":800,"label":"Y","price":27.95},{"type":"A","date":"2018-04-10T02:27:27.000Z","volume":56800,"label":" ","price":27.95},{"type":"A","date":"2018-04-10T02:27:27.000Z","volume":144400,"label":" ","price":28},{"type":"A","date":"2018-04-10T02:27:27.000Z","volume":400,"label":" ","price":27.95},{"type":"A","date":"2018-04-10T02:27:27.000Z","volume":400,"label":" ","price":27.95},{"type":"U","date":"2018-04-10T02:27:32.000Z","volume":3600,"label":" ","price":28},{"type":"U","date":"2018-04-10T02:27:32.000Z","volume":400,"label":" ","price":28},{"type":"U","date":"2018-04-10T02:27:33.000Z","volume":4400,"label":" ","price":27.95},{"type":"U","date":"2018-04-10T02:27:36.000Z","volume":2000,"label":"X","price":27.95},{"type":"U","date":"2018-04-10T02:27:41.000Z","volume":1600,"label":"X","price":27.95},{"type":"U","date":"2018-04-10T02:27:41.000Z","volume":400,"label":"X","price":27.95},{"type":"A","date":"2018-04-10T02:28:08.000Z","volume":400,"label":" ","price":28.05},{"type":"A","date":"2018-04-10T02:28:14.000Z","volume":10000,"label":" ","price":28.05},{"type":"A","date":"2018-04-10T02:28:14.000Z","volume":10000,"label":" ","price":28.05},{"type":"A","date":"2018-04-10T02:28:15.000Z","volume":10000,"label":" ","price":28.05},{"type":"A","date":"2018-04-10T02:28:17.000Z","volume":10000,"label":" ","price":28.05},{"type":"U","date":"2018-04-10T02:28:17.000Z","volume":400,"label":"X","price":27.96},{"type":"U","date":"2018-04-10T02:28:17.000Z","volume":400,"label":"X","price":27.96},{"type":"U","date":"2018-04-10T02:28:17.000Z","volume":400,"label":"X","price":27.96},{"type":"U","date":"2018-04-10T02:28:17.000Z","volume":400,"label":"X","price":27.96},{"type":"U","date":"2018-04-10T02:28:17.000Z","volume":400,"label":"X","price":27.96},{"type":"U","date":"2018-04-10T02:28:17.000Z","volume":400,"label":"X","price":27.96},{"type":"U","date":"2018-04-10T02:28:17.000Z","volume":400,"label":"X","price":27.96},{"type":"U","date":"2018-04-10T02:28:17.000Z","volume":400,"label":"X","price":27.96},{"type":"U","date":"2018-04-10T02:28:17.000Z","volume":400,"label":"X","price":27.96},{"type":"A","date":"2018-04-10T02:28:18.000Z","volume":800,"label":" ","price":28.05},{"type":"A","date":"2018-04-10T02:28:25.000Z","volume":10000,"label":" ","price":28.05},{"type":"A","date":"2018-04-10T02:28:25.000Z","volume":22400,"label":" ","price":28.05},{"type":"A","date":"2018-04-10T02:28:28.000Z","volume":400,"label":" ","price":28.1},{"type":"B","date":"2018-04-10T02:28:29.000Z","volume":400,"label":" ","price":28.1},{"type":"A","date":"2018-04-10T02:28:30.000Z","volume":400,"label":" ","price":28.1},{"type":"U","date":"2018-04-10T02:28:39.000Z","volume":2000,"label":" ","price":28.1},{"type":"A","date":"2018-04-10T02:28:57.000Z","volume":800,"label":" ","price":28.15},{"type":"A","date":"2018-04-10T02:28:59.000Z","volume":4000,"label":" ","price":28.15},{"type":"A","date":"2018-04-10T02:29:03.000Z","volume":800,"label":" ","price":28.15},{"type":"B","date":"2018-04-10T02:29:04.000Z","volume":4000,"label":" ","price":28.1},{"type":"B","date":"2018-04-10T02:29:04.000Z","volume":4800,"label":" ","price":28.1},{"type":"B","date":"2018-04-10T02:29:04.000Z","volume":2800,"label":" ","price":28.1},{"type":"B","date":"2018-04-10T02:29:04.000Z","volume":400,"label":" ","price":28.1},{"type":"A","date":"2018-04-10T02:29:10.000Z","volume":800,"label":" ","price":28.1},{"type":"B","date":"2018-04-10T02:29:13.000Z","volume":4000,"label":" ","price":28.05},{"type":"A","date":"2018-04-10T02:29:16.000Z","volume":6000,"label":" ","price":28.05},{"type":"A","date":"2018-04-10T02:29:16.000Z","volume":4000,"label":" ","price":28.1},{"type":"A","date":"2018-04-10T02:29:40.000Z","volume":4000,"label":" ","price":28.05},{"type":"B","date":"2018-04-10T02:29:44.000Z","volume":800,"label":" ","price":28},{"type":"B","date":"2018-04-10T02:30:03.000Z","volume":2000,"label":" ","price":28},{"type":"B","date":"2018-04-10T02:30:03.000Z","volume":4800,"label":" ","price":28},{"type":"B","date":"2018-04-10T02:30:03.000Z","volume":6000,"label":" ","price":28},{"type":"B","date":"2018-04-10T02:30:03.000Z","volume":5600,"label":" ","price":28},{"type":"B","date":"2018-04-10T02:30:03.000Z","volume":2000,"label":" ","price":28},{"type":"U","date":"2018-04-10T02:30:04.000Z","volume":3200,"label":" ","price":28},{"type":"U","date":"2018-04-10T02:30:04.000Z","volume":3200,"label":" ","price":28},{"type":"A","date":"2018-04-10T02:30:04.000Z","volume":3200,"label":" ","price":28},{"type":"A","date":"2018-04-10T02:30:04.000Z","volume":3200,"label":" ","price":28},{"type":"A","date":"2018-04-10T02:30:04.000Z","volume":3200,"label":" ","price":28},{"type":"A","date":"2018-04-10T02:30:04.000Z","volume":3200,"label":" ","price":28},{"type":"A","date":"2018-04-10T02:30:04.000Z","volume":400,"label":" ","price":28},{"type":"B","date":"2018-04-10T02:30:07.000Z","volume":13600,"label":" ","price":27.95},{"type":"B","date":"2018-04-10T02:30:07.000Z","volume":400,"label":" ","price":27.95},{"type":"U","date":"2018-04-10T02:30:12.000Z","volume":3200,"label":" ","price":28},{"type":"U","date":"2018-04-10T02:30:12.000Z","volume":3200,"label":" ","price":28},{"type":"U","date":"2018-04-10T02:30:12.000Z","volume":800,"label":" ","price":28},{"type":"U","date":"2018-04-10T02:30:12.000Z","volume":3200,"label":" ","price":28},{"type":"U","date":"2018-04-10T02:30:12.000Z","volume":3200,"label":" ","price":28},{"type":"U","date":"2018-04-10T02:30:12.000Z","volume":400,"label":" ","price":28},{"type":"U","date":"2018-04-10T02:30:12.000Z","volume":3200,"label":" ","price":28},{"type":"U","date":"2018-04-10T02:30:12.000Z","volume":400,"label":" ","price":28},{"type":"A","date":"2018-04-10T02:30:12.000Z","volume":3200,"label":" ","price":28},{"type":"U","date":"2018-04-10T02:30:15.000Z","volume":4400,"label":" ","price":27.95},{"type":"U","date":"2018-04-10T02:30:19.000Z","volume":3200,"label":" ","price":28},{"type":"U","date":"2018-04-10T02:30:19.000Z","volume":400,"label":"Y","price":28},{"type":"U","date":"2018-04-10T02:30:19.000Z","volume":3200,"label":" ","price":28},{"type":"U","date":"2018-04-10T02:30:20.000Z","volume":400,"label":" ","price":28},{"type":"U","date":"2018-04-10T02:30:28.000Z","volume":6400,"label":" ","price":28},{"type":"U","date":"2018-04-10T02:30:30.000Z","volume":400,"label":"X","price":28.027},{"type":"U","date":"2018-04-10T02:30:30.000Z","volume":400,"label":"X","price":28.027},{"type":"U","date":"2018-04-10T02:30:30.000Z","volume":400,"label":"X","price":28.027},{"type":"U","date":"2018-04-10T02:30:48.000Z","volume":200,"label":"D","price":27.7},{"type":"B","date":"2018-04-10T02:31:49.000Z","volume":400,"label":" ","price":27.9},{"type":"A","date":"2018-04-10T02:32:57.000Z","volume":400,"label":" ","price":28},{"type":"A","date":"2018-04-10T02:33:39.000Z","volume":400,"label":" ","price":28},{"type":"A","date":"2018-04-10T02:33:41.000Z","volume":800,"label":" ","price":28},{"type":"A","date":"2018-04-10T02:33:42.000Z","volume":400,"label":" ","price":28},{"type":"B","date":"2018-04-10T02:33:43.000Z","volume":7600,"label":" ","price":27.95},{"type":"A","date":"2018-04-10T02:34:47.000Z","volume":6000,"label":" ","price":28},{"type":"A","date":"2018-04-10T02:34:49.000Z","volume":400,"label":"Y","price":28},{"type":"A","date":"2018-04-10T02:34:49.000Z","volume":400,"label":" ","price":28},{"type":"A","date":"2018-04-10T02:35:10.000Z","volume":800,"label":" ","price":28},{"type":"A","date":"2018-04-10T02:35:11.000Z","volume":400,"label":" ","price":28},{"type":"A","date":"2018-04-10T02:35:29.000Z","volume":800,"label":" ","price":28},{"type":"U","date":"2018-04-10T02:35:36.000Z","volume":800,"label":"X","price":27.978},{"type":"U","date":"2018-04-10T02:35:36.000Z","volume":400,"label":"X","price":27.978},{"type":"U","date":"2018-04-10T02:35:36.000Z","volume":400,"label":"X","price":27.978},{"type":"U","date":"2018-04-10T02:35:36.000Z","volume":400,"label":"X","price":27.978},{"type":"A","date":"2018-04-10T02:35:41.000Z","volume":2000,"label":" ","price":28},{"type":"A","date":"2018-04-10T02:35:42.000Z","volume":400,"label":" ","price":28},{"type":"A","date":"2018-04-10T02:35:53.000Z","volume":400,"label":"Y","price":28},{"type":"A","date":"2018-04-10T02:35:53.000Z","volume":400,"label":" ","price":28},{"type":"A","date":"2018-04-10T02:35:55.000Z","volume":400,"label":" ","price":28},{"type":"A","date":"2018-04-10T02:35:56.000Z","volume":2800,"label":"Y","price":28},{"type":"A","date":"2018-04-10T02:35:56.000Z","volume":2000,"label":" ","price":28},{"type":"A","date":"2018-04-10T02:35:57.000Z","volume":800,"label":" ","price":28},{"type":"A","date":"2018-04-10T02:35:59.000Z","volume":1600,"label":" ","price":28},{"type":"A","date":"2018-04-10T02:36:01.000Z","volume":400,"label":" ","price":28},{"type":"A","date":"2018-04-10T02:36:01.000Z","volume":1600,"label":" ","price":28},{"type":"A","date":"2018-04-10T02:36:01.000Z","volume":6000,"label":" ","price":28},{"type":"A","date":"2018-04-10T02:36:03.000Z","volume":1600,"label":" ","price":28.05},{"type":"B","date":"2018-04-10T02:36:14.000Z","volume":2000,"label":" ","price":28},{"type":"B","date":"2018-04-10T02:36:14.000Z","volume":14800,"label":" ","price":28},{"type":"B","date":"2018-04-10T02:36:14.000Z","volume":400,"label":"Y","price":28},{"type":"A","date":"2018-04-10T02:36:15.000Z","volume":400,"label":" ","price":28},{"type":"U","date":"2018-04-10T02:36:37.000Z","volume":400,"label":"X","price":27.975},{"type":"U","date":"2018-04-10T02:36:37.000Z","volume":400,"label":"X","price":27.975},{"type":"A","date":"2018-04-10T02:37:03.000Z","volume":1600,"label":" ","price":28},{"type":"A","date":"2018-04-10T02:37:03.000Z","volume":400,"label":" ","price":28},{"type":"A","date":"2018-04-10T02:37:34.000Z","volume":2000,"label":" ","price":28},{"type":"A","date":"2018-04-10T02:37:34.000Z","volume":400,"label":" ","price":28},{"type":"A","date":"2018-04-10T02:37:35.000Z","volume":800,"label":" ","price":28},{"type":"A","date":"2018-04-10T02:37:36.000Z","volume":400,"label":"Y","price":28},{"type":"B","date":"2018-04-10T02:38:04.000Z","volume":800,"label":" ","price":27.95},{"type":"U","date":"2018-04-10T02:38:05.000Z","volume":200,"label":"D","price":27.7},{"type":"B","date":"2018-04-10T02:38:26.000Z","volume":10000,"label":" ","price":27.95},{"type":"B","date":"2018-04-10T02:38:26.000Z","volume":11600,"label":" ","price":27.95},{"type":"B","date":"2018-04-10T02:38:27.000Z","volume":2400,"label":" ","price":27.9},{"type":"B","date":"2018-04-10T02:38:27.000Z","volume":3200,"label":" ","price":27.9},{"type":"B","date":"2018-04-10T02:38:29.000Z","volume":800,"label":" ","price":27.85},{"type":"B","date":"2018-04-10T02:38:29.000Z","volume":800,"label":" ","price":27.8},{"type":"B","date":"2018-04-10T02:38:30.000Z","volume":400,"label":" ","price":27.8},{"type":"A","date":"2018-04-10T02:38:30.000Z","volume":2800,"label":" ","price":27.85},{"type":"B","date":"2018-04-10T02:38:30.000Z","volume":1200,"label":" ","price":27.8},{"type":"A","date":"2018-04-10T02:38:30.000Z","volume":3200,"label":" ","price":27.85},{"type":"A","date":"2018-04-10T02:38:31.000Z","volume":800,"label":" ","price":27.85},{"type":"A","date":"2018-04-10T02:38:31.000Z","volume":1200,"label":"Y","price":27.9},{"type":"A","date":"2018-04-10T02:38:33.000Z","volume":800,"label":" ","price":27.95},{"type":"B","date":"2018-04-10T02:39:34.000Z","volume":2000,"label":" ","price":27.8},{"type":"A","date":"2018-04-10T02:39:35.000Z","volume":400,"label":"Y","price":27.95},{"type":"A","date":"2018-04-10T02:39:36.000Z","volume":800,"label":" ","price":27.95},{"type":"B","date":"2018-04-10T02:39:54.000Z","volume":1600,"label":" ","price":27.85},{"type":"A","date":"2018-04-10T02:39:56.000Z","volume":400,"label":" ","price":27.9},{"type":"B","date":"2018-04-10T02:40:04.000Z","volume":4000,"label":" ","price":27.85},{"type":"A","date":"2018-04-10T02:40:05.000Z","volume":800,"label":"Y","price":27.9},{"type":"A","date":"2018-04-10T02:40:05.000Z","volume":1200,"label":" ","price":27.9},{"type":"A","date":"2018-04-10T02:40:05.000Z","volume":1200,"label":" ","price":27.9},{"type":"B","date":"2018-04-10T02:40:08.000Z","volume":800,"label":" ","price":27.85},{"type":"A","date":"2018-04-10T02:40:08.000Z","volume":1600,"label":" ","price":27.9},{"type":"A","date":"2018-04-10T02:40:09.000Z","volume":400,"label":"Y","price":27.95},{"type":"A","date":"2018-04-10T02:40:09.000Z","volume":400,"label":" ","price":27.95},{"type":"B","date":"2018-04-10T02:40:17.000Z","volume":4000,"label":" ","price":27.9},{"type":"A","date":"2018-04-10T02:40:17.000Z","volume":800,"label":" ","price":27.95},{"type":"U","date":"2018-04-10T02:40:23.000Z","volume":200,"label":"D","price":27.7},{"type":"B","date":"2018-04-10T02:40:51.000Z","volume":2000,"label":" ","price":27.9},{"type":"U","date":"2018-04-10T02:41:01.000Z","volume":100,"label":"D","price":27.7},{"type":"B","date":"2018-04-10T02:41:01.000Z","volume":2000,"label":" ","price":27.9},{"type":"A","date":"2018-04-10T02:41:03.000Z","volume":400,"label":" ","price":27.95},{"type":"B","date":"2018-04-10T02:41:04.000Z","volume":400,"label":" ","price":27.9},{"type":"B","date":"2018-04-10T02:41:25.000Z","volume":2000,"label":" ","price":27.9},{"type":"B","date":"2018-04-10T02:41:37.000Z","volume":2000,"label":" ","price":27.9},{"type":"A","date":"2018-04-10T02:41:37.000Z","volume":400,"label":" ","price":27.95},{"type":"B","date":"2018-04-10T02:41:50.000Z","volume":12000,"label":" ","price":27.9},{"type":"B","date":"2018-04-10T02:41:51.000Z","volume":400,"label":" ","price":27.9},{"type":"A","date":"2018-04-10T02:42:00.000Z","volume":400,"label":" ","price":27.95},{"type":"A","date":"2018-04-10T02:42:00.000Z","volume":400,"label":" ","price":27.95},{"type":"B","date":"2018-04-10T02:42:01.000Z","volume":400,"label":" ","price":27.9},{"type":"B","date":"2018-04-10T02:42:02.000Z","volume":2000,"label":" ","price":27.9},{"type":"B","date":"2018-04-10T02:42:02.000Z","volume":400,"label":" ","price":27.9},{"type":"A","date":"2018-04-10T02:42:03.000Z","volume":400,"label":" ","price":27.95},{"type":"B","date":"2018-04-10T02:42:04.000Z","volume":400,"label":" ","price":27.9},{"type":"A","date":"2018-04-10T02:42:05.000Z","volume":400,"label":" ","price":27.95},{"type":"B","date":"2018-04-10T02:42:07.000Z","volume":1200,"label":" ","price":27.9},{"type":"B","date":"2018-04-10T02:42:07.000Z","volume":400,"label":" ","price":27.9},{"type":"A","date":"2018-04-10T02:42:09.000Z","volume":400,"label":" ","price":27.95},{"type":"B","date":"2018-04-10T02:42:12.000Z","volume":1600,"label":" ","price":27.9},{"type":"B","date":"2018-04-10T02:42:13.000Z","volume":2000,"label":" ","price":27.9},{"type":"A","date":"2018-04-10T02:42:13.000Z","volume":400,"label":" ","price":27.95},{"type":"B","date":"2018-04-10T02:42:23.000Z","volume":1600,"label":" ","price":27.9},{"type":"U","date":"2018-04-10T02:42:26.000Z","volume":400,"label":"X","price":27.934},{"type":"U","date":"2018-04-10T02:42:26.000Z","volume":800,"label":"X","price":27.934},{"type":"U","date":"2018-04-10T02:42:26.000Z","volume":800,"label":"X","price":27.934},{"type":"U","date":"2018-04-10T02:42:26.000Z","volume":800,"label":"X","price":27.934},{"type":"U","date":"2018-04-10T02:42:26.000Z","volume":800,"label":"X","price":27.934},{"type":"U","date":"2018-04-10T02:42:26.000Z","volume":400,"label":"X","price":27.934},{"type":"B","date":"2018-04-10T02:42:32.000Z","volume":2000,"label":" ","price":27.9},{"type":"B","date":"2018-04-10T02:42:46.000Z","volume":4000,"label":" ","price":27.9},{"type":"B","date":"2018-04-10T02:42:57.000Z","volume":2000,"label":" ","price":27.9},{"type":"B","date":"2018-04-10T02:43:13.000Z","volume":400,"label":" ","price":27.9},{"type":"B","date":"2018-04-10T02:43:13.000Z","volume":4000,"label":" ","price":27.9},{"type":"B","date":"2018-04-10T02:43:13.000Z","volume":1600,"label":" ","price":27.9},{"type":"A","date":"2018-04-10T02:43:15.000Z","volume":2000,"label":" ","price":27.95},{"type":"B","date":"2018-04-10T02:43:15.000Z","volume":800,"label":" ","price":27.9},{"type":"B","date":"2018-04-10T02:43:30.000Z","volume":2000,"label":" ","price":27.9},{"type":"B","date":"2018-04-10T02:43:43.000Z","volume":2000,"label":" ","price":27.9},{"type":"B","date":"2018-04-10T02:43:44.000Z","volume":1600,"label":" ","price":27.9},{"type":"B","date":"2018-04-10T02:43:44.000Z","volume":800,"label":"Y","price":27.9},{"type":"B","date":"2018-04-10T02:43:44.000Z","volume":2400,"label":" ","price":27.9},{"type":"B","date":"2018-04-10T02:43:44.000Z","volume":400,"label":" ","price":27.9},{"type":"U","date":"2018-04-10T02:43:46.000Z","volume":400,"label":"X","price":27.925},{"type":"B","date":"2018-04-10T02:44:01.000Z","volume":2000,"label":" ","price":27.9},{"type":"B","date":"2018-04-10T02:44:14.000Z","volume":2000,"label":" ","price":27.9},{"type":"B","date":"2018-04-10T02:44:15.000Z","volume":400,"label":" ","price":27.9},{"type":"B","date":"2018-04-10T02:44:26.000Z","volume":2400,"label":" ","price":27.9},{"type":"B","date":"2018-04-10T02:44:37.000Z","volume":4000,"label":" ","price":27.85},{"type":"B","date":"2018-04-10T02:44:38.000Z","volume":2000,"label":" ","price":27.85},{"type":"A","date":"2018-04-10T02:44:40.000Z","volume":1600,"label":" ","price":27.9},{"type":"A","date":"2018-04-10T02:44:40.000Z","volume":8800,"label":" ","price":27.9},{"type":"A","date":"2018-04-10T02:44:40.000Z","volume":1600,"label":" ","price":27.95},{"type":"B","date":"2018-04-10T02:44:46.000Z","volume":4000,"label":" ","price":27.85},{"type":"A","date":"2018-04-10T02:44:48.000Z","volume":1200,"label":" ","price":27.95},{"type":"B","date":"2018-04-10T02:45:03.000Z","volume":6800,"label":" ","price":27.9},{"type":"U","date":"2018-04-10T02:45:04.000Z","volume":2400,"label":"X","price":27.9},{"type":"U","date":"2018-04-10T02:46:16.000Z","volume":800,"label":" ","price":27.9},{"type":"B","date":"2018-04-10T02:46:41.000Z","volume":2000,"label":" ","price":27.9},{"type":"B","date":"2018-04-10T02:46:55.000Z","volume":2000,"label":" ","price":27.9},{"type":"B","date":"2018-04-10T02:47:07.000Z","volume":4800,"label":" ","price":27.9},{"type":"B","date":"2018-04-10T02:47:07.000Z","volume":9600,"label":" ","price":27.9},{"type":"B","date":"2018-04-10T02:47:09.000Z","volume":1200,"label":" ","price":27.85},{"type":"U","date":"2018-04-10T02:47:19.000Z","volume":400,"label":"X","price":27.9},{"type":"B","date":"2018-04-10T02:47:25.000Z","volume":400,"label":" ","price":27.85},{"type":"B","date":"2018-04-10T02:47:26.000Z","volume":4800,"label":" ","price":27.85},{"type":"B","date":"2018-04-10T02:47:26.000Z","volume":4800,"label":" ","price":27.85},{"type":"B","date":"2018-04-10T02:47:26.000Z","volume":4800,"label":" ","price":27.85},{"type":"U","date":"2018-04-10T02:47:27.000Z","volume":800,"label":"X","price":27.889},{"type":"U","date":"2018-04-10T02:47:27.000Z","volume":800,"label":"X","price":27.889},{"type":"U","date":"2018-04-10T02:47:27.000Z","volume":800,"label":"X","price":27.889},{"type":"U","date":"2018-04-10T02:47:27.000Z","volume":400,"label":"X","price":27.889},{"type":"U","date":"2018-04-10T02:47:34.000Z","volume":100,"label":"D","price":27.6},{"type":"B","date":"2018-04-10T02:49:00.000Z","volume":2000,"label":" ","price":27.8},{"type":"B","date":"2018-04-10T02:49:17.000Z","volume":2000,"label":" ","price":27.8},{"type":"B","date":"2018-04-10T02:49:32.000Z","volume":400,"label":" ","price":27.8},{"type":"B","date":"2018-04-10T02:49:51.000Z","volume":1200,"label":" ","price":27.8},{"type":"A","date":"2018-04-10T02:50:21.000Z","volume":19200,"label":" ","price":27.85},{"type":"A","date":"2018-04-10T02:50:21.000Z","volume":1200,"label":" ","price":27.9},{"type":"B","date":"2018-04-10T02:50:23.000Z","volume":400,"label":" ","price":27.85},{"type":"B","date":"2018-04-10T02:50:23.000Z","volume":1600,"label":" ","price":27.8},{"type":"A","date":"2018-04-10T02:50:23.000Z","volume":3200,"label":" ","price":27.9},{"type":"A","date":"2018-04-10T02:50:25.000Z","volume":1600,"label":" ","price":27.95},{"type":"B","date":"2018-04-10T02:50:42.000Z","volume":2000,"label":" ","price":27.85},{"type":"A","date":"2018-04-10T02:50:43.000Z","volume":400,"label":" ","price":27.95},{"type":"B","date":"2018-04-10T02:51:03.000Z","volume":4400,"label":" ","price":27.9},{"type":"B","date":"2018-04-10T02:51:03.000Z","volume":800,"label":"Y","price":27.9},{"type":"B","date":"2018-04-10T02:51:03.000Z","volume":400,"label":" ","price":27.9},{"type":"B","date":"2018-04-10T02:51:04.000Z","volume":2000,"label":" ","price":27.9},{"type":"B","date":"2018-04-10T02:51:04.000Z","volume":400,"label":" ","price":27.9},{"type":"B","date":"2018-04-10T02:51:20.000Z","volume":2000,"label":" ","price":27.9},{"type":"U","date":"2018-04-10T02:51:29.000Z","volume":400,"label":"X","price":27.925},{"type":"B","date":"2018-04-10T02:51:38.000Z","volume":800,"label":"Y","price":27.9},{"type":"B","date":"2018-04-10T02:51:38.000Z","volume":1600,"label":" ","price":27.9},{"type":"B","date":"2018-04-10T02:51:49.000Z","volume":400,"label":" ","price":27.9},{"type":"B","date":"2018-04-10T02:51:52.000Z","volume":400,"label":" ","price":27.9},{"type":"U","date":"2018-04-10T02:52:03.000Z","volume":100,"label":"D","price":27.7},{"type":"B","date":"2018-04-10T02:52:05.000Z","volume":2000,"label":" ","price":27.9},{"type":"B","date":"2018-04-10T02:52:19.000Z","volume":2000,"label":" ","price":27.9},{"type":"B","date":"2018-04-10T02:52:34.000Z","volume":6000,"label":" ","price":27.9},{"type":"U","date":"2018-04-10T02:53:07.000Z","volume":400,"label":"X","price":27.871},{"type":"U","date":"2018-04-10T02:53:07.000Z","volume":800,"label":"X","price":27.871},{"type":"U","date":"2018-04-10T02:53:07.000Z","volume":400,"label":"X","price":27.871},{"type":"U","date":"2018-04-10T02:53:07.000Z","volume":400,"label":"X","price":27.871},{"type":"U","date":"2018-04-10T02:53:07.000Z","volume":400,"label":"X","price":27.871},{"type":"U","date":"2018-04-10T02:53:07.000Z","volume":400,"label":"X","price":27.871},{"type":"U","date":"2018-04-10T02:53:07.000Z","volume":400,"label":"X","price":27.871},{"type":"B","date":"2018-04-10T02:53:26.000Z","volume":2000,"label":" ","price":27.85},{"type":"B","date":"2018-04-10T02:53:49.000Z","volume":2000,"label":" ","price":27.85},{"type":"B","date":"2018-04-10T02:54:02.000Z","volume":2000,"label":" ","price":27.85},{"type":"B","date":"2018-04-10T02:54:20.000Z","volume":2000,"label":" ","price":27.85},{"type":"U","date":"2018-04-10T02:54:22.000Z","volume":1600,"label":"X","price":27.9},{"type":"U","date":"2018-04-10T02:54:24.000Z","volume":400,"label":"X","price":27.9},{"type":"B","date":"2018-04-10T02:54:37.000Z","volume":2000,"label":" ","price":27.85},{"type":"B","date":"2018-04-10T02:55:41.000Z","volume":400,"label":" ","price":27.85},{"type":"A","date":"2018-04-10T02:56:08.000Z","volume":400,"label":" ","price":27.9},{"type":"B","date":"2018-04-10T02:56:14.000Z","volume":1200,"label":" ","price":27.85},{"type":"U","date":"2018-04-10T02:56:32.000Z","volume":400,"label":"X","price":27.852},{"type":"U","date":"2018-04-10T02:56:32.000Z","volume":400,"label":"X","price":27.852},{"type":"U","date":"2018-04-10T02:56:32.000Z","volume":400,"label":"X","price":27.852},{"type":"U","date":"2018-04-10T02:56:32.000Z","volume":400,"label":"X","price":27.852},{"type":"B","date":"2018-04-10T02:56:37.000Z","volume":400,"label":" ","price":27.85},{"type":"A","date":"2018-04-10T02:56:39.000Z","volume":400,"label":" ","price":27.9},{"type":"B","date":"2018-04-10T02:56:42.000Z","volume":8000,"label":" ","price":27.85},{"type":"B","date":"2018-04-10T02:56:42.000Z","volume":10000,"label":" ","price":27.85},{"type":"A","date":"2018-04-10T02:56:42.000Z","volume":800,"label":"Y","price":27.85},{"type":"A","date":"2018-04-10T02:56:42.000Z","volume":400,"label":" ","price":27.85},{"type":"B","date":"2018-04-10T02:57:06.000Z","volume":2000,"label":" ","price":27.8},{"type":"B","date":"2018-04-10T02:57:47.000Z","volume":400,"label":" ","price":27.8},{"type":"B","date":"2018-04-10T02:57:47.000Z","volume":400,"label":"Y","price":27.8},{"type":"B","date":"2018-04-10T02:57:47.000Z","volume":400,"label":" ","price":27.8},{"type":"A","date":"2018-04-10T02:57:47.000Z","volume":800,"label":" ","price":27.85},{"type":"B","date":"2018-04-10T02:58:14.000Z","volume":1200,"label":" ","price":27.8},{"type":"A","date":"2018-04-10T02:58:48.000Z","volume":400,"label":" ","price":27.85},{"type":"B","date":"2018-04-10T02:58:59.000Z","volume":800,"label":" ","price":27.8},{"type":"B","date":"2018-04-10T02:59:03.000Z","volume":800,"label":" ","price":27.8},{"type":"B","date":"2018-04-10T02:59:12.000Z","volume":1200,"label":" ","price":27.8},{"type":"U","date":"2018-04-10T02:59:33.000Z","volume":400,"label":"X","price":27.838},{"type":"U","date":"2018-04-10T02:59:33.000Z","volume":400,"label":"X","price":27.838},{"type":"U","date":"2018-04-10T02:59:33.000Z","volume":400,"label":"X","price":27.838},{"type":"U","date":"2018-04-10T02:59:33.000Z","volume":400,"label":"X","price":27.838},{"type":"A","date":"2018-04-10T02:59:50.000Z","volume":400,"label":" ","price":27.85},{"type":"B","date":"2018-04-10T03:00:04.000Z","volume":2000,"label":" ","price":27.8},{"type":"B","date":"2018-04-10T03:00:04.000Z","volume":9200,"label":" ","price":27.8},{"type":"A","date":"2018-04-10T03:00:05.000Z","volume":800,"label":" ","price":27.8},{"type":"B","date":"2018-04-10T03:00:05.000Z","volume":1200,"label":" ","price":27.75},{"type":"A","date":"2018-04-10T03:00:05.000Z","volume":800,"label":" ","price":27.8},{"type":"B","date":"2018-04-10T03:00:36.000Z","volume":800,"label":" ","price":27.75},{"type":"A","date":"2018-04-10T03:00:38.000Z","volume":800,"label":" ","price":27.8},{"type":"B","date":"2018-04-10T03:01:11.000Z","volume":1200,"label":" ","price":27.75},{"type":"B","date":"2018-04-10T03:01:53.000Z","volume":800,"label":" ","price":27.75},{"type":"A","date":"2018-04-10T03:01:55.000Z","volume":800,"label":"Y","price":27.8},{"type":"B","date":"2018-04-10T03:02:18.000Z","volume":1200,"label":" ","price":27.75}