[{"type":"B","date":"2018-04-16T01:31:14.000Z","volume":34000,"label":" ","price":6.6},{"type":"B","date":"2018-04-16T01:32:11.000Z","volume":6000,"label":" ","price":6.59},{"type":"B","date":"2018-04-16T01:32:11.000Z","volume":6000,"label":" ","price":6.59},{"type":"A","date":"2018-04-16T01:33:53.000Z","volume":2000,"label":" ","price":6.61},{"type":"A","date":"2018-04-16T01:33:53.000Z","volume":2000,"label":" ","price":6.61},{"type":"A","date":"2018-04-16T01:35:57.000Z","volume":10000,"label":" ","price":6.61},{"type":"U","date":"2018-04-16T01:37:08.000Z","volume":4000,"label":" ","price":6.59},{"type":"B","date":"2018-04-16T01:38:04.000Z","volume":4000,"label":" ","price":6.59},{"type":"A","date":"2018-04-16T01:39:01.000Z","volume":14000,"label":" ","price":6.59},{"type":"A","date":"2018-04-16T01:41:00.000Z","volume":2000,"label":" ","price":6.6},{"type":"A","date":"2018-04-16T01:41:00.000Z","volume":2000,"label":" ","price":6.6},{"type":"B","date":"2018-04-16T01:49:48.000Z","volume":46000,"label":" ","price":6.58},{"type":"B","date":"2018-04-16T01:49:48.000Z","volume":6000,"label":" ","price":6.58},{"type":"U","date":"2018-04-16T01:50:42.000Z","volume":4000,"label":" ","price":6.57},{"type":"A","date":"2018-04-16T01:51:43.000Z","volume":2000,"label":" ","price":6.58},{"type":"A","date":"2018-04-16T01:51:55.000Z","volume":4000,"label":" ","price":6.58},{"type":"A","date":"2018-04-16T01:54:10.000Z","volume":2000,"label":" ","price":6.58},{"type":"B","date":"2018-04-16T01:58:29.000Z","volume":8000,"label":" ","price":6.56},{"type":"B","date":"2018-04-16T02:13:54.000Z","volume":10000,"label":" ","price":6.55},{"type":"A","date":"2018-04-16T02:13:55.000Z","volume":2000,"label":" ","price":6.57},{"type":"A","date":"2018-04-16T02:15:36.000Z","volume":2000,"label":" ","price":6.57},{"type":"A","date":"2018-04-16T02:15:36.000Z","volume":2000,"label":" ","price":6.57},{"type":"A","date":"2018-04-16T02:16:58.000Z","volume":2000,"label":" ","price":6.57},{"type":"B","date":"2018-04-16T02:17:17.000Z","volume":4000,"label":" ","price":6.56},{"type":"B","date":"2018-04-16T02:17:44.000Z","volume":20000,"label":" ","price":6.56},{"type":"A","date":"2018-04-16T02:19:40.000Z","volume":2000,"label":" ","price":6.57},{"type":"A","date":"2018-04-16T02:19:40.000Z","volume":2000,"label":" ","price":6.57},{"type":"U","date":"2018-04-16T02:25:05.000Z","volume":1560,"label":"D","price":6.57},{"type":"A","date":"2018-04-16T02:29:35.000Z","volume":4000,"label":" ","price":6.56},{"type":"B","date":"2018-04-16T02:30:03.000Z","volume":2000,"label":" ","price":6.55},{"type":"A","date":"2018-04-16T02:35:10.000Z","volume":10000,"label":" ","price":6.56},{"type":"A","date":"2018-04-16T02:36:13.000Z","volume":2000,"label":" ","price":6.56},{"type":"A","date":"2018-04-16T02:36:13.000Z","volume":2000,"label":" ","price":6.56},{"type":"A","date":"2018-04-16T02:36:33.000Z","volume":2000,"label":"Y","price":6.56},{"type":"A","date":"2018-04-16T02:37:19.000Z","volume":2000,"label":" ","price":6.56},{"type":"A","date":"2018-04-16T02:37:24.000Z","volume":2000,"label":" ","price":6.56},{"type":"A","date":"2018-04-16T02:38:29.000Z","volume":14000,"label":" ","price":6.56},{"type":"A","date":"2018-04-16T02:38:32.000Z","volume":56000,"label":" ","price":6.56},{"type":"B","date":"2018-04-16T02:39:24.000Z","volume":4000,"label":" ","price":6.56},{"type":"A","date":"2018-04-16T02:41:02.000Z","volume":6000,"label":" ","price":6.57},{"type":"A","date":"2018-04-16T02:41:59.000Z","volume":2000,"label":" ","price":6.57},{"type":"A","date":"2018-04-16T02:49:22.000Z","volume":16000,"label":" ","price":6.57},{"type":"A","date":"2018-04-16T02:49:58.000Z","volume":2000,"label":" ","price":6.57},{"type":"B","date":"2018-04-16T02:50:16.000Z","volume":16000,"label":" ","price":6.56},{"type":"B","date":"2018-04-16T02:51:00.000Z","volume":4000,"label":" ","price":6.56},{"type":"A","date":"2018-04-16T02:57:58.000Z","volume":2000,"label":" ","price":6.56},{"type":"A","date":"2018-04-16T03:11:10.000Z","volume":2000,"label":" ","price":6.56},{"type":"A","date":"2018-04-16T03:11:41.000Z","volume":2000,"label":" ","price":6.56},{"type":"B","date":"2018-04-16T03:13:25.000Z","volume":6000,"label":" ","price":6.55},{"type":"A","date":"2018-04-16T03:21:40.000Z","volume":10000,"label":" ","price":6.56},{"type":"A","date":"2018-04-16T03:21:40.000Z","volume":2000,"label":" ","price":6.56},{"type":"B","date":"2018-04-16T03:23:10.000Z","volume":50000,"label":" ","price":6.55},{"type":"B","date":"2018-04-16T03:23:35.000Z","volume":12000,"label":" ","price":6.55},{"type":"B","date":"2018-04-16T03:23:35.000Z","volume":6000,"label":" ","price":6.55},{"type":"A","date":"2018-04-16T03:24:24.000Z","volume":2000,"label":" ","price":6.55},{"type":"A","date":"2018-04-16T03:24:55.000Z","volume":6000,"label":" ","price":6.55},{"type":"A","date":"2018-04-16T03:25:16.000Z","volume":2000,"label":" ","price":6.55},{"type":"A","date":"2018-04-16T03:26:15.000Z","volume":20000,"label":" ","price":6.55},{"type":"A","date":"2018-04-16T03:27:44.000Z","volume":10000,"label":" ","price":6.55},{"type":"A","date":"2018-04-16T03:35:39.000Z","volume":8000,"label":" ","price":6.55},{"type":"A","date":"2018-04-16T03:37:59.000Z","volume":10000,"label":" ","price":6.55},{"type":"B","date":"2018-04-16T03:39:38.000Z","volume":2000,"label":" ","price":6.54},{"type":"A","date":"2018-04-16T03:43:33.000Z","volume":2000,"label":" ","price":6.55},{"type":"A","date":"2018-04-16T03:45:30.000Z","volume":10000,"label":" ","price":6.55},{"type":"A","date":"2018-04-16T03:46:49.000Z","volume":40000,"label":" ","price":6.55},{"type":"A","date":"2018-04-16T03:49:30.000Z","volume":2000,"label":" ","price":6.55},{"type":"A","date":"2018-04-16T03:49:59.000Z","volume":2000,"label":" ","price":6.55},{"type":"A","date":"2018-04-16T03:54:22.000Z","volume":2000,"label":" ","price":6.55},{"type":"A","date":"2018-04-16T03:54:33.000Z","volume":8000,"label":"Y","price":6.55},{"type":"A","date":"2018-04-16T03:54:33.000Z","volume":2000,"label":" ","price":6.55},{"type":"A","date":"2018-04-16T03:54:33.000Z","volume":40000,"label":" ","price":6.55},{"type":"A","date":"2018-04-16T03:56:32.000Z","volume":2000,"label":" ","price":6.55},{"type":"B","date":"2018-04-16T03:58:34.000Z","volume":8000,"label":" ","price":6.54},{"type":"A","date":"2018-04-16T03:59:29.000Z","volume":10000,"label":" ","price":6.55},{"type":"B","date":"2018-04-16T05:00:01.000Z","volume":2000,"label":" ","price":6.54},{"type":"A","date":"2018-04-16T05:00:08.000Z","volume":10000,"label":" ","price":6.55},{"type":"A","date":"2018-04-16T05:02:18.000Z","volume":20000,"label":" ","price":6.55},{"type":"A","date":"2018-04-16T05:07:50.000Z","volume":2000,"label":" ","price":6.55},{"type":"A","date":"2018-04-16T05:12:08.000Z","volume":2000,"label":" ","price":6.55},{"type":"A","date":"2018-04-16T05:14:08.000Z","volume":2000,"label":" ","price":6.55},{"type":"B","date":"2018-04-16T05:20:43.000Z","volume":6000,"label":" ","price":6.54},{"type":"B","date":"2018-04-16T05:21:07.000Z","volume":2000,"label":" ","price":6.54},{"type":"A","date":"2018-04-16T05:25:52.000Z","volume":2000,"label":" ","price":6.55},{"type":"B","date":"2018-04-16T05:27:26.000Z","volume":20000,"label":" ","price":6.54},{"type":"B","date":"2018-04-16T05:30:02.000Z","volume":2000,"label":" ","price":6.54},{"type":"B","date":"2018-04-16T05:30:02.000Z","volume":126000,"label":" ","price":6.54},{"type":"B","date":"2018-04-16T05:30:03.000Z","volume":22000,"label":" ","price":6.53},{"type":"A","date":"2018-04-16T05:52:52.000Z","volume":20000,"label":" ","price":6.53},{"type":"A","date":"2018-04-16T05:57:35.000Z","volume":2000,"label":" ","price":6.53},{"type":"A","date":"2018-04-16T06:01:02.000Z","volume":10000,"label":" ","price":6.53},{"type":"A","date":"2018-04-16T06:02:04.000Z","volume":10000,"label":" ","price":6.53},{"type":"A","date":"2018-04-16T06:04:32.000Z","volume":2000,"label":"Y","price":6.53},{"type":"A","date":"2018-04-16T06:04:32.000Z","volume":2000,"label":" ","price":6.53},{"type":"A","date":"2018-04-16T06:10:26.000Z","volume":2000,"label":" ","price":6.53},{"type":"A","date":"2018-04-16T06:13:43.000Z","volume":2000,"label":" ","price":6.53},{"type":"A","date":"2018-04-16T06:14:14.000Z","volume":2000,"label":" ","price":6.53},{"type":"A","date":"2018-04-16T06:14:25.000Z","volume":2000,"label":" ","price":6.53},{"type":"A","date":"2018-04-16T06:15:23.000Z","volume":2000,"label":" ","price":6.53},{"type":"B","date":"2018-04-16T06:17:50.000Z","volume":6000,"label":" ","price":6.52},{"type":"B","date":"2018-04-16T06:18:18.000Z","volume":2000,"label":" ","price":6.52},{"type":"B","date":"2018-04-16T06:19:37.000Z","volume":22000,"label":" ","price":6.52},{"type":"U","date":"2018-04-16T06:21:10.000Z","volume":1386,"label":"D","price":6.47},{"type":"A","date":"2018-04-16T06:22:26.000Z","volume":2000,"label":" ","price":6.53},{"type":"A","date":"2018-04-16T06:22:47.000Z","volume":4000,"label":"Y","price":6.53},{"type":"A","date":"2018-04-16T06:22:47.000Z","volume":4000,"label":" ","price":6.53},{"type":"A","date":"2018-04-16T06:23:13.000Z","volume":2000,"label":" ","price":6.53},{"type":"A","date":"2018-04-16T06:24:27.000Z","volume":6000,"label":" ","price":6.53},{"type":"A","date":"2018-04-16T06:24:52.000Z","volume":2000,"label":" ","price":6.53},{"type":"A","date":"2018-04-16T06:26:18.000Z","volume":2000,"label":" ","price":6.53},{"type":"A","date":"2018-04-16T06:28:54.000Z","volume":2000,"label":" ","price":6.53},{"type":"A","date":"2018-04-16T06:32:16.000Z","volume":2000,"label":" ","price":6.53},{"type":"A","date":"2018-04-16T06:34:35.000Z","volume":2000,"label":" ","price":6.53},{"type":"A","date":"2018-04-16T06:35:26.000Z","volume":2000,"label":" ","price":6.53},{"type":"A","date":"2018-04-16T06:40:17.000Z","volume":2000,"label":" ","price":6.53},{"type":"A","date":"2018-04-16T06:40:17.000Z","volume":2000,"label":" ","price":6.53},{"type":"A","date":"2018-04-16T06:40:19.000Z","volume":2000,"label":" ","price":6.53},{"type":"A","date":"2018-04-16T06:44:03.000Z","volume":2000,"label":" ","price":6.53},{"type":"A","date":"2018-04-16T06:44:34.000Z","volume":2000,"label":" ","price":6.53},{"type":"A","date":"2018-04-16T06:44:56.000Z","volume":2000,"label":" ","price":6.53},{"type":"A","date":"2018-04-16T06:44:58.000Z","volume":2000,"label":" ","price":6.53},{"type":"A","date":"2018-04-16T06:45:19.000Z","volume":2000,"label":" ","price":6.53},{"type":"A","date":"2018-04-16T06:45:20.000Z","volume":2000,"label":" ","price":6.53},{"type":"A","date":"2018-04-16T06:45:24.000Z","volume":2000,"label":" ","price":6.53},{"type":"A","date":"2018-04-16T06:47:07.000Z","volume":2000,"label":" ","price":6.53},{"type":"A","date":"2018-04-16T06:47:07.000Z","volume":2000,"label":" ","price":6.53},{"type":"A","date":"2018-04-16T06:48:47.000Z","volume":2000,"label":" ","price":6.53},{"type":"A","date":"2018-04-16T06:49:02.000Z","volume":2000,"label":" ","price":6.53},{"type":"A","date":"2018-04-16T06:49:16.000Z","volume":2000,"label":" ","price":6.53},{"type":"A","date":"2018-04-16T06:49:21.000Z","volume":4000,"label":" ","price":6.53},{"type":"A","date":"2018-04-16T06:49:21.000Z","volume":2000,"label":" ","price":6.53},{"type":"A","date":"2018-04-16T06:49:23.000Z","volume":2000,"label":" ","price":6.53},{"type":"A","date":"2018-04-16T06:50:40.000Z","volume":2000,"label":" ","price":6.53},{"type":"A","date":"2018-04-16T06:51:38.000Z","volume":2000,"label":" ","price":6.53},{"type":"A","date":"2018-04-16T06:51:47.000Z","volume":2000,"label":" ","price":6.53},{"type":"A","date":"2018-04-16T06:51:47.000Z","volume":4000,"label":" ","price":6.53},{"type":"A","date":"2018-04-16T06:51:49.000Z","volume":2000,"label":"Y","price":6.53},{"type":"A","date":"2018-04-16T06:57:05.000Z","volume":2000,"label":" ","price":6.53},{"type":"A","date":"2018-04-16T06:57:12.000Z","volume":2000,"label":" ","price":6.53},{"type":"A","date":"2018-04-16T06:57:46.000Z","volume":2000,"label":" ","price":6.53},{"type":"B","date":"2018-04-16T07:00:08.000Z","volume":2000,"label":" ","price":6.52},{"type":"A","date":"2018-04-16T07:00:10.000Z","volume":2000,"label":"Y","price":6.53},{"type":"A","date":"2018-04-16T07:00:12.000Z","volume":2000,"label":" ","price":6.53},{"type":"A","date":"2018-04-16T07:00:20.000Z","volume":2000,"label":" ","price":6.53},{"type":"A","date":"2018-04-16T07:03:27.000Z","volume":2000,"label":" ","price":6.53},{"type":"A","date":"2018-04-16T07:07:55.000Z","volume":2000,"label":" ","price":6.53},{"type":"A","date":"2018-04-16T07:08:33.000Z","volume":2000,"label":" ","price":6.53},{"type":"A","date":"2018-04-16T07:08:35.000Z","volume":2000,"label":" ","price":6.53},{"type":"A","date":"2018-04-16T07:08:47.000Z","volume":2000,"label":" ","price":6.53},{"type":"A","date":"2018-04-16T07:08:47.000Z","volume":4000,"label":"Y","price":6.53},{"type":"A","date":"2018-04-16T07:09:08.000Z","volume":2000,"label":" ","price":6.53},{"type":"A","date":"2018-04-16T07:09:24.000Z","volume":2000,"label":" ","price":6.53},{"type":"A","date":"2018-04-16T07:11:41.000Z","volume":2000,"label":" ","price":6.53},{"type":"A","date":"2018-04-16T07:11:42.000Z","volume":2000,"label":" ","price":6.53},{"type":"A","date":"2018-04-16T07:12:00.000Z","volume":2000,"label":" ","price":6.53},{"type":"A","date":"2018-04-16T07:15:17.000Z","volume":2000,"label":" ","price":6.53},{"type":"A","date":"2018-04-16T07:17:40.000Z","volume":2000,"label":" ","price":6.53},{"type":"A","date":"2018-04-16T07:18:13.000Z","volume":2000,"label":" ","price":6.53},{"type":"B","date":"2018-04-16T07:18:13.000Z","volume":12000,"label":" ","price":6.52},{"type":"A","date":"2018-04-16T07:18:15.000Z","volume":4000,"label":" ","price":6.53},{"type":"A","date":"2018-04-16T07:18:47.000Z","volume":2000,"label":" ","price":6.53},{"type":"A","date":"2018-04-16T07:19:47.000Z","volume":2000,"label":" ","price":6.53},{"type":"A","date":"2018-04-16T07:19:47.000Z","volume":2000,"label":" ","price":6.53},{"type":"A","date":"2018-04-16T07:20:58.000Z","volume":2000,"label":" ","price":6.53},{"type":"A","date":"2018-04-16T07:21:26.000Z","volume":2000,"label":" ","price":6.53},{"type":"A","date":"2018-04-16T07:24:02.000Z","volume":4000,"label":" ","price":6.53},{"type":"A","date":"2018-04-16T07:24:04.000Z","volume":2000,"label":" ","price":6.53},{"type":"A","date":"2018-04-16T07:24:33.000Z","volume":2000,"label":" ","price":6.53},{"type":"A","date":"2018-04-16T07:25:16.000Z","volume":2000,"label":" ","price":6.53},{"type":"A","date":"2018-04-16T07:27:02.000Z","volume":2000,"label":" ","price":6.53},{"type":"A","date":"2018-04-16T07:27:02.000Z","volume":4000,"label":" ","price":6.53},{"type":"A","date":"2018-04-16T07:28:04.000Z","volume":2000,"label":" ","price":6.53},{"type":"A","date":"2018-04-16T07:29:15.000Z","volume":2000,"label":" ","price":6.53},{"type":"A","date":"2018-04-16T07:29:23.000Z","volume":2000,"label":" ","price":6.53},{"type":"A","date":"2018-04-16T07:29:29.000Z","volume":2000,"label":" ","price":6.53},{"type":"A","date":"2018-04-16T07:29:31.000Z","volume":2000,"label":" ","price":6.53},{"type":"A","date":"2018-04-16T07:32:09.000Z","volume":2000,"label":" ","price":6.53},{"type":"A","date":"2018-04-16T07:33:16.000Z","volume":4000,"label":" ","price":6.53},{"type":"A","date":"2018-04-16T07:33:46.000Z","volume":6000,"label":" ","price":6.53},{"type":"A","date":"2018-04-16T07:33:46.000Z","volume":2000,"label":" ","price":6.53},{"type":"A","date":"2018-04-16T07:34:34.000Z","volume":4000,"label":" ","price":6.53},{"type":"A","date":"2018-04-16T07:34:51.000Z","volume":2000,"label":" ","price":6.53},{"type":"A","date":"2018-04-16T07:36:02.000Z","volume":2000,"label":" ","price":6.53},{"type":"A","date":"2018-04-16T07:37:53.000Z","volume":2000,"label":" ","price":6.53},{"type":"A","date":"2018-04-16T07:37:53.000Z","volume":2000,"label":"Y","price":6.53},{"type":"A","date":"2018-04-16T07:38:22.000Z","volume":2000,"label":" ","price":6.53},{"type":"A","date":"2018-04-16T07:39:26.000Z","volume":4000,"label":" ","price":6.53},{"type":"A","date":"2018-04-16T07:40:26.000Z","volume":2000,"label":" ","price":6.53},{"type":"A","date":"2018-04-16T07:41:58.000Z","volume":2000,"label":" ","price":6.53},{"type":"A","date":"2018-04-16T07:41:59.000Z","volume":2000,"label":"Y","price":6.53},{"type":"A","date":"2018-04-16T07:42:32.000Z","volume":2000,"label":" ","price":6.53},{"type":"A","date":"2018-04-16T07:42:32.000Z","volume":2000,"label":" ","price":6.53},{"type":"A","date":"2018-04-16T07:43:30.000Z","volume":2000,"label":" ","price":6.53},{"type":"A","date":"2018-04-16T07:44:19.000Z","volume":4000,"label":" ","price":6.53},{"type":"A","date":"2018-04-16T07:44:21.000Z","volume":2000,"label":" ","price":6.53},{"type":"A","date":"2018-04-16T07:46:03.000Z","volume":2000,"label":" ","price":6.53},{"type":"A","date":"2018-04-16T07:46:47.000Z","volume":2000,"label":" ","price":6.53},{"type":"A","date":"2018-04-16T07:46:47.000Z","volume":4000,"label":" ","price":6.53},{"type":"A","date":"2018-04-16T07:47:38.000Z","volume":2000,"label":" ","price":6.53},{"type":"A","date":"2018-04-16T07:49:14.000Z","volume":4000,"label":" ","price":6.53},{"type":"A","date":"2018-04-16T07:49:18.000Z","volume":4000,"label":" ","price":6.53},{"type":"A","date":"2018-04-16T07:50:47.000Z","volume":10000,"label":" ","price":6.53},{"type":"B","date":"2018-04-16T07:50:48.000Z","volume":4000,"label":" ","price":6.52},{"type":"B","date":"2018-04-16T07:51:17.000Z","volume":2000,"label":" ","price":6.52},{"type":"A","date":"2018-04-16T07:51:25.000Z","volume":2000,"label":" ","price":6.53},{"type":"A","date":"2018-04-16T07:52:00.000Z","volume":2000,"label":" ","price":6.53},{"type":"B","date":"2018-04-16T07:52:01.000Z","volume":2000,"label":" ","price":6.52},{"type":"A","date":"2018-04-16T07:52:12.000Z","volume":6000,"label":" ","price":6.53},{"type":"A","date":"2018-04-16T07:52:21.000Z","volume":2000,"label":" ","price":6.53},{"type":"B","date":"2018-04-16T07:52:52.000Z","volume":2000,"label":" ","price":6.52},{"type":"B","date":"2018-04-16T07:53:14.000Z","volume":2000,"label":" ","price":6.52},{"type":"A","date":"2018-04-16T07:53:25.000Z","volume":2000,"label":" ","price":6.53},{"type":"A","date":"2018-04-16T07:54:02.000Z","volume":2000,"label":" ","price":6.53},{"type":"A","date":"2018-04-16T07:54:02.000Z","volume":4000,"label":" ","price":6.53},{"type":"B","date":"2018-04-16T07:54:02.000Z","volume":2000,"label":" ","price":6.52},{"type":"A","date":"2018-04-16T07:54:17.000Z","volume":10000,"label":" ","price":6.53},{"type":"B","date":"2018-04-16T07:54:51.000Z","volume":2000,"label":" ","price":6.52},{"type":"B","date":"2018-04-16T07:55:15.000Z","volume":2000,"label":" ","price":6.52},{"type":"B","date":"2018-04-16T07:55:38.000Z","volume":2000,"label":" ","price":6.52},{"type":"A","date":"2018-04-16T07:56:23.000Z","volume":2000,"label":" ","price":6.53},{"type":"B","date":"2018-04-16T07:56:24.000Z","volume":2000,"label":" ","price":6.52},{"type":"A","date":"2018-04-16T07:56:58.000Z","volume":2000,"label":" ","price":6.53},{"type":"A","date":"2018-04-16T07:57:09.000Z","volume":4000,"label":" ","price":6.53},{"type":"B","date":"2018-04-16T07:57:09.000Z","volume":2000,"label":" ","price":6.52},{"type":"A","date":"2018-04-16T07:57:13.000Z","volume":2000,"label":" ","price":6.53},{"type":"B","date":"2018-04-16T07:57:13.000Z","volume":2000,"label":" ","price":6.52},{"type":"A","date":"2018-04-16T07:57:20.000Z","volume":2000,"label":" ","price":6.53},{"type":"A","date":"2018-04-16T07:57:33.000Z","volume":4000,"label":" ","price":6.53},{"type":"A","date":"2018-04-16T07:57:33.000Z","volume":2000,"label":" ","price":6.53},{"type":"B","date":"2018-04-16T07:57:34.000Z","volume":2000,"label":" ","price":6.52},{"type":"A","date":"2018-04-16T07:57:44.000Z","volume":2000,"label":" ","price":6.53},{"type":"A","date":"2018-04-16T07:57:47.000Z","volume":2000,"label":" ","price":6.53},{"type":"A","date":"2018-04-16T07:58:17.000Z","volume":4000,"label":" ","price":6.53},{"type":"B","date":"2018-04-16T07:58:22.000Z","volume":2000,"label":" ","price":6.52},{"type":"A","date":"2018-04-16T07:58:25.000Z","volume":2000,"label":"Y","price":6.53},{"type":"B","date":"2018-04-16T07:58:46.000Z","volume":2000,"label":" ","price":6.52},{"type":"A","date":"2018-04-16T07:59:02.000Z","volume":2000,"label":" ","price":6.53},{"type":"A","date":"2018-04-16T07:59:05.000Z","volume":2000,"label":" ","price":6.53},{"type":"A","date":"2018-04-16T07:59:09.000Z","volume":2000,"label":" ","price":6.53},{"type":"B","date":"2018-04-16T07:59:11.000Z","volume":4000,"label":" ","price":6.52},{"type":"A","date":"2018-04-16T07:59:19.000Z","volume":2000,"label":" ","price":6.53},{"type":"A","date":"2018-04-16T07:59:21.000Z","volume":2000,"label":" ","price":6.53},{"type":"B","date":"2018-04-16T07:59:30.000Z","volume":24000,"label":" ","price":6.52},{"type":"B","date":"2018-04-16T07:59:30.000Z","volume":2000,"label":" ","price":6.51},{"type":"B","date":"2018-04-16T07:59:34.000Z","volume":6000,"label":" ","price":6.51},{"type":"B","date":"2018-04-16T07:59:34.000Z","volume":4000,"label":" ","price":6.51},{"type":"A","date":"2018-04-16T07:59:36.000Z","volume":2000,"label":" ","price":6.52},{"type":"B","date":"2018-04-16T07:59:39.000Z","volume":2000,"label":" ","price":6.51},{"type":"A","date":"2018-04-16T07:59:40.000Z","volume":6000,"label":" ","price":6.52},{"type":"B","date":"2018-04-16T07:59:50.000Z","volume":2000,"label":" ","price":6.51},{"type":"B","date":"2018-04-16T07:59:55.000Z","volume":6000,"label":" ","price":6.51},{"type":"U","date":"2018-04-16T08:08:32.000Z","volume":442000,"label":"U","price":6.53}]