[{"type":"A","date":"2018-03-14T07:53:19.000Z","volume":250000,"price":1.27,"category":"ubbull"},{"type":"A","date":"2018-03-14T07:53:19.000Z","volume":440000,"price":1.26,"category":"ubbull"},{"type":"A","date":"2018-03-14T07:53:19.000Z","volume":310000,"price":1.25,"category":"ubbull"},{"type":"A","date":"2018-03-14T07:43:39.000Z","volume":200000,"price":1.25,"category":"ubbull"},{"type":"A","date":"2018-03-14T06:20:22.000Z","volume":520000,"price":1.25,"category":"ubbull"},{"type":"A","date":"2018-03-14T06:19:56.000Z","volume":300000,"price":1.25,"category":"ubbull"},{"type":"A","date":"2018-03-14T05:46:03.000Z","volume":300000,"price":1.26,"category":"ubbull"},{"type":"A","date":"2018-03-14T05:42:00.000Z","volume":200000,"price":1.26,"category":"ubbull"},{"type":"A","date":"2018-03-14T05:38:11.000Z","volume":350000,"price":1.25,"category":"ubbull"},{"type":"A","date":"2018-03-14T05:26:16.000Z","volume":150000,"price":1.25,"category":"ubbull"},{"type":"A","date":"2018-03-14T05:03:37.000Z","volume":150000,"price":1.26,"category":"ubbull"},{"type":"A","date":"2018-03-14T03:08:54.000Z","volume":150000,"price":1.26,"category":"ubbull"},{"type":"A","date":"2018-03-14T03:07:54.000Z","volume":250000,"price":1.26,"category":"ubbull"},{"type":"A","date":"2018-03-14T02:58:11.000Z","volume":300000,"price":1.26,"category":"ubbull"},{"type":"A","date":"2018-03-14T02:20:12.000Z","volume":200000,"price":1.23,"category":"ubbull"},{"type":"A","date":"2018-03-14T01:54:18.000Z","volume":170000,"price":1.24,"category":"ubbull"},{"type":"A","date":"2018-03-14T07:48:21.000Z","volume":140000,"price":1.25,"category":"bbull"},{"type":"A","date":"2018-03-14T07:45:14.000Z","volume":90000,"price":1.25,"category":"bbull"},{"type":"A","date":"2018-03-14T06:09:06.000Z","volume":135000,"price":1.25,"category":"bbull"},{"type":"A","date":"2018-03-14T05:38:42.000Z","volume":100000,"price":1.25,"category":"bbull"},{"type":"A","date":"2018-03-14T03:10:14.000Z","volume":85000,"price":1.26,"category":"bbull"},{"type":"A","date":"2018-03-14T02:59:20.000Z","volume":110000,"price":1.26,"category":"bbull"},{"type":"A","date":"2018-03-14T02:49:20.000Z","volume":95000,"price":1.25,"category":"bbull"},{"type":"A","date":"2018-03-14T02:30:13.000Z","volume":100000,"price":1.24,"category":"bbull"},{"type":"A","date":"2018-03-14T01:55:53.000Z","volume":100000,"price":1.24,"category":"bbull"},{"type":"A","date":"2018-03-14T01:42:54.000Z","volume":120000,"price":1.25,"category":"bbull"},{"type":"A","date":"2018-03-14T01:41:43.000Z","volume":100000,"price":1.25,"category":"bbull"},{"type":"A","date":"2018-03-14T01:36:16.000Z","volume":100000,"price":1.27,"category":"bbull"},{"type":"A","date":"2018-03-14T07:59:53.000Z","volume":5000,"price":1.27,"category":"rbull"},{"type":"A","date":"2018-03-14T07:55:04.000Z","volume":5000,"price":1.27,"category":"rbull"},{"type":"A","date":"2018-03-14T07:48:22.000Z","volume":5000,"price":1.25,"category":"rbull"},{"type":"A","date":"2018-03-14T07:45:15.000Z","volume":5000,"price":1.25,"category":"rbull"},{"type":"A","date":"2018-03-14T07:43:40.000Z","volume":10000,"price":1.25,"category":"rbull"},{"type":"A","date":"2018-03-14T07:19:21.000Z","volume":5000,"price":1.25,"category":"rbull"},{"type":"A","date":"2018-03-14T06:31:55.000Z","volume":5000,"price":1.25,"category":"rbull"},{"type":"A","date":"2018-03-14T02:22:56.000Z","volume":10000,"price":1.23,"category":"rbull"},{"type":"A","date":"2018-03-14T01:58:12.000Z","volume":10000,"price":1.24,"category":"rbull"},{"type":"B","date":"2018-03-14T07:56:27.000Z","volume":5000,"price":1.26,"category":"rbear"},{"type":"B","date":"2018-03-14T07:56:03.000Z","volume":10000,"price":1.26,"category":"rbear"},{"type":"B","date":"2018-03-14T07:55:03.000Z","volume":10000,"price":1.26,"category":"rbear"},{"type":"B","date":"2018-03-14T02:17:46.000Z","volume":10000,"price":1.23,"category":"rbear"},{"type":"B","date":"2018-03-14T01:31:57.000Z","volume":10000,"price":1.27,"category":"rbear"},{"type":"B","date":"2018-03-14T06:15:48.000Z","volume":80000,"price":1.25,"category":"bbear"},{"type":"B","date":"2018-03-14T06:04:48.000Z","volume":130000,"price":1.24,"category":"bbear"},{"type":"B","date":"2018-03-14T05:22:29.000Z","volume":130000,"price":1.24,"category":"bbear"},{"type":"B","date":"2018-03-14T05:17:05.000Z","volume":85000,"price":1.24,"category":"bbear"},{"type":"B","date":"2018-03-14T05:15:33.000Z","volume":100000,"price":1.24,"category":"bbear"},{"type":"B","date":"2018-03-14T05:10:21.000Z","volume":100000,"price":1.24,"category":"bbear"},{"type":"B","date":"2018-03-14T05:09:35.000Z","volume":80000,"price":1.24,"category":"bbear"},{"type":"B","date":"2018-03-14T03:29:12.000Z","volume":90000,"price":1.24,"category":"bbear"},{"type":"B","date":"2018-03-14T03:25:31.000Z","volume":90000,"price":1.24,"category":"bbear"},{"type":"B","date":"2018-03-14T03:17:15.000Z","volume":85000,"price":1.25,"category":"bbear"},{"type":"B","date":"2018-03-14T03:04:40.000Z","volume":80000,"price":1.25,"category":"bbear"},{"type":"B","date":"2018-03-14T02:17:46.000Z","volume":95000,"price":1.23,"category":"bbear"},{"type":"B","date":"2018-03-14T01:55:40.000Z","volume":90000,"price":1.24,"category":"bbear"},{"type":"B","date":"2018-03-14T01:42:29.000Z","volume":140000,"price":1.25,"category":"bbear"},{"type":"B","date":"2018-03-14T06:06:17.000Z","volume":160000,"price":1.24,"category":"ubbear"},{"type":"B","date":"2018-03-14T06:01:42.000Z","volume":150000,"price":1.24,"category":"ubbear"},{"type":"B","date":"2018-03-14T05:57:23.000Z","volume":340000,"price":1.24,"category":"ubbear"},{"type":"B","date":"2018-03-14T05:56:21.000Z","volume":250000,"price":1.24,"category":"ubbear"},{"type":"B","date":"2018-03-14T05:13:02.000Z","volume":150000,"price":1.24,"category":"ubbear"},{"type":"B","date":"2018-03-14T03:26:40.000Z","volume":155000,"price":1.24,"category":"ubbear"},{"type":"B","date":"2018-03-14T02:29:16.000Z","volume":320000,"price":1.23,"category":"ubbear"},{"type":"B","date":"2018-03-14T02:17:27.000Z","volume":145000,"price":1.23,"category":"ubbear"},{"type":"B","date":"2018-03-14T02:17:26.000Z","volume":200000,"price":1.23,"category":"ubbear"},{"type":"B","date":"2018-03-14T02:01:25.000Z","volume":300000,"price":1.23,"category":"ubbear"},{"type":"B","date":"2018-03-14T01:43:14.000Z","volume":230000,"price":1.25,"category":"ubbear"}]