[{"type":"U","date":"2018-04-25T01:00:59.000Z","volume":72000,"label":"P","price":30.317},{"type":"U","date":"2018-04-25T01:00:59.000Z","volume":648000,"label":"P","price":30.318},{"type":"U","date":"2018-04-25T01:02:14.000Z","volume":13102,"label":"P","price":28.35},{"type":"U","date":"2018-04-25T01:05:02.000Z","volume":42400,"label":"P","price":31.17},{"type":"U","date":"2018-04-25T01:20:00.000Z","volume":272000,"label":"U","price":29.5},{"type":"B","date":"2018-04-25T01:30:00.000Z","volume":30000,"label":" ","price":29.5},{"type":"U","date":"2018-04-25T01:30:00.000Z","volume":400,"label":" ","price":29.6},{"type":"A","date":"2018-04-25T01:30:00.000Z","volume":400,"label":" ","price":29.6},{"type":"A","date":"2018-04-25T01:30:00.000Z","volume":2000,"label":" ","price":29.6},{"type":"A","date":"2018-04-25T01:30:00.000Z","volume":1600,"label":" ","price":29.6},{"type":"A","date":"2018-04-25T01:30:01.000Z","volume":10000,"label":" ","price":29.6},{"type":"A","date":"2018-04-25T01:30:01.000Z","volume":51200,"label":" ","price":29.6},{"type":"B","date":"2018-04-25T01:30:01.000Z","volume":2400,"label":" ","price":29.55},{"type":"A","date":"2018-04-25T01:30:01.000Z","volume":7200,"label":" ","price":29.65},{"type":"A","date":"2018-04-25T01:30:01.000Z","volume":2800,"label":" ","price":29.7},{"type":"B","date":"2018-04-25T01:30:02.000Z","volume":3600,"label":" ","price":29.55},{"type":"B","date":"2018-04-25T01:30:02.000Z","volume":6400,"label":" ","price":29.5},{"type":"B","date":"2018-04-25T01:30:03.000Z","volume":400,"label":" ","price":29.55},{"type":"B","date":"2018-04-25T01:30:03.000Z","volume":800,"label":" ","price":29.55},{"type":"B","date":"2018-04-25T01:30:03.000Z","volume":800,"label":" ","price":29.55},{"type":"B","date":"2018-04-25T01:30:04.000Z","volume":25600,"label":" ","price":29.55},{"type":"B","date":"2018-04-25T01:30:05.000Z","volume":400,"label":" ","price":29.55},{"type":"B","date":"2018-04-25T01:30:05.000Z","volume":1200,"label":" ","price":29.55},{"type":"A","date":"2018-04-25T01:30:06.000Z","volume":8000,"label":" ","price":29.6},{"type":"B","date":"2018-04-25T01:30:06.000Z","volume":2000,"label":" ","price":29.55},{"type":"B","date":"2018-04-25T01:30:07.000Z","volume":9200,"label":" ","price":29.55},{"type":"B","date":"2018-04-25T01:30:07.000Z","volume":2800,"label":"Y","price":29.55},{"type":"B","date":"2018-04-25T01:30:07.000Z","volume":800,"label":" ","price":29.55},{"type":"B","date":"2018-04-25T01:30:07.000Z","volume":400,"label":"Y","price":29.55},{"type":"B","date":"2018-04-25T01:30:07.000Z","volume":400,"label":" ","price":29.55},{"type":"B","date":"2018-04-25T01:30:08.000Z","volume":400,"label":" ","price":29.55},{"type":"B","date":"2018-04-25T01:30:09.000Z","volume":3200,"label":" ","price":29.5},{"type":"A","date":"2018-04-25T01:30:10.000Z","volume":1200,"label":" ","price":29.55},{"type":"A","date":"2018-04-25T01:30:11.000Z","volume":800,"label":" ","price":29.6},{"type":"B","date":"2018-04-25T01:30:11.000Z","volume":2000,"label":" ","price":29.55},{"type":"B","date":"2018-04-25T01:30:12.000Z","volume":9600,"label":" ","price":29.55},{"type":"A","date":"2018-04-25T01:30:13.000Z","volume":20000,"label":" ","price":29.55},{"type":"B","date":"2018-04-25T01:30:15.000Z","volume":12400,"label":" ","price":29.5},{"type":"B","date":"2018-04-25T01:30:15.000Z","volume":7200,"label":" ","price":29.5},{"type":"B","date":"2018-04-25T01:30:16.000Z","volume":2800,"label":" ","price":29.5},{"type":"A","date":"2018-04-25T01:30:16.000Z","volume":6000,"label":" ","price":29.55},{"type":"B","date":"2018-04-25T01:30:17.000Z","volume":5200,"label":" ","price":29.5},{"type":"U","date":"2018-04-25T01:30:17.000Z","volume":100,"label":"D","price":29.3},{"type":"B","date":"2018-04-25T01:30:18.000Z","volume":400,"label":" ","price":29.5},{"type":"B","date":"2018-04-25T01:30:18.000Z","volume":2400,"label":" ","price":29.5},{"type":"A","date":"2018-04-25T01:30:21.000Z","volume":1200,"label":" ","price":29.55},{"type":"A","date":"2018-04-25T01:30:22.000Z","volume":2000,"label":" ","price":29.55},{"type":"B","date":"2018-04-25T01:30:23.000Z","volume":400,"label":" ","price":29.5},{"type":"B","date":"2018-04-25T01:30:27.000Z","volume":400,"label":" ","price":29.5},{"type":"A","date":"2018-04-25T01:30:27.000Z","volume":20000,"label":" ","price":29.55},{"type":"B","date":"2018-04-25T01:30:27.000Z","volume":5600,"label":" ","price":29.5},{"type":"B","date":"2018-04-25T01:30:27.000Z","volume":2800,"label":" ","price":29.5},{"type":"B","date":"2018-04-25T01:30:27.000Z","volume":800,"label":" ","price":29.5},{"type":"B","date":"2018-04-25T01:30:27.000Z","volume":1600,"label":" ","price":29.5},{"type":"B","date":"2018-04-25T01:30:27.000Z","volume":400,"label":" ","price":29.5},{"type":"B","date":"2018-04-25T01:30:28.000Z","volume":400,"label":" ","price":29.5},{"type":"A","date":"2018-04-25T01:30:29.000Z","volume":400,"label":" ","price":29.55},{"type":"A","date":"2018-04-25T01:30:29.000Z","volume":400,"label":" ","price":29.55},{"type":"A","date":"2018-04-25T01:30:31.000Z","volume":400,"label":"Y","price":29.55},{"type":"A","date":"2018-04-25T01:30:32.000Z","volume":1200,"label":" ","price":29.55},{"type":"B","date":"2018-04-25T01:30:34.000Z","volume":800,"label":"Y","price":29.5},{"type":"B","date":"2018-04-25T01:30:34.000Z","volume":28400,"label":" ","price":29.5},{"type":"B","date":"2018-04-25T01:30:35.000Z","volume":400,"label":"Y","price":29.5},{"type":"B","date":"2018-04-25T01:30:35.000Z","volume":10000,"label":" ","price":29.5},{"type":"B","date":"2018-04-25T01:30:35.000Z","volume":6800,"label":" ","price":29.5},{"type":"B","date":"2018-04-25T01:30:35.000Z","volume":800,"label":" ","price":29.5},{"type":"B","date":"2018-04-25T01:30:35.000Z","volume":1600,"label":" ","price":29.5},{"type":"A","date":"2018-04-25T01:30:36.000Z","volume":400,"label":" ","price":29.55},{"type":"A","date":"2018-04-25T01:30:36.000Z","volume":400,"label":" ","price":29.55},{"type":"B","date":"2018-04-25T01:30:36.000Z","volume":90400,"label":" ","price":29.5},{"type":"B","date":"2018-04-25T01:30:36.000Z","volume":9200,"label":" ","price":29.45},{"type":"B","date":"2018-04-25T01:30:36.000Z","volume":4000,"label":"Y","price":29.4},{"type":"B","date":"2018-04-25T01:30:36.000Z","volume":18000,"label":" ","price":29.4},{"type":"B","date":"2018-04-25T01:30:36.000Z","volume":3600,"label":" ","price":29.4},{"type":"B","date":"2018-04-25T01:30:36.000Z","volume":16000,"label":" ","price":29.35},{"type":"A","date":"2018-04-25T01:30:36.000Z","volume":800,"label":" ","price":29.5},{"type":"B","date":"2018-04-25T01:30:36.000Z","volume":5600,"label":" ","price":29.35},{"type":"B","date":"2018-04-25T01:30:36.000Z","volume":8000,"label":" ","price":29.35},{"type":"B","date":"2018-04-25T01:30:36.000Z","volume":5200,"label":" ","price":29.35},{"type":"A","date":"2018-04-25T01:30:36.000Z","volume":400,"label":" ","price":29.5},{"type":"A","date":"2018-04-25T01:30:37.000Z","volume":1200,"label":" ","price":29.5},{"type":"A","date":"2018-04-25T01:30:41.000Z","volume":800,"label":" ","price":29.4},{"type":"A","date":"2018-04-25T01:30:41.000Z","volume":400,"label":" ","price":29.45},{"type":"B","date":"2018-04-25T01:30:43.000Z","volume":400,"label":" ","price":29.35},{"type":"A","date":"2018-04-25T01:30:45.000Z","volume":10000,"label":" ","price":29.45},{"type":"B","date":"2018-04-25T01:30:47.000Z","volume":1200,"label":" ","price":29.4},{"type":"B","date":"2018-04-25T01:30:48.000Z","volume":800,"label":" ","price":29.4},{"type":"B","date":"2018-04-25T01:30:48.000Z","volume":400,"label":" ","price":29.4},{"type":"B","date":"2018-04-25T01:30:48.000Z","volume":400,"label":" ","price":29.35},{"type":"A","date":"2018-04-25T01:30:48.000Z","volume":800,"label":" ","price":29.45},{"type":"B","date":"2018-04-25T01:30:48.000Z","volume":4800,"label":" ","price":29.35},{"type":"B","date":"2018-04-25T01:30:49.000Z","volume":9600,"label":" ","price":29.35},{"type":"U","date":"2018-04-25T01:30:56.000Z","volume":2800,"label":" ","price":29.4},{"type":"B","date":"2018-04-25T01:30:57.000Z","volume":400,"label":" ","price":29.4},{"type":"A","date":"2018-04-25T01:30:58.000Z","volume":2000,"label":" ","price":29.45},{"type":"A","date":"2018-04-25T01:31:00.000Z","volume":16800,"label":" ","price":29.45},{"type":"B","date":"2018-04-25T01:31:01.000Z","volume":5200,"label":" ","price":29.4},{"type":"B","date":"2018-04-25T01:31:02.000Z","volume":14400,"label":" ","price":29.4},{"type":"A","date":"2018-04-25T01:31:02.000Z","volume":2800,"label":" ","price":29.45},{"type":"B","date":"2018-04-25T01:31:03.000Z","volume":400,"label":" ","price":29.4},{"type":"B","date":"2018-04-25T01:31:03.000Z","volume":8400,"label":" ","price":29.4},{"type":"A","date":"2018-04-25T01:31:05.000Z","volume":13600,"label":" ","price":29.45},{"type":"A","date":"2018-04-25T01:31:05.000Z","volume":3200,"label":" ","price":29.45},{"type":"A","date":"2018-04-25T01:31:05.000Z","volume":6800,"label":" ","price":29.45},{"type":"A","date":"2018-04-25T01:31:05.000Z","volume":3200,"label":" ","price":29.45},{"type":"A","date":"2018-04-25T01:31:05.000Z","volume":800,"label":" ","price":29.45},{"type":"B","date":"2018-04-25T01:31:08.000Z","volume":400,"label":" ","price":29.45},{"type":"A","date":"2018-04-25T01:31:08.000Z","volume":30000,"label":" ","price":29.5},{"type":"B","date":"2018-04-25T01:31:08.000Z","volume":5600,"label":" ","price":29.45},{"type":"A","date":"2018-04-25T01:31:08.000Z","volume":20000,"label":" ","price":29.5},{"type":"A","date":"2018-04-25T01:31:09.000Z","volume":9600,"label":" ","price":29.5},{"type":"B","date":"2018-04-25T01:31:09.000Z","volume":400,"label":" ","price":29.5},{"type":"B","date":"2018-04-25T01:31:14.000Z","volume":14400,"label":" ","price":29.5},{"type":"A","date":"2018-04-25T01:31:15.000Z","volume":4000,"label":" ","price":29.5},{"type":"A","date":"2018-04-25T01:31:17.000Z","volume":800,"label":" ","price":29.5},{"type":"A","date":"2018-04-25T01:31:18.000Z","volume":1200,"label":" ","price":29.5},{"type":"B","date":"2018-04-25T01:31:19.000Z","volume":800,"label":" ","price":29.45},{"type":"B","date":"2018-04-25T01:31:23.000Z","volume":400,"label":" ","price":29.45},{"type":"U","date":"2018-04-25T01:31:24.000Z","volume":400,"label":"X","price":29.475},{"type":"U","date":"2018-04-25T01:31:26.000Z","volume":800,"label":"X","price":29.475},{"type":"A","date":"2018-04-25T01:31:26.000Z","volume":1200,"label":" ","price":29.5},{"type":"B","date":"2018-04-25T01:31:27.000Z","volume":400,"label":" ","price":29.45},{"type":"A","date":"2018-04-25T01:31:31.000Z","volume":3200,"label":" ","price":29.5},{"type":"B","date":"2018-04-25T01:31:38.000Z","volume":400,"label":" ","price":29.45},{"type":"A","date":"2018-04-25T01:31:38.000Z","volume":400,"label":" ","price":29.5},{"type":"A","date":"2018-04-25T01:31:40.000Z","volume":10000,"label":" ","price":29.5},{"type":"A","date":"2018-04-25T01:31:40.000Z","volume":5600,"label":" ","price":29.5},{"type":"B","date":"2018-04-25T01:31:40.000Z","volume":400,"label":" ","price":29.45},{"type":"A","date":"2018-04-25T01:31:40.000Z","volume":7200,"label":" ","price":29.5},{"type":"B","date":"2018-04-25T01:31:43.000Z","volume":400,"label":" ","price":29.45},{"type":"B","date":"2018-04-25T01:31:48.000Z","volume":400,"label":" ","price":29.45},{"type":"A","date":"2018-04-25T01:31:49.000Z","volume":2000,"label":" ","price":29.5},{"type":"U","date":"2018-04-25T01:31:53.000Z","volume":200,"label":"D","price":29.2},{"type":"A","date":"2018-04-25T01:31:54.000Z","volume":1200,"label":" ","price":29.5},{"type":"A","date":"2018-04-25T01:31:54.000Z","volume":1200,"label":" ","price":29.5},{"type":"B","date":"2018-04-25T01:31:55.000Z","volume":1200,"label":" ","price":29.45},{"type":"B","date":"2018-04-25T01:31:58.000Z","volume":400,"label":" ","price":29.45},{"type":"A","date":"2018-04-25T01:32:00.000Z","volume":4000,"label":" ","price":29.5},{"type":"B","date":"2018-04-25T01:32:00.000Z","volume":400,"label":" ","price":29.45},{"type":"B","date":"2018-04-25T01:32:03.000Z","volume":400,"label":" ","price":29.45},{"type":"A","date":"2018-04-25T01:32:05.000Z","volume":1200,"label":" ","price":29.5},{"type":"A","date":"2018-04-25T01:32:06.000Z","volume":4400,"label":" ","price":29.5},{"type":"A","date":"2018-04-25T01:32:06.000Z","volume":1200,"label":" ","price":29.5},{"type":"B","date":"2018-04-25T01:32:08.000Z","volume":400,"label":" ","price":29.45},{"type":"A","date":"2018-04-25T01:32:12.000Z","volume":2400,"label":" ","price":29.5},{"type":"A","date":"2018-04-25T01:32:12.000Z","volume":800,"label":" ","price":29.5},{"type":"A","date":"2018-04-25T01:32:12.000Z","volume":1200,"label":" ","price":29.5},{"type":"B","date":"2018-04-25T01:32:13.000Z","volume":6800,"label":" ","price":29.5},{"type":"B","date":"2018-04-25T01:32:14.000Z","volume":10000,"label":" ","price":29.45},{"type":"A","date":"2018-04-25T01:32:14.000Z","volume":4000,"label":" ","price":29.5},{"type":"A","date":"2018-04-25T01:32:16.000Z","volume":800,"label":" ","price":29.5},{"type":"B","date":"2018-04-25T01:32:18.000Z","volume":400,"label":" ","price":29.45},{"type":"A","date":"2018-04-25T01:32:21.000Z","volume":10000,"label":" ","price":29.5},{"type":"B","date":"2018-04-25T01:32:22.000Z","volume":400,"label":" ","price":29.45},{"type":"B","date":"2018-04-25T01:32:22.000Z","volume":4000,"label":" ","price":29.45},{"type":"B","date":"2018-04-25T01:32:23.000Z","volume":400,"label":" ","price":29.45},{"type":"B","date":"2018-04-25T01:32:28.000Z","volume":400,"label":" ","price":29.45},{"type":"A","date":"2018-04-25T01:32:28.000Z","volume":1200,"label":" ","price":29.5},{"type":"A","date":"2018-04-25T01:32:29.000Z","volume":3600,"label":" ","price":29.5},{"type":"A","date":"2018-04-25T01:32:30.000Z","volume":4000,"label":" ","price":29.5},{"type":"B","date":"2018-04-25T01:32:38.000Z","volume":400,"label":" ","price":29.45},{"type":"B","date":"2018-04-25T01:32:43.000Z","volume":400,"label":" ","price":29.45},{"type":"B","date":"2018-04-25T01:32:48.000Z","volume":400,"label":" ","price":29.45},{"type":"U","date":"2018-04-25T01:32:49.000Z","volume":400,"label":"X","price":29.475},{"type":"U","date":"2018-04-25T01:32:50.000Z","volume":1600,"label":"X","price":29.475},{"type":"A","date":"2018-04-25T01:32:56.000Z","volume":1200,"label":" ","price":29.5},{"type":"B","date":"2018-04-25T01:32:58.000Z","volume":400,"label":" ","price":29.45},{"type":"A","date":"2018-04-25T01:32:59.000Z","volume":400,"label":" ","price":29.5},{"type":"A","date":"2018-04-25T01:33:00.000Z","volume":80000,"label":" ","price":29.5},{"type":"A","date":"2018-04-25T01:33:00.000Z","volume":6800,"label":" ","price":29.5},{"type":"B","date":"2018-04-25T01:33:00.000Z","volume":1600,"label":" ","price":29.45},{"type":"A","date":"2018-04-25T01:33:00.000Z","volume":400,"label":" ","price":29.5},{"type":"B","date":"2018-04-25T01:33:00.000Z","volume":4000,"label":" ","price":29.45},{"type":"B","date":"2018-04-25T01:33:00.000Z","volume":1200,"label":" ","price":29.45},{"type":"B","date":"2018-04-25T01:33:00.000Z","volume":2800,"label":" ","price":29.45},{"type":"B","date":"2018-04-25T01:33:00.000Z","volume":8000,"label":" ","price":29.45},{"type":"A","date":"2018-04-25T01:33:00.000Z","volume":2000,"label":" ","price":29.5},{"type":"B","date":"2018-04-25T01:33:00.000Z","volume":2800,"label":" ","price":29.45},{"type":"B","date":"2018-04-25T01:33:00.000Z","volume":3200,"label":" ","price":29.45},{"type":"B","date":"2018-04-25T01:33:03.000Z","volume":400,"label":" ","price":29.45},{"type":"A","date":"2018-04-25T01:33:03.000Z","volume":4400,"label":" ","price":29.5},{"type":"A","date":"2018-04-25T01:33:04.000Z","volume":1200,"label":" ","price":29.5},{"type":"A","date":"2018-04-25T01:33:04.000Z","volume":400,"label":" ","price":29.55},{"type":"A","date":"2018-04-25T01:33:04.000Z","volume":400,"label":"Y","price":29.55},{"type":"B","date":"2018-04-25T01:33:08.000Z","volume":400,"label":" ","price":29.45},{"type":"B","date":"2018-04-25T01:33:18.000Z","volume":400,"label":" ","price":29.5},{"type":"B","date":"2018-04-25T01:33:23.000Z","volume":400,"label":" ","price":29.5},{"type":"B","date":"2018-04-25T01:33:28.000Z","volume":400,"label":" ","price":29.5},{"type":"B","date":"2018-04-25T01:33:32.000Z","volume":11200,"label":" ","price":29.5},{"type":"B","date":"2018-04-25T01:33:32.000Z","volume":400,"label":" ","price":29.45},{"type":"B","date":"2018-04-25T01:33:32.000Z","volume":800,"label":" ","price":29.45},{"type":"B","date":"2018-04-25T01:33:32.000Z","volume":400,"label":" ","price":29.45},{"type":"B","date":"2018-04-25T01:33:33.000Z","volume":400,"label":" ","price":29.45},{"type":"A","date":"2018-04-25T01:33:38.000Z","volume":400,"label":" ","price":29.55},{"type":"B","date":"2018-04-25T01:33:38.000Z","volume":400,"label":" ","price":29.5},{"type":"B","date":"2018-04-25T01:33:40.000Z","volume":4000,"label":" ","price":29.5},{"type":"B","date":"2018-04-25T01:33:40.000Z","volume":9600,"label":" ","price":29.5},{"type":"B","date":"2018-04-25T01:33:40.000Z","volume":400,"label":" ","price":29.45},{"type":"B","date":"2018-04-25T01:33:40.000Z","volume":400,"label":" ","price":29.45},{"type":"B","date":"2018-04-25T01:33:40.000Z","volume":800,"label":" ","price":29.45},{"type":"B","date":"2018-04-25T01:33:40.000Z","volume":800,"label":" ","price":29.45},{"type":"B","date":"2018-04-25T01:33:40.000Z","volume":400,"label":" ","price":29.45},{"type":"B","date":"2018-04-25T01:33:40.000Z","volume":400,"label":" ","price":29.45},{"type":"B","date":"2018-04-25T01:33:40.000Z","volume":400,"label":" ","price":29.45},{"type":"A","date":"2018-04-25T01:33:44.000Z","volume":11600,"label":" ","price":29.5},{"type":"A","date":"2018-04-25T01:33:44.000Z","volume":17600,"label":" ","price":29.5},{"type":"A","date":"2018-04-25T01:33:44.000Z","volume":800,"label":" ","price":29.5},{"type":"B","date":"2018-04-25T01:33:44.000Z","volume":800,"label":" ","price":29.45},{"type":"B","date":"2018-04-25T01:33:44.000Z","volume":400,"label":" ","price":29.45},{"type":"B","date":"2018-04-25T01:33:44.000Z","volume":1600,"label":" ","price":29.45},{"type":"B","date":"2018-04-25T01:33:44.000Z","volume":1600,"label":" ","price":29.45},{"type":"B","date":"2018-04-25T01:33:44.000Z","volume":400,"label":" ","price":29.45},{"type":"B","date":"2018-04-25T01:33:44.000Z","volume":400,"label":" ","price":29.45},{"type":"A","date":"2018-04-25T01:33:45.000Z","volume":10000,"label":" ","price":29.55},{"type":"B","date":"2018-04-25T01:33:45.000Z","volume":400,"label":" ","price":29.45},{"type":"B","date":"2018-04-25T01:33:45.000Z","volume":400,"label":" ","price":29.45},{"type":"B","date":"2018-04-25T01:33:45.000Z","volume":400,"label":" ","price":29.45},{"type":"B","date":"2018-04-25T01:33:45.000Z","volume":400,"label":" ","price":29.45},{"type":"B","date":"2018-04-25T01:33:45.000Z","volume":800,"label":" ","price":29.45},{"type":"B","date":"2018-04-25T01:33:45.000Z","volume":400,"label":" ","price":29.45},{"type":"B","date":"2018-04-25T01:33:48.000Z","volume":400,"label":" ","price":29.5},{"type":"B","date":"2018-04-25T01:33:48.000Z","volume":400,"label":" ","price":29.5},{"type":"B","date":"2018-04-25T01:33:48.000Z","volume":7200,"label":" ","price":29.5},{"type":"B","date":"2018-04-25T01:33:48.000Z","volume":400,"label":" ","price":29.45},{"type":"B","date":"2018-04-25T01:33:48.000Z","volume":400,"label":" ","price":29.45},{"type":"B","date":"2018-04-25T01:33:48.000Z","volume":400,"label":" ","price":29.45},{"type":"B","date":"2018-04-25T01:33:48.000Z","volume":400,"label":" ","price":29.45},{"type":"B","date":"2018-04-25T01:33:50.000Z","volume":1600,"label":" ","price":29.5},{"type":"B","date":"2018-04-25T01:33:50.000Z","volume":400,"label":" ","price":29.5},{"type":"B","date":"2018-04-25T01:33:50.000Z","volume":1200,"label":" ","price":29.5},{"type":"B","date":"2018-04-25T01:33:50.000Z","volume":400,"label":" ","price":29.45},{"type":"B","date":"2018-04-25T01:33:57.000Z","volume":20000,"label":" ","price":29.45},{"type":"B","date":"2018-04-25T01:33:57.000Z","volume":30000,"label":" ","price":29.45},{"type":"B","date":"2018-04-25T01:33:57.000Z","volume":30800,"label":" ","price":29.45},{"type":"B","date":"2018-04-25T01:33:57.000Z","volume":400,"label":" ","price":29.4},{"type":"B","date":"2018-04-25T01:33:57.000Z","volume":800,"label":" ","price":29.4},{"type":"B","date":"2018-04-25T01:33:57.000Z","volume":3200,"label":" ","price":29.4},{"type":"B","date":"2018-04-25T01:33:57.000Z","volume":3600,"label":" ","price":29.4},{"type":"B","date":"2018-04-25T01:33:57.000Z","volume":800,"label":" ","price":29.4},{"type":"B","date":"2018-04-25T01:33:57.000Z","volume":3600,"label":" ","price":29.4},{"type":"B","date":"2018-04-25T01:33:57.000Z","volume":3600,"label":" ","price":29.4},{"type":"B","date":"2018-04-25T01:33:57.000Z","volume":400,"label":" ","price":29.4},{"type":"B","date":"2018-04-25T01:33:57.000Z","volume":400,"label":" ","price":29.4},{"type":"B","date":"2018-04-25T01:33:57.000Z","volume":800,"label":" ","price":29.4},{"type":"B","date":"2018-04-25T01:33:57.000Z","volume":800,"label":" ","price":29.4},{"type":"B","date":"2018-04-25T01:33:57.000Z","volume":400,"label":" ","price":29.4},{"type":"A","date":"2018-04-25T01:33:57.000Z","volume":1200,"label":" ","price":29.45},{"type":"B","date":"2018-04-25T01:33:59.000Z","volume":4000,"label":" ","price":29.4},{"type":"B","date":"2018-04-25T01:34:00.000Z","volume":400,"label":" ","price":29.4},{"type":"B","date":"2018-04-25T01:34:03.000Z","volume":400,"label":" ","price":29.4},{"type":"A","date":"2018-04-25T01:34:05.000Z","volume":10000,"label":" ","price":29.45},{"type":"B","date":"2018-04-25T01:34:05.000Z","volume":1200,"label":" ","price":29.4},{"type":"B","date":"2018-04-25T01:34:05.000Z","volume":800,"label":" ","price":29.4},{"type":"B","date":"2018-04-25T01:34:08.000Z","volume":400,"label":" ","price":29.4},{"type":"B","date":"2018-04-25T01:34:08.000Z","volume":4000,"label":" ","price":29.4},{"type":"B","date":"2018-04-25T01:34:08.000Z","volume":400,"label":" ","price":29.4},{"type":"A","date":"2018-04-25T01:34:09.000Z","volume":2800,"label":" ","price":29.45},{"type":"B","date":"2018-04-25T01:34:09.000Z","volume":400,"label":" ","price":29.4},{"type":"B","date":"2018-04-25T01:34:09.000Z","volume":400,"label":" ","price":29.4},{"type":"B","date":"2018-04-25T01:34:18.000Z","volume":400,"label":" ","price":29.4},{"type":"B","date":"2018-04-25T01:34:23.000Z","volume":400,"label":" ","price":29.4},{"type":"B","date":"2018-04-25T01:34:28.000Z","volume":400,"label":" ","price":29.4},{"type":"B","date":"2018-04-25T01:34:29.000Z","volume":18800,"label":" ","price":29.4},{"type":"B","date":"2018-04-25T01:34:29.000Z","volume":400,"label":" ","price":29.35},{"type":"B","date":"2018-04-25T01:34:29.000Z","volume":400,"label":" ","price":29.35},{"type":"B","date":"2018-04-25T01:34:29.000Z","volume":400,"label":" ","price":29.35},{"type":"B","date":"2018-04-25T01:34:29.000Z","volume":1200,"label":" ","price":29.35},{"type":"B","date":"2018-04-25T01:34:29.000Z","volume":1200,"label":" ","price":29.35},{"type":"B","date":"2018-04-25T01:34:29.000Z","volume":400,"label":" ","price":29.35},{"type":"B","date":"2018-04-25T01:34:29.000Z","volume":400,"label":" ","price":29.35},{"type":"B","date":"2018-04-25T01:34:29.000Z","volume":400,"label":" ","price":29.35},{"type":"A","date":"2018-04-25T01:34:34.000Z","volume":4000,"label":" ","price":29.4},{"type":"B","date":"2018-04-25T01:34:34.000Z","volume":400,"label":" ","price":29.35},{"type":"B","date":"2018-04-25T01:34:34.000Z","volume":400,"label":" ","price":29.35},{"type":"A","date":"2018-04-25T01:34:38.000Z","volume":400,"label":" ","price":29.4},{"type":"B","date":"2018-04-25T01:34:38.000Z","volume":400,"label":" ","price":29.35},{"type":"B","date":"2018-04-25T01:34:43.000Z","volume":400,"label":" ","price":29.35},{"type":"A","date":"2018-04-25T01:34:44.000Z","volume":2000,"label":" ","price":29.4},{"type":"B","date":"2018-04-25T01:34:48.000Z","volume":400,"label":" ","price":29.35},{"type":"B","date":"2018-04-25T01:34:54.000Z","volume":400,"label":" ","price":29.35},{"type":"B","date":"2018-04-25T01:34:58.000Z","volume":400,"label":" ","price":29.35},{"type":"B","date":"2018-04-25T01:34:59.000Z","volume":400,"label":" ","price":29.35},{"type":"B","date":"2018-04-25T01:35:04.000Z","volume":400,"label":" ","price":29.35},{"type":"B","date":"2018-04-25T01:35:09.000Z","volume":400,"label":" ","price":29.35},{"type":"A","date":"2018-04-25T01:35:09.000Z","volume":400,"label":" ","price":29.4},{"type":"A","date":"2018-04-25T01:35:10.000Z","volume":2000,"label":" ","price":29.4},{"type":"B","date":"2018-04-25T01:35:11.000Z","volume":400,"label":" ","price":29.35},{"type":"A","date":"2018-04-25T01:35:11.000Z","volume":400,"label":" ","price":29.4},{"type":"B","date":"2018-04-25T01:35:13.000Z","volume":2000,"label":" ","price":29.35},{"type":"A","date":"2018-04-25T01:35:17.000Z","volume":3600,"label":" ","price":29.4},{"type":"B","date":"2018-04-25T01:35:17.000Z","volume":400,"label":" ","price":29.35},{"type":"B","date":"2018-04-25T01:35:19.000Z","volume":400,"label":" ","price":29.35},{"type":"A","date":"2018-04-25T01:35:20.000Z","volume":800,"label":"Y","price":29.4},{"type":"B","date":"2018-04-25T01:35:20.000Z","volume":400,"label":" ","price":29.35},{"type":"B","date":"2018-04-25T01:35:20.000Z","volume":400,"label":" ","price":29.35},{"type":"B","date":"2018-04-25T01:35:21.000Z","volume":400,"label":" ","price":29.35},{"type":"B","date":"2018-04-25T01:35:21.000Z","volume":73600,"label":" ","price":29.35},{"type":"B","date":"2018-04-25T01:35:21.000Z","volume":400,"label":" ","price":29.3},{"type":"B","date":"2018-04-25T01:35:21.000Z","volume":2000,"label":" ","price":29.3},{"type":"B","date":"2018-04-25T01:35:23.000Z","volume":2000,"label":" ","price":29.3},{"type":"U","date":"2018-04-25T01:35:24.000Z","volume":200,"label":"D","price":29.1},{"type":"A","date":"2018-04-25T01:35:24.000Z","volume":2800,"label":" ","price":29.35},{"type":"A","date":"2018-04-25T01:35:25.000Z","volume":36800,"label":" ","price":29.35},{"type":"A","date":"2018-04-25T01:35:25.000Z","volume":3200,"label":" ","price":29.4},{"type":"A","date":"2018-04-25T01:35:25.000Z","volume":2800,"label":"Y","price":29.35},{"type":"A","date":"2018-04-25T01:35:25.000Z","volume":400,"label":" ","price":29.35},{"type":"B","date":"2018-04-25T01:35:26.000Z","volume":4800,"label":" ","price":29.3},{"type":"A","date":"2018-04-25T01:35:26.000Z","volume":1600,"label":" ","price":29.35},{"type":"B","date":"2018-04-25T01:35:29.000Z","volume":400,"label":" ","price":29.3},{"type":"B","date":"2018-04-25T01:35:31.000Z","volume":400,"label":" ","price":29.3},{"type":"A","date":"2018-04-25T01:35:36.000Z","volume":1200,"label":" ","price":29.35},{"type":"B","date":"2018-04-25T01:35:39.000Z","volume":400,"label":" ","price":29.3},{"type":"A","date":"2018-04-25T01:35:42.000Z","volume":67600,"label":" ","price":29.35},{"type":"A","date":"2018-04-25T01:35:42.000Z","volume":10800,"label":" ","price":29.4},{"type":"U","date":"2018-04-25T01:35:42.000Z","volume":1600,"label":"X","price":29.35},{"type":"U","date":"2018-04-25T01:35:43.000Z","volume":1200,"label":"X","price":29.325},{"type":"B","date":"2018-04-25T01:35:44.000Z","volume":400,"label":" ","price":29.3},{"type":"B","date":"2018-04-25T01:35:46.000Z","volume":1200,"label":" ","price":29.3},{"type":"B","date":"2018-04-25T01:35:49.000Z","volume":400,"label":" ","price":29.3},{"type":"B","date":"2018-04-25T01:35:59.000Z","volume":400,"label":" ","price":29.3},{"type":"A","date":"2018-04-25T01:36:02.000Z","volume":800,"label":" ","price":29.35},{"type":"U","date":"2018-04-25T01:36:03.000Z","volume":800,"label":"X","price":29.325},{"type":"U","date":"2018-04-25T01:36:04.000Z","volume":1200,"label":"X","price":29.325},{"type":"B","date":"2018-04-25T01:36:04.000Z","volume":400,"label":" ","price":29.3},{"type":"A","date":"2018-04-25T01:36:06.000Z","volume":4800,"label":" ","price":29.35},{"type":"B","date":"2018-04-25T01:36:09.000Z","volume":400,"label":" ","price":29.3},{"type":"A","date":"2018-04-25T01:36:11.000Z","volume":4400,"label":" ","price":29.35},{"type":"B","date":"2018-04-25T01:36:11.000Z","volume":400,"label":" ","price":29.3},{"type":"A","date":"2018-04-25T01:36:13.000Z","volume":2000,"label":" ","price":29.4},{"type":"U","date":"2018-04-25T01:36:15.000Z","volume":1200,"label":" ","price":29.35},{"type":"B","date":"2018-04-25T01:36:19.000Z","volume":400,"label":" ","price":29.35},{"type":"B","date":"2018-04-25T01:36:24.000Z","volume":400,"label":" ","price":29.35},{"type":"B","date":"2018-04-25T01:36:29.000Z","volume":400,"label":" ","price":29.35},{"type":"A","date":"2018-04-25T01:36:32.000Z","volume":400,"label":" ","price":29.4},{"type":"U","date":"2018-04-25T01:36:38.000Z","volume":8400,"label":"X","price":29.4},{"type":"B","date":"2018-04-25T01:36:39.000Z","volume":400,"label":" ","price":29.35},{"type":"B","date":"2018-04-25T01:36:44.000Z","volume":400,"label":" ","price":29.35},{"type":"B","date":"2018-04-25T01:36:49.000Z","volume":400,"label":" ","price":29.35},{"type":"B","date":"2018-04-25T01:36:51.000Z","volume":1200,"label":" ","price":29.35},{"type":"B","date":"2018-04-25T01:36:51.000Z","volume":400,"label":" ","price":29.35},{"type":"B","date":"2018-04-25T01:36:58.000Z","volume":1200,"label":" ","price":29.35},{"type":"B","date":"2018-04-25T01:36:59.000Z","volume":400,"label":" ","price":29.35},{"type":"B","date":"2018-04-25T01:37:04.000Z","volume":400,"label":" ","price":29.35},{"type":"A","date":"2018-04-25T01:37:05.000Z","volume":30000,"label":" ","price":29.4},{"type":"A","date":"2018-04-25T01:37:05.000Z","volume":4000,"label":" ","price":29.4},{"type":"A","date":"2018-04-25T01:37:06.000Z","volume":400,"label":" ","price":29.4},{"type":"B","date":"2018-04-25T01:37:09.000Z","volume":400,"label":" ","price":29.4},{"type":"A","date":"2018-04-25T01:37:15.000Z","volume":400,"label":" ","price":29.45},{"type":"A","date":"2018-04-25T01:37:15.000Z","volume":15600,"label":" ","price":29.45},{"type":"A","date":"2018-04-25T01:37:15.000Z","volume":400,"label":" ","price":29.45},{"type":"U","date":"2018-04-25T01:37:16.000Z","volume":2800,"label":"X","price":29.5},{"type":"B","date":"2018-04-25T01:37:16.000Z","volume":400,"label":" ","price":29.4},{"type":"B","date":"2018-04-25T01:37:19.000Z","volume":400,"label":" ","price":29.4},{"type":"B","date":"2018-04-25T01:37:24.000Z","volume":400,"label":" ","price":29.45},{"type":"B","date":"2018-04-25T01:37:26.000Z","volume":400,"label":" ","price":29.45},{"type":"B","date":"2018-04-25T01:37:29.000Z","volume":400,"label":" ","price":29.45},{"type":"A","date":"2018-04-25T01:37:33.000Z","volume":10000,"label":" ","price":29.5},{"type":"A","date":"2018-04-25T01:37:33.000Z","volume":4000,"label":" ","price":29.5},{"type":"A","date":"2018-04-25T01:37:33.000Z","volume":1200,"label":" ","price":29.5},{"type":"A","date":"2018-04-25T01:37:34.000Z","volume":2400,"label":" ","price":29.55},{"type":"A","date":"2018-04-25T01:37:35.000Z","volume":400,"label":" ","price":29.55},{"type":"A","date":"2018-04-25T01:37:36.000Z","volume":2000,"label":" ","price":29.55},{"type":"B","date":"2018-04-25T01:37:36.000Z","volume":400,"label":" ","price":29.5},{"type":"B","date":"2018-04-25T01:37:37.000Z","volume":2000,"label":" ","price":29.5},{"type":"B","date":"2018-04-25T01:37:39.000Z","volume":400,"label":" ","price":29.5},{"type":"B","date":"2018-04-25T01:37:40.000Z","volume":400,"label":" ","price":29.5},{"type":"A","date":"2018-04-25T01:37:44.000Z","volume":8000,"label":" ","price":29.55},{"type":"A","date":"2018-04-25T01:37:44.000Z","volume":2000,"label":" ","price":29.55},{"type":"B","date":"2018-04-25T01:37:44.000Z","volume":400,"label":" ","price":29.5},{"type":"B","date":"2018-04-25T01:37:45.000Z","volume":3200,"label":" ","price":29.5},{"type":"A","date":"2018-04-25T01:37:46.000Z","volume":1600,"label":" ","price":29.55},{"type":"B","date":"2018-04-25T01:37:46.000Z","volume":400,"label":" ","price":29.5},{"type":"B","date":"2018-04-25T01:37:47.000Z","volume":800,"label":" ","price":29.5},{"type":"B","date":"2018-04-25T01:37:49.000Z","volume":400,"label":" ","price":29.5},{"type":"A","date":"2018-04-25T01:37:53.000Z","volume":1200,"label":" ","price":29.55},{"type":"B","date":"2018-04-25T01:37:56.000Z","volume":400,"label":" ","price":29.5},{"type":"B","date":"2018-04-25T01:37:58.000Z","volume":800,"label":" ","price":29.5},{"type":"B","date":"2018-04-25T01:37:59.000Z","volume":400,"label":" ","price":29.5},{"type":"A","date":"2018-04-25T01:38:01.000Z","volume":4000,"label":" ","price":29.55},{"type":"A","date":"2018-04-25T01:38:01.000Z","volume":3600,"label":" ","price":29.55},{"type":"A","date":"2018-04-25T01:38:01.000Z","volume":400,"label":" ","price":29.55},{"type":"A","date":"2018-04-25T01:38:02.000Z","volume":2400,"label":" ","price":29.55},{"type":"B","date":"2018-04-25T01:38:04.000Z","volume":400,"label":" ","price":29.5},{"type":"B","date":"2018-04-25T01:38:06.000Z","volume":400,"label":" ","price":29.5},{"type":"U","date":"2018-04-25T01:38:08.000Z","volume":400,"label":"X","price":29.525},{"type":"U","date":"2018-04-25T01:38:09.000Z","volume":800,"label":"X","price":29.525},{"type":"B","date":"2018-04-25T01:38:10.000Z","volume":400,"label":" ","price":29.5},{"type":"A","date":"2018-04-25T01:38:15.000Z","volume":400,"label":"Y","price":29.55},{"type":"B","date":"2018-04-25T01:38:20.000Z","volume":400,"label":" ","price":29.5},{"type":"A","date":"2018-04-25T01:38:20.000Z","volume":10000,"label":" ","price":29.55},{"type":"U","date":"2018-04-25T01:38:20.000Z","volume":2800,"label":"X","price":29.55},{"type":"A","date":"2018-04-25T01:38:21.000Z","volume":400,"label":" ","price":29.55},{"type":"B","date":"2018-04-25T01:38:22.000Z","volume":800,"label":" ","price":29.5},{"type":"B","date":"2018-04-25T01:38:23.000Z","volume":1600,"label":" ","price":29.5},{"type":"A","date":"2018-04-25T01:38:25.000Z","volume":5600,"label":" ","price":29.55},{"type":"A","date":"2018-04-25T01:38:26.000Z","volume":1200,"label":" ","price":29.55},{"type":"U","date":"2018-04-25T01:38:26.000Z","volume":1200,"label":"X","price":29.55},{"type":"B","date":"2018-04-25T01:38:26.000Z","volume":400,"label":" ","price":29.5},{"type":"B","date":"2018-04-25T01:38:27.000Z","volume":2400,"label":" ","price":29.5},{"type":"A","date":"2018-04-25T01:38:36.000Z","volume":5200,"label":" ","price":29.55},{"type":"U","date":"2018-04-25T01:38:38.000Z","volume":1600,"label":"X","price":29.55},{"type":"U","date":"2018-04-25T01:38:39.000Z","volume":400,"label":"X","price":29.525},{"type":"U","date":"2018-04-25T01:38:40.000Z","volume":400,"label":"X","price":29.525},{"type":"A","date":"2018-04-25T01:38:41.000Z","volume":400,"label":" ","price":29.55},{"type":"B","date":"2018-04-25T01:38:41.000Z","volume":400,"label":" ","price":29.5},{"type":"A","date":"2018-04-25T01:38:44.000Z","volume":5200,"label":" ","price":29.55},{"type":"A","date":"2018-04-25T01:39:02.000Z","volume":400,"label":" ","price":29.55},{"type":"A","date":"2018-04-25T01:39:02.000Z","volume":5600,"label":" ","price":29.55},{"type":"U","date":"2018-04-25T01:39:02.000Z","volume":2400,"label":"X","price":29.55},{"type":"U","date":"2018-04-25T01:39:10.000Z","volume":3200,"label":"X","price":29.55},{"type":"A","date":"2018-04-25T01:39:10.000Z","volume":5600,"label":" ","price":29.55},{"type":"U","date":"2018-04-25T01:39:10.000Z","volume":1200,"label":"X","price":29.55},{"type":"U","date":"2018-04-25T01:39:10.000Z","volume":1200,"label":"X","price":29.55},{"type":"A","date":"2018-04-25T01:39:11.000Z","volume":1200,"label":" ","price":29.55},{"type":"A","date":"2018-04-25T01:39:12.000Z","volume":8000,"label":" ","price":29.55},{"type":"A","date":"2018-04-25T01:39:13.000Z","volume":400,"label":" ","price":29.55},{"type":"B","date":"2018-04-25T01:39:16.000Z","volume":400,"label":" ","price":29.5},{"type":"A","date":"2018-04-25T01:39:16.000Z","volume":2800,"label":" ","price":29.55},{"type":"A","date":"2018-04-25T01:39:18.000Z","volume":400,"label":" ","price":29.55},{"type":"A","date":"2018-04-25T01:39:27.000Z","volume":400,"label":" ","price":29.55},{"type":"A","date":"2018-04-25T01:39:28.000Z","volume":2400,"label":" ","price":29.55},{"type":"A","date":"2018-04-25T01:39:45.000Z","volume":1200,"label":" ","price":29.55},{"type":"A","date":"2018-04-25T01:39:46.000Z","volume":10000,"label":" ","price":29.55},{"type":"A","date":"2018-04-25T01:39:49.000Z","volume":400,"label":" ","price":29.55},{"type":"A","date":"2018-04-25T01:39:50.000Z","volume":10000,"label":" ","price":29.55},{"type":"A","date":"2018-04-25T01:39:50.000Z","volume":3200,"label":" ","price":29.55},{"type":"A","date":"2018-04-25T01:39:51.000Z","volume":4000,"label":" ","price":29.55},{"type":"A","date":"2018-04-25T01:39:51.000Z","volume":8000,"label":" ","price":29.55},{"type":"B","date":"2018-04-25T01:39:51.000Z","volume":400,"label":" ","price":29.55},{"type":"B","date":"2018-04-25T01:39:51.000Z","volume":800,"label":" ","price":29.55},{"type":"A","date":"2018-04-25T01:39:52.000Z","volume":3600,"label":" ","price":29.6},{"type":"U","date":"2018-04-25T01:39:52.000Z","volume":6000,"label":"X","price":29.6},{"type":"A","date":"2018-04-25T01:39:52.000Z","volume":400,"label":" ","price":29.6},{"type":"A","date":"2018-04-25T01:39:58.000Z","volume":4400,"label":" ","price":29.6},{"type":"B","date":"2018-04-25T01:40:00.000Z","volume":400,"label":" ","price":29.55},{"type":"B","date":"2018-04-25T01:40:01.000Z","volume":1200,"label":" ","price":29.55},{"type":"A","date":"2018-04-25T01:40:12.000Z","volume":400,"label":" ","price":29.6},{"type":"A","date":"2018-04-25T01:40:13.000Z","volume":400,"label":" ","price":29.6},{"type":"B","date":"2018-04-25T01:40:18.000Z","volume":400,"label":" ","price":29.55},{"type":"B","date":"2018-04-25T01:40:19.000Z","volume":20000,"label":" ","price":29.55},{"type":"A","date":"2018-04-25T01:40:20.000Z","volume":5200,"label":" ","price":29.6},{"type":"U","date":"2018-04-25T01:40:20.000Z","volume":4400,"label":"X","price":29.6},{"type":"A","date":"2018-04-25T01:40:20.000Z","volume":400,"label":" ","price":29.6},{"type":"B","date":"2018-04-25T01:40:20.000Z","volume":2000,"label":" ","price":29.55},{"type":"B","date":"2018-04-25T01:40:21.000Z","volume":9600,"label":" ","price":29.55},{"type":"A","date":"2018-04-25T01:40:21.000Z","volume":3600,"label":" ","price":29.6},{"type":"B","date":"2018-04-25T01:40:23.000Z","volume":30000,"label":" ","price":29.55},{"type":"B","date":"2018-04-25T01:40:24.000Z","volume":10800,"label":" ","price":29.55},{"type":"A","date":"2018-04-25T01:40:24.000Z","volume":1600,"label":"Y","price":29.6},{"type":"A","date":"2018-04-25T01:40:24.000Z","volume":16000,"label":" ","price":29.6},{"type":"B","date":"2018-04-25T01:40:25.000Z","volume":8000,"label":" ","price":29.55},{"type":"A","date":"2018-04-25T01:40:25.000Z","volume":7200,"label":" ","price":29.6},{"type":"A","date":"2018-04-25T01:40:27.000Z","volume":400,"label":" ","price":29.6},{"type":"B","date":"2018-04-25T01:40:30.000Z","volume":1600,"label":" ","price":29.55},{"type":"B","date":"2018-04-25T01:40:31.000Z","volume":2000,"label":" ","price":29.55},{"type":"B","date":"2018-04-25T01:40:31.000Z","volume":2000,"label":" ","price":29.55},{"type":"B","date":"2018-04-25T01:40:34.000Z","volume":400,"label":" ","price":29.55},{"type":"B","date":"2018-04-25T01:40:35.000Z","volume":800,"label":" ","price":29.55},{"type":"U","date":"2018-04-25T01:40:36.000Z","volume":400,"label":"X","price":29.55},{"type":"B","date":"2018-04-25T01:40:36.000Z","volume":1600,"label":" ","price":29.55},{"type":"B","date":"2018-04-25T01:40:37.000Z","volume":2400,"label":" ","price":29.55},{"type":"B","date":"2018-04-25T01:40:40.000Z","volume":400,"label":" ","price":29.5},{"type":"B","date":"2018-04-25T01:40:43.000Z","volume":2000,"label":" ","price":29.5},{"type":"A","date":"2018-04-25T01:40:43.000Z","volume":400,"label":" ","price":29.55},{"type":"U","date":"2018-04-25T01:40:44.000Z","volume":5200,"label":"X","price":29.55},{"type":"A","date":"2018-04-25T01:40:44.000Z","volume":800,"label":" ","price":29.55},{"type":"B","date":"2018-04-25T01:40:45.000Z","volume":400,"label":" ","price":29.5},{"type":"A","date":"2018-04-25T01:40:46.000Z","volume":400,"label":" ","price":29.55},{"type":"U","date":"2018-04-25T01:40:47.000Z","volume":1200,"label":"X","price":29.525},{"type":"U","date":"2018-04-25T01:40:48.000Z","volume":400,"label":"X","price":29.525},{"type":"U","date":"2018-04-25T01:40:50.000Z","volume":2000,"label":"X","price":29.525},{"type":"A","date":"2018-04-25T01:40:52.000Z","volume":800,"label":" ","price":29.55},{"type":"U","date":"2018-04-25T01:40:54.000Z","volume":5200,"label":"X","price":29.55},{"type":"A","date":"2018-04-25T01:40:59.000Z","volume":1200,"label":" ","price":29.55},{"type":"U","date":"2018-04-25T01:41:03.000Z","volume":12400,"label":"X","price":29.525},{"type":"U","date":"2018-04-25T01:41:06.000Z","volume":16400,"label":"X","price":29.525},{"type":"U","date":"2018-04-25T01:41:10.000Z","volume":5200,"label":"X","price":29.55},{"type":"A","date":"2018-04-25T01:41:11.000Z","volume":1200,"label":" ","price":29.55},{"type":"A","date":"2018-04-25T01:41:13.000Z","volume":10000,"label":" ","price":29.55},{"type":"A","date":"2018-04-25T01:41:13.000Z","volume":5600,"label":" ","price":29.55},{"type":"U","date":"2018-04-25T01:41:13.000Z","volume":2000,"label":"X","price":29.6},{"type":"A","date":"2018-04-25T01:41:13.000Z","volume":800,"label":" ","price":29.55},{"type":"U","date":"2018-04-25T01:41:13.000Z","volume":1200,"label":"X","price":29.6},{"type":"U","date":"2018-04-25T01:41:13.000Z","volume":1200,"label":"X","price":29.6},{"type":"U","date":"2018-04-25T01:41:13.000Z","volume":1200,"label":"X","price":29.6},{"type":"B","date":"2018-04-25T01:41:14.000Z","volume":1600,"label":" ","price":29.55},{"type":"A","date":"2018-04-25T01:41:14.000Z","volume":2000,"label":" ","price":29.6},{"type":"B","date":"2018-04-25T01:41:15.000Z","volume":7200,"label":" ","price":29.55},{"type":"B","date":"2018-04-25T01:41:15.000Z","volume":10000,"label":" ","price":29.55},{"type":"B","date":"2018-04-25T01:41:15.000Z","volume":2800,"label":" ","price":29.55},{"type":"B","date":"2018-04-25T01:41:15.000Z","volume":400,"label":" ","price":29.5},{"type":"A","date":"2018-04-25T01:41:16.000Z","volume":6000,"label":" ","price":29.6},{"type":"A","date":"2018-04-25T01:41:18.000Z","volume":2800,"label":" ","price":29.6},{"type":"A","date":"2018-04-25T01:41:20.000Z","volume":2000,"label":" ","price":29.55},{"type":"A","date":"2018-04-25T01:41:23.000Z","volume":800,"label":" ","price":29.55},{"type":"U","date":"2018-04-25T01:41:31.000Z","volume":5600,"label":"X","price":29.55},{"type":"A","date":"2018-04-25T01:41:33.000Z","volume":2000,"label":" ","price":29.55},{"type":"A","date":"2018-04-25T01:41:33.000Z","volume":55200,"label":" ","price":29.55},{"type":"U","date":"2018-04-25T01:41:33.000Z","volume":1200,"label":"X","price":29.6},{"type":"A","date":"2018-04-25T01:41:33.000Z","volume":1200,"label":" ","price":29.55},{"type":"A","date":"2018-04-25T01:41:34.000Z","volume":3600,"label":" ","price":29.55},{"type":"A","date":"2018-04-25T01:41:37.000Z","volume":2400,"label":" ","price":29.55},{"type":"A","date":"2018-04-25T01:41:38.000Z","volume":10000,"label":" ","price":29.55},{"type":"A","date":"2018-04-25T01:41:40.000Z","volume":3600,"label":" ","price":29.55},{"type":"A","date":"2018-04-25T01:41:40.000Z","volume":6400,"label":" ","price":29.6},{"type":"A","date":"2018-04-25T01:41:43.000Z","volume":3200,"label":" ","price":29.6},{"type":"A","date":"2018-04-25T01:41:44.000Z","volume":2400,"label":" ","price":29.6},{"type":"U","date":"2018-04-25T01:41:53.000Z","volume":2800,"label":"X","price":29.6},{"type":"A","date":"2018-04-25T01:41:54.000Z","volume":400,"label":" ","price":29.6},{"type":"B","date":"2018-04-25T01:42:06.000Z","volume":24400,"label":" ","price":29.55},{"type":"A","date":"2018-04-25T01:42:07.000Z","volume":400,"label":" ","price":29.55},{"type":"A","date":"2018-04-25T01:42:07.000Z","volume":400,"label":" ","price":29.55},{"type":"A","date":"2018-04-25T01:42:08.000Z","volume":4400,"label":" ","price":29.55},{"type":"B","date":"2018-04-25T01:42:08.000Z","volume":29200,"label":" ","price":29.5},{"type":"B","date":"2018-04-25T01:42:08.000Z","volume":400,"label":"Y","price":29.5},{"type":"B","date":"2018-04-25T01:42:08.000Z","volume":12800,"label":" ","price":29.5},{"type":"B","date":"2018-04-25T01:42:08.000Z","volume":8000,"label":" ","price":29.5},{"type":"A","date":"2018-04-25T01:42:10.000Z","volume":2800,"label":" ","price":29.5},{"type":"A","date":"2018-04-25T01:42:12.000Z","volume":2400,"label":" ","price":29.5},{"type":"A","date":"2018-04-25T01:42:13.000Z","volume":4000,"label":" ","price":29.5},{"type":"B","date":"2018-04-25T01:42:20.000Z","volume":13200,"label":" ","price":29.45},{"type":"B","date":"2018-04-25T01:42:20.000Z","volume":2800,"label":"Y","price":29.45},{"type":"B","date":"2018-04-25T01:42:20.000Z","volume":35200,"label":" ","price":29.45},{"type":"B","date":"2018-04-25T01:42:20.000Z","volume":4400,"label":" ","price":29.45},{"type":"A","date":"2018-04-25T01:42:22.000Z","volume":11200,"label":" ","price":29.45},{"type":"A","date":"2018-04-25T01:42:24.000Z","volume":4400,"label":" ","price":29.45},{"type":"U","date":"2018-04-25T01:42:25.000Z","volume":3600,"label":"X","price":29.45},{"type":"B","date":"2018-04-25T01:42:25.000Z","volume":3200,"label":" ","price":29.4},{"type":"B","date":"2018-04-25T01:42:26.000Z","volume":13200,"label":" ","price":29.4},{"type":"B","date":"2018-04-25T01:42:33.000Z","volume":36400,"label":" ","price":29.4},{"type":"B","date":"2018-04-25T01:42:33.000Z","volume":13200,"label":" ","price":29.4},{"type":"B","date":"2018-04-25T01:42:33.000Z","volume":13200,"label":" ","price":29.4},{"type":"U","date":"2018-04-25T01:42:35.000Z","volume":2800,"label":"X","price":29.45},{"type":"A","date":"2018-04-25T01:42:36.000Z","volume":16400,"label":" ","price":29.45},{"type":"A","date":"2018-04-25T01:42:45.000Z","volume":400,"label":" ","price":29.45},{"type":"A","date":"2018-04-25T01:43:00.000Z","volume":20000,"label":" ","price":29.45},{"type":"A","date":"2018-04-25T01:43:05.000Z","volume":1200,"label":" ","price":29.45},{"type":"B","date":"2018-04-25T01:43:06.000Z","volume":400,"label":" ","price":29.4},{"type":"A","date":"2018-04-25T01:43:06.000Z","volume":400,"label":" ","price":29.45},{"type":"A","date":"2018-04-25T01:43:07.000Z","volume":2800,"label":" ","price":29.45},{"type":"B","date":"2018-04-25T01:43:11.000Z","volume":400,"label":" ","price":29.4},{"type":"B","date":"2018-04-25T01:43:12.000Z","volume":12400,"label":"Y","price":29.4},{"type":"B","date":"2018-04-25T01:43:12.000Z","volume":20400,"label":" ","price":29.4},{"type":"B","date":"2018-04-25T01:43:12.000Z","volume":4000,"label":" ","price":29.4},{"type":"A","date":"2018-04-25T01:43:14.000Z","volume":8000,"label":" ","price":29.45},{"type":"A","date":"2018-04-25T01:43:16.000Z","volume":3200,"label":" ","price":29.45},{"type":"B","date":"2018-04-25T01:43:21.000Z","volume":400,"label":" ","price":29.35},{"type":"B","date":"2018-04-25T01:43:26.000Z","volume":400,"label":" ","price":29.35},{"type":"B","date":"2018-04-25T01:43:31.000Z","volume":400,"label":" ","price":29.4},{"type":"U","date":"2018-04-25T01:43:33.000Z","volume":1200,"label":"X","price":29.45},{"type":"U","date":"2018-04-25T01:43:34.000Z","volume":2800,"label":"X","price":29.45},{"type":"A","date":"2018-04-25T01:43:38.000Z","volume":17600,"label":" ","price":29.45},{"type":"U","date":"2018-04-25T01:43:38.000Z","volume":1200,"label":"X","price":29.5},{"type":"U","date":"2018-04-25T01:43:38.000Z","volume":1200,"label":"X","price":29.5},{"type":"A","date":"2018-04-25T01:43:38.000Z","volume":5200,"label":" ","price":29.5},{"type":"B","date":"2018-04-25T01:43:41.000Z","volume":400,"label":" ","price":29.45},{"type":"B","date":"2018-04-25T01:43:46.000Z","volume":400,"label":" ","price":29.45},{"type":"A","date":"2018-04-25T01:43:49.000Z","volume":2000,"label":" ","price":29.5},{"type":"B","date":"2018-04-25T01:43:51.000Z","volume":400,"label":" ","price":29.45},{"type":"A","date":"2018-04-25T01:43:57.000Z","volume":50000,"label":" ","price":29.5},{"type":"B","date":"2018-04-25T01:44:01.000Z","volume":400,"label":" ","price":29.45},{"type":"B","date":"2018-04-25T01:44:02.000Z","volume":13200,"label":" ","price":29.45},{"type":"A","date":"2018-04-25T01:44:06.000Z","volume":2400,"label":" ","price":29.5},{"type":"B","date":"2018-04-25T01:44:06.000Z","volume":400,"label":" ","price":29.45},{"type":"B","date":"2018-04-25T01:44:11.000Z","volume":13200,"label":" ","price":29.45},{"type":"B","date":"2018-04-25T01:44:11.000Z","volume":400,"label":" ","price":29.45},{"type":"B","date":"2018-04-25T01:44:12.000Z","volume":32400,"label":" ","price":29.45},{"type":"B","date":"2018-04-25T01:44:12.000Z","volume":13200,"label":" ","price":29.45},{"type":"B","date":"2018-04-25T01:44:12.000Z","volume":30000,"label":" ","price":29.45},{"type":"A","date":"2018-04-25T01:44:14.000Z","volume":7600,"label":" ","price":29.45},{"type":"U","date":"2018-04-25T01:44:16.000Z","volume":5600,"label":"X","price":29.5},{"type":"A","date":"2018-04-25T01:44:17.000Z","volume":10000,"label":" ","price":29.5},{"type":"A","date":"2018-04-25T01:44:19.000Z","volume":1200,"label":"Y","price":29.5},{"type":"A","date":"2018-04-25T01:44:19.000Z","volume":2800,"label":" ","price":29.5},{"type":"B","date":"2018-04-25T01:44:21.000Z","volume":400,"label":" ","price":29.4},{"type":"U","date":"2018-04-25T01:44:24.000Z","volume":2000,"label":"X","price":29.45},{"type":"A","date":"2018-04-25T01:44:25.000Z","volume":4400,"label":" ","price":29.45},{"type":"B","date":"2018-04-25T01:44:26.000Z","volume":400,"label":" ","price":29.45},{"type":"A","date":"2018-04-25T01:44:29.000Z","volume":800,"label":" ","price":29.5},{"type":"B","date":"2018-04-25T01:44:31.000Z","volume":400,"label":" ","price":29.45},{"type":"A","date":"2018-04-25T01:44:35.000Z","volume":10000,"label":" ","price":29.5},{"type":"A","date":"2018-04-25T01:44:36.000Z","volume":800,"label":" ","price":29.5},{"type":"B","date":"2018-04-25T01:44:41.000Z","volume":400,"label":" ","price":29.45},{"type":"B","date":"2018-04-25T01:44:46.000Z","volume":400,"label":" ","price":29.45},{"type":"B","date":"2018-04-25T01:44:51.000Z","volume":400,"label":" ","price":29.45},{"type":"B","date":"2018-04-25T01:44:52.000Z","volume":3600,"label":" ","price":29.45},{"type":"A","date":"2018-04-25T01:44:52.000Z","volume":2000,"label":" ","price":29.5},{"type":"B","date":"2018-04-25T01:45:01.000Z","volume":400,"label":" ","price":29.45},{"type":"B","date":"2018-04-25T01:45:03.000Z","volume":31600,"label":" ","price":29.45},{"type":"B","date":"2018-04-25T01:45:03.000Z","volume":13200,"label":" ","price":29.45},{"type":"A","date":"2018-04-25T01:45:03.000Z","volume":400,"label":"Y","price":29.5},{"type":"A","date":"2018-04-25T01:45:04.000Z","volume":9600,"label":" ","price":29.5},{"type":"B","date":"2018-04-25T01:45:05.000Z","volume":13200,"label":" ","price":29.45},{"type":"A","date":"2018-04-25T01:45:06.000Z","volume":400,"label":"Y","price":29.5},{"type":"A","date":"2018-04-25T01:45:06.000Z","volume":3200,"label":" ","price":29.5},{"type":"U","date":"2018-04-25T01:45:08.000Z","volume":2400,"label":"X","price":29.5},{"type":"B","date":"2018-04-25T01:45:08.000Z","volume":10400,"label":" ","price":29.45},{"type":"B","date":"2018-04-25T01:45:09.000Z","volume":13200,"label":" ","price":29.45},{"type":"B","date":"2018-04-25T01:45:09.000Z","volume":16800,"label":" ","price":29.45},{"type":"B","date":"2018-04-25T01:45:09.000Z","volume":400,"label":" ","price":29.45},{"type":"B","date":"2018-04-25T01:45:09.000Z","volume":400,"label":" ","price":29.45},{"type":"A","date":"2018-04-25T01:45:11.000Z","volume":2000,"label":" ","price":29.45},{"type":"U","date":"2018-04-25T01:45:14.000Z","volume":800,"label":"X","price":29.425},{"type":"A","date":"2018-04-25T01:45:14.000Z","volume":8000,"label":" ","price":29.45},{"type":"A","date":"2018-04-25T01:45:17.000Z","volume":400,"label":"Y","price":29.45},{"type":"A","date":"2018-04-25T01:45:17.000Z","volume":6400,"label":" ","price":29.45},{"type":"U","date":"2018-04-25T01:45:17.000Z","volume":1200,"label":"X","price":29.45},{"type":"A","date":"2018-04-25T01:45:18.000Z","volume":2400,"label":" ","price":29.45},{"type":"U","date":"2018-04-25T01:45:25.000Z","volume":1200,"label":"X","price":29.45},{"type":"B","date":"2018-04-25T01:45:35.000Z","volume":3600,"label":" ","price":29.4},{"type":"A","date":"2018-04-25T01:45:36.000Z","volume":2000,"label":" ","price":29.45},{"type":"A","date":"2018-04-25T01:45:58.000Z","volume":800,"label":" ","price":29.45},{"type":"A","date":"2018-04-25T01:46:17.000Z","volume":2000,"label":"Y","price":29.45},{"type":"A","date":"2018-04-25T01:46:17.000Z","volume":800,"label":" ","price":29.45},{"type":"U","date":"2018-04-25T01:46:21.000Z","volume":1200,"label":"X","price":29.45},{"type":"U","date":"2018-04-25T01:46:24.000Z","volume":1200,"label":"X","price":29.45},{"type":"B","date":"2018-04-25T01:46:28.000Z","volume":400,"label":" ","price":29.4},{"type":"B","date":"2018-04-25T01:46:28.000Z","volume":400,"label":" ","price":29.4},{"type":"B","date":"2018-04-25T01:46:28.000Z","volume":400,"label":" ","price":29.4},{"type":"A","date":"2018-04-25T01:46:30.000Z","volume":800,"label":"Y","price":29.45},{"type":"A","date":"2018-04-25T01:46:30.000Z","volume":1200,"label":" ","price":29.45},{"type":"A","date":"2018-04-25T01:46:38.000Z","volume":400,"label":" ","price":29.45},{"type":"A","date":"2018-04-25T01:46:44.000Z","volume":5200,"label":" ","price":29.45},{"type":"U","date":"2018-04-25T01:46:55.000Z","volume":1200,"label":"X","price":29.45},{"type":"A","date":"2018-04-25T01:46:56.000Z","volume":10000,"label":" ","price":29.45},{"type":"A","date":"2018-04-25T01:46:58.000Z","volume":1200,"label":"Y","price":29.45},{"type":"A","date":"2018-04-25T01:46:58.000Z","volume":1200,"label":" ","price":29.45},{"type":"A","date":"2018-04-25T01:46:58.000Z","volume":7200,"label":" ","price":29.45},{"type":"A","date":"2018-04-25T01:46:59.000Z","volume":2000,"label":" ","price":29.5},{"type":"A","date":"2018-04-25T01:47:10.000Z","volume":400,"label":" ","price":29.5},{"type":"A","date":"2018-04-25T01:47:17.000Z","volume":2800,"label":" ","price":29.45},{"type":"A","date":"2018-04-25T01:47:22.000Z","volume":400,"label":" ","price":29.45},{"type":"A","date":"2018-04-25T01:47:25.000Z","volume":2000,"label":" ","price":29.45},{"type":"A","date":"2018-04-25T01:47:26.000Z","volume":1600,"label":" ","price":29.45},{"type":"A","date":"2018-04-25T01:47:31.000Z","volume":6000,"label":" ","price":29.45},{"type":"A","date":"2018-04-25T01:47:37.000Z","volume":29200,"label":" ","price":29.45},{"type":"A","date":"2018-04-25T01:47:38.000Z","volume":5600,"label":" ","price":29.5},{"type":"A","date":"2018-04-25T01:47:38.000Z","volume":62800,"label":" ","price":29.5},{"type":"A","date":"2018-04-25T01:47:39.000Z","volume":8800,"label":" ","price":29.55},{"type":"A","date":"2018-04-25T01:47:40.000Z","volume":8000,"label":" ","price":29.55},{"type":"U","date":"2018-04-25T01:47:40.000Z","volume":1600,"label":"X","price":29.6},{"type":"U","date":"2018-04-25T01:47:42.000Z","volume":5200,"label":"X","price":29.6},{"type":"A","date":"2018-04-25T01:47:43.000Z","volume":5200,"label":" ","price":29.6},{"type":"A","date":"2018-04-25T01:47:46.000Z","volume":400,"label":"Y","price":29.6},{"type":"A","date":"2018-04-25T01:47:46.000Z","volume":13200,"label":" ","price":29.6},{"type":"B","date":"2018-04-25T01:47:52.000Z","volume":400,"label":" ","price":29.5},{"type":"A","date":"2018-04-25T01:47:54.000Z","volume":400,"label":" ","price":29.6},{"type":"A","date":"2018-04-25T01:48:11.000Z","volume":400,"label":" ","price":29.6},{"type":"B","date":"2018-04-25T01:48:12.000Z","volume":400,"label":" ","price":29.5},{"type":"A","date":"2018-04-25T01:48:18.000Z","volume":4000,"label":" ","price":29.6},{"type":"U","date":"2018-04-25T01:48:25.000Z","volume":400,"label":" ","price":29.55},{"type":"U","date":"2018-04-25T01:48:25.000Z","volume":4000,"label":" ","price":29.55},{"type":"U","date":"2018-04-25T01:48:27.000Z","volume":1200,"label":"X","price":29.55},{"type":"B","date":"2018-04-25T01:48:31.000Z","volume":13200,"label":" ","price":29.5},{"type":"B","date":"2018-04-25T01:48:31.000Z","volume":42000,"label":" ","price":29.5},{"type":"B","date":"2018-04-25T01:48:31.000Z","volume":11600,"label":" ","price":29.5},{"type":"B","date":"2018-04-25T01:48:31.000Z","volume":24000,"label":" ","price":29.5},{"type":"B","date":"2018-04-25T01:48:33.000Z","volume":30800,"label":" ","price":29.45},{"type":"B","date":"2018-04-25T01:48:33.000Z","volume":10400,"label":" ","price":29.45},{"type":"U","date":"2018-04-25T01:48:34.000Z","volume":800,"label":"X","price":29.45},{"type":"U","date":"2018-04-25T01:48:35.000Z","volume":2000,"label":"X","price":29.45},{"type":"U","date":"2018-04-25T01:48:36.000Z","volume":4000,"label":"X","price":29.5},{"type":"B","date":"2018-04-25T01:48:43.000Z","volume":13200,"label":" ","price":29.4},{"type":"B","date":"2018-04-25T01:48:43.000Z","volume":400,"label":"Y","price":29.4},{"type":"B","date":"2018-04-25T01:48:43.000Z","volume":4400,"label":" ","price":29.4},{"type":"B","date":"2018-04-25T01:48:43.000Z","volume":1600,"label":"Y","price":29.4},{"type":"B","date":"2018-04-25T01:48:43.000Z","volume":4800,"label":" ","price":29.4},{"type":"A","date":"2018-04-25T01:48:44.000Z","volume":2800,"label":" ","price":29.45},{"type":"A","date":"2018-04-25T01:48:45.000Z","volume":400,"label":" ","price":29.45},{"type":"U","date":"2018-04-25T01:48:51.000Z","volume":22000,"label":" ","price":29.4},{"type":"A","date":"2018-04-25T01:48:52.000Z","volume":3600,"label":"Y","price":29.45},{"type":"A","date":"2018-04-25T01:48:52.000Z","volume":2000,"label":" ","price":29.45},{"type":"B","date":"2018-04-25T01:48:52.000Z","volume":400,"label":" ","price":29.35},{"type":"U","date":"2018-04-25T01:48:53.000Z","volume":3600,"label":"X","price":29.45},{"type":"A","date":"2018-04-25T01:48:54.000Z","volume":2400,"label":"Y","price":29.45},{"type":"A","date":"2018-04-25T01:49:02.000Z","volume":3600,"label":" ","price":29.45},{"type":"U","date":"2018-04-25T01:49:02.000Z","volume":1600,"label":"X","price":29.5},{"type":"U","date":"2018-04-25T01:49:02.000Z","volume":1200,"label":"X","price":29.5},{"type":"U","date":"2018-04-25T01:49:02.000Z","volume":1200,"label":"X","price":29.5},{"type":"B","date":"2018-04-25T01:49:12.000Z","volume":400,"label":" ","price":29.4},{"type":"A","date":"2018-04-25T01:49:31.000Z","volume":2000,"label":" ","price":29.5},{"type":"B","date":"2018-04-25T01:49:32.000Z","volume":400,"label":" ","price":29.4},{"type":"A","date":"2018-04-25T01:49:34.000Z","volume":4000,"label":" ","price":29.5},{"type":"B","date":"2018-04-25T01:49:52.000Z","volume":400,"label":" ","price":29.4},{"type":"U","date":"2018-04-25T01:49:57.000Z","volume":2400,"label":"Y","price":29.45},{"type":"U","date":"2018-04-25T01:49:57.000Z","volume":1200,"label":" ","price":29.45},{"type":"A","date":"2018-04-25T01:49:58.000Z","volume":800,"label":"Y","price":29.5},{"type":"A","date":"2018-04-25T01:49:58.000Z","volume":1600,"label":" ","price":29.5},{"type":"U","date":"2018-04-25T01:50:07.000Z","volume":2400,"label":"X","price":29.5},{"type":"U","date":"2018-04-25T01:50:12.000Z","volume":5200,"label":"X","price":29.5},{"type":"B","date":"2018-04-25T01:50:12.000Z","volume":400,"label":" ","price":29.45},{"type":"U","date":"2018-04-25T01:50:13.000Z","volume":400,"label":"X","price":29.475},{"type":"A","date":"2018-04-25T01:50:19.000Z","volume":400,"label":" ","price":29.5},{"type":"U","date":"2018-04-25T01:50:28.000Z","volume":1200,"label":"X","price":29.5},{"type":"B","date":"2018-04-25T01:50:32.000Z","volume":400,"label":" ","price":29.45},{"type":"U","date":"2018-04-25T01:50:34.000Z","volume":4400,"label":"X","price":29.5},{"type":"A","date":"2018-04-25T01:50:40.000Z","volume":400,"label":" ","price":29.5},{"type":"A","date":"2018-04-25T01:50:42.000Z","volume":2800,"label":" ","price":29.5},{"type":"A","date":"2018-04-25T01:50:45.000Z","volume":400,"label":"Y","price":29.5},{"type":"A","date":"2018-04-25T01:50:45.000Z","volume":1600,"label":" ","price":29.5},{"type":"U","date":"2018-04-25T01:50:45.000Z","volume":4000,"label":"X","price":29.5},{"type":"U","date":"2018-04-25T01:50:47.000Z","volume":3600,"label":"X","price":29.5},{"type":"B","date":"2018-04-25T01:50:47.000Z","volume":400,"label":" ","price":29.45},{"type":"U","date":"2018-04-25T01:51:03.000Z","volume":4400,"label":"X","price":29.475},{"type":"U","date":"2018-04-25T01:51:03.000Z","volume":7200,"label":"X","price":29.475},{"type":"B","date":"2018-04-25T01:51:07.000Z","volume":400,"label":" ","price":29.45},{"type":"A","date":"2018-04-25T01:51:26.000Z","volume":400,"label":" ","price":29.5},{"type":"B","date":"2018-04-25T01:51:28.000Z","volume":400,"label":" ","price":29.45},{"type":"B","date":"2018-04-25T01:51:42.000Z","volume":800,"label":" ","price":29.45},{"type":"B","date":"2018-04-25T01:51:48.000Z","volume":400,"label":" ","price":29.45},{"type":"B","date":"2018-04-25T01:51:48.000Z","volume":1200,"label":" ","price":29.45},{"type":"B","date":"2018-04-25T01:51:49.000Z","volume":1600,"label":" ","price":29.45},{"type":"B","date":"2018-04-25T01:51:49.000Z","volume":400,"label":"Y","price":29.45},{"type":"B","date":"2018-04-25T01:51:49.000Z","volume":1600,"label":" ","price":29.45},{"type":"B","date":"2018-04-25T01:51:49.000Z","volume":1600,"label":" ","price":29.45},{"type":"A","date":"2018-04-25T01:51:50.000Z","volume":2000,"label":" ","price":29.5},{"type":"A","date":"2018-04-25T01:51:51.000Z","volume":400,"label":" ","price":29.5},{"type":"A","date":"2018-04-25T01:52:04.000Z","volume":400,"label":" ","price":29.5},{"type":"A","date":"2018-04-25T01:52:05.000Z","volume":1600,"label":" ","price":29.5},{"type":"B","date":"2018-04-25T01:52:08.000Z","volume":400,"label":" ","price":29.45},{"type":"A","date":"2018-04-25T01:52:10.000Z","volume":400,"label":" ","price":29.5},{"type":"B","date":"2018-04-25T01:52:11.000Z","volume":60400,"label":" ","price":29.45},{"type":"A","date":"2018-04-25T01:52:12.000Z","volume":2800,"label":" ","price":29.45},{"type":"A","date":"2018-04-25T01:52:12.000Z","volume":2000,"label":" ","price":29.45},{"type":"A","date":"2018-04-25T01:52:12.000Z","volume":1600,"label":" ","price":29.45},{"type":"A","date":"2018-04-25T01:52:12.000Z","volume":8800,"label":" ","price":29.45},{"type":"A","date":"2018-04-25T01:52:14.000Z","volume":4400,"label":" ","price":29.45},{"type":"A","date":"2018-04-25T01:52:22.000Z","volume":4800,"label":" ","price":29.45},{"type":"A","date":"2018-04-25T01:52:25.000Z","volume":2800,"label":" ","price":29.45},{"type":"B","date":"2018-04-25T01:52:27.000Z","volume":400,"label":" ","price":29.4},{"type":"A","date":"2018-04-25T01:52:31.000Z","volume":4800,"label":" ","price":29.45},{"type":"B","date":"2018-04-25T01:52:32.000Z","volume":800,"label":" ","price":29.4},{"type":"U","date":"2018-04-25T01:52:42.000Z","volume":1200,"label":"X","price":29.45},{"type":"B","date":"2018-04-25T01:52:48.000Z","volume":400,"label":" ","price":29.4},{"type":"A","date":"2018-04-25T01:52:54.000Z","volume":10000,"label":" ","price":29.45},{"type":"B","date":"2018-04-25T01:53:02.000Z","volume":800,"label":" ","price":29.4},{"type":"B","date":"2018-04-25T01:53:08.000Z","volume":400,"label":" ","price":29.4},{"type":"A","date":"2018-04-25T01:53:18.000Z","volume":10000,"label":" ","price":29.45},{"type":"B","date":"2018-04-25T01:53:19.000Z","volume":2000,"label":" ","price":29.4},{"type":"B","date":"2018-04-25T01:53:19.000Z","volume":1600,"label":" ","price":29.4},{"type":"A","date":"2018-04-25T01:53:20.000Z","volume":2800,"label":" ","price":29.45},{"type":"A","date":"2018-04-25T01:53:21.000Z","volume":2000,"label":"Y","price":29.45},{"type":"A","date":"2018-04-25T01:53:21.000Z","volume":800,"label":" ","price":29.45},{"type":"B","date":"2018-04-25T01:53:23.000Z","volume":400,"label":" ","price":29.4},{"type":"U","date":"2018-04-25T01:53:24.000Z","volume":1200,"label":"X","price":29.45},{"type":"A","date":"2018-04-25T01:53:40.000Z","volume":400,"label":" ","price":29.45},{"type":"B","date":"2018-04-25T01:53:43.000Z","volume":400,"label":" ","price":29.4},{"type":"A","date":"2018-04-25T01:53:44.000Z","volume":3200,"label":" ","price":29.45},{"type":"U","date":"2018-04-25T01:53:49.000Z","volume":8400,"label":"X","price":29.45},{"type":"A","date":"2018-04-25T01:53:54.000Z","volume":20000,"label":" ","price":29.45},{"type":"A","date":"2018-04-25T01:53:54.000Z","volume":8400,"label":" ","price":29.45},{"type":"A","date":"2018-04-25T01:53:54.000Z","volume":1200,"label":" ","price":29.45},{"type":"A","date":"2018-04-25T01:53:56.000Z","volume":4400,"label":" ","price":29.45},{"type":"A","date":"2018-04-25T01:53:58.000Z","volume":2800,"label":" ","price":29.45},{"type":"B","date":"2018-04-25T01:54:03.000Z","volume":400,"label":" ","price":29.4},{"type":"U","date":"2018-04-25T01:54:06.000Z","volume":8800,"label":"X","price":29.45},{"type":"A","date":"2018-04-25T01:54:06.000Z","volume":400,"label":" ","price":29.45},{"type":"U","date":"2018-04-25T01:54:17.000Z","volume":8800,"label":"X","price":29.45},{"type":"A","date":"2018-04-25T01:54:17.000Z","volume":800,"label":" ","price":29.45},{"type":"B","date":"2018-04-25T01:54:24.000Z","volume":400,"label":" ","price":29.4},{"type":"B","date":"2018-04-25T01:54:25.000Z","volume":98800,"label":" ","price":29.4},{"type":"B","date":"2018-04-25T01:54:25.000Z","volume":2800,"label":" ","price":29.4},{"type":"A","date":"2018-04-25T01:54:26.000Z","volume":6800,"label":" ","price":29.4},{"type":"A","date":"2018-04-25T01:54:26.000Z","volume":16400,"label":" ","price":29.4},{"type":"A","date":"2018-04-25T01:54:29.000Z","volume":6400,"label":" ","price":29.4},{"type":"U","date":"2018-04-25T01:54:38.000Z","volume":8800,"label":"X","price":29.4},{"type":"U","date":"2018-04-25T01:54:38.000Z","volume":9200,"label":"X","price":29.4},{"type":"U","date":"2018-04-25T01:54:41.000Z","volume":1200,"label":"X","price":29.4},{"type":"B","date":"2018-04-25T01:54:44.000Z","volume":400,"label":" ","price":29.35},{"type":"A","date":"2018-04-25T01:54:47.000Z","volume":1600,"label":"Y","price":29.4},{"type":"A","date":"2018-04-25T01:54:47.000Z","volume":1600,"label":" ","price":29.4},{"type":"A","date":"2018-04-25T01:54:55.000Z","volume":400,"label":" ","price":29.4},{"type":"B","date":"2018-04-25T01:55:04.000Z","volume":400,"label":" ","price":29.35},{"type":"B","date":"2018-04-25T01:55:16.000Z","volume":800,"label":" ","price":29.35},{"type":"U","date":"2018-04-25T01:55:17.000Z","volume":5200,"label":"X","price":29.456},{"type":"B","date":"2018-04-25T01:55:24.000Z","volume":400,"label":" ","price":29.35},{"type":"B","date":"2018-04-25T01:55:24.000Z","volume":400,"label":" ","price":29.35},{"type":"A","date":"2018-04-25T01:55:28.000Z","volume":4400,"label":"Y","price":29.4},{"type":"A","date":"2018-04-25T01:55:28.000Z","volume":11600,"label":" ","price":29.4},{"type":"A","date":"2018-04-25T01:55:28.000Z","volume":3600,"label":" ","price":29.4},{"type":"A","date":"2018-04-25T01:55:28.000Z","volume":800,"label":" ","price":29.4},{"type":"A","date":"2018-04-25T01:55:32.000Z","volume":2400,"label":"Y","price":29.4},{"type":"A","date":"2018-04-25T01:55:32.000Z","volume":800,"label":" ","price":29.4},{"type":"A","date":"2018-04-25T01:55:32.000Z","volume":800,"label":" ","price":29.4},{"type":"U","date":"2018-04-25T01:55:32.000Z","volume":800,"label":"X","price":29.375},{"type":"B","date":"2018-04-25T01:55:34.000Z","volume":400,"label":" ","price":29.35},{"type":"B","date":"2018-04-25T01:55:44.000Z","volume":400,"label":" ","price":29.35},{"type":"B","date":"2018-04-25T01:55:44.000Z","volume":400,"label":" ","price":29.35},{"type":"B","date":"2018-04-25T01:55:45.000Z","volume":31600,"label":" ","price":29.35},{"type":"B","date":"2018-04-25T01:55:45.000Z","volume":13200,"label":" ","price":29.35},{"type":"B","date":"2018-04-25T01:55:45.000Z","volume":13200,"label":" ","price":29.35},{"type":"A","date":"2018-04-25T01:55:45.000Z","volume":1600,"label":"Y","price":29.4},{"type":"A","date":"2018-04-25T01:55:45.000Z","volume":7200,"label":" ","price":29.4},{"type":"A","date":"2018-04-25T01:55:45.000Z","volume":4400,"label":" ","price":29.4},{"type":"B","date":"2018-04-25T01:55:45.000Z","volume":8800,"label":" ","price":29.35},{"type":"A","date":"2018-04-25T01:55:45.000Z","volume":1200,"label":" ","price":29.4},{"type":"A","date":"2018-04-25T01:55:45.000Z","volume":2000,"label":" ","price":29.4},{"type":"U","date":"2018-04-25T01:55:46.000Z","volume":1600,"label":"X","price":29.375},{"type":"A","date":"2018-04-25T01:55:46.000Z","volume":12400,"label":" ","price":29.4},{"type":"A","date":"2018-04-25T01:55:46.000Z","volume":1200,"label":" ","price":29.4},{"type":"B","date":"2018-04-25T01:55:54.000Z","volume":400,"label":" ","price":29.35},{"type":"A","date":"2018-04-25T01:56:01.000Z","volume":15200,"label":" ","price":29.4},{"type":"A","date":"2018-04-25T01:56:01.000Z","volume":2400,"label":" ","price":29.45},{"type":"A","date":"2018-04-25T01:56:01.000Z","volume":1200,"label":" ","price":29.45},{"type":"A","date":"2018-04-25T01:56:02.000Z","volume":2800,"label":" ","price":29.45},{"type":"A","date":"2018-04-25T01:56:02.000Z","volume":1200,"label":" ","price":29.45},{"type":"A","date":"2018-04-25T01:56:02.000Z","volume":3200,"label":" ","price":29.45},{"type":"A","date":"2018-04-25T01:56:02.000Z","volume":400,"label":" ","price":29.45},{"type":"A","date":"2018-04-25T01:56:04.000Z","volume":5200,"label":" ","price":29.45},{"type":"B","date":"2018-04-25T01:56:04.000Z","volume":400,"label":" ","price":29.4},{"type":"B","date":"2018-04-25T01:56:04.000Z","volume":400,"label":" ","price":29.4},{"type":"A","date":"2018-04-25T01:56:05.000Z","volume":400,"label":" ","price":29.45},{"type":"A","date":"2018-04-25T01:56:05.000Z","volume":1200,"label":" ","price":29.5},{"type":"U","date":"2018-04-25T01:56:05.000Z","volume":1200,"label":"X","price":29.5},{"type":"A","date":"2018-04-25T01:56:15.000Z","volume":400,"label":" ","price":29.5},{"type":"B","date":"2018-04-25T01:56:19.000Z","volume":400,"label":" ","price":29.4},{"type":"B","date":"2018-04-25T01:56:24.000Z","volume":400,"label":" ","price":29.4},{"type":"B","date":"2018-04-25T01:56:29.000Z","volume":400,"label":" ","price":29.4},{"type":"B","date":"2018-04-25T01:56:30.000Z","volume":13200,"label":" ","price":29.4},{"type":"A","date":"2018-04-25T01:56:30.000Z","volume":2400,"label":" ","price":29.45},{"type":"A","date":"2018-04-25T01:56:31.000Z","volume":400,"label":" ","price":29.45},{"type":"B","date":"2018-04-25T01:56:39.000Z","volume":400,"label":" ","price":29.4},{"type":"B","date":"2018-04-25T01:56:44.000Z","volume":400,"label":" ","price":29.4},{"type":"B","date":"2018-04-25T01:56:49.000Z","volume":400,"label":" ","price":29.4},{"type":"A","date":"2018-04-25T01:56:49.000Z","volume":400,"label":" ","price":29.45},{"type":"A","date":"2018-04-25T01:56:49.000Z","volume":800,"label":" ","price":29.45},{"type":"A","date":"2018-04-25T01:56:52.000Z","volume":800,"label":" ","price":29.45},{"type":"B","date":"2018-04-25T01:56:54.000Z","volume":74800,"label":" ","price":29.4},{"type":"B","date":"2018-04-25T01:56:54.000Z","volume":16400,"label":" ","price":29.4},{"type":"B","date":"2018-04-25T01:56:55.000Z","volume":13200,"label":" ","price":29.35},{"type":"B","date":"2018-04-25T01:56:55.000Z","volume":13200,"label":" ","price":29.35},{"type":"B","date":"2018-04-25T01:56:55.000Z","volume":2000,"label":"Y","price":29.35},{"type":"B","date":"2018-04-25T01:56:55.000Z","volume":11200,"label":" ","price":29.35},{"type":"A","date":"2018-04-25T01:56:55.000Z","volume":19600,"label":" ","price":29.4},{"type":"U","date":"2018-04-25T01:56:55.000Z","volume":2000,"label":"X","price":29.4},{"type":"B","date":"2018-04-25T01:56:55.000Z","volume":2800,"label":" ","price":29.35},{"type":"A","date":"2018-04-25T01:56:57.000Z","volume":12000,"label":" ","price":29.4},{"type":"B","date":"2018-04-25T01:57:04.000Z","volume":400,"label":" ","price":29.35},{"type":"B","date":"2018-04-25T01:57:15.000Z","volume":400,"label":" ","price":29.35},{"type":"B","date":"2018-04-25T01:57:17.000Z","volume":400,"label":" ","price":29.35},{"type":"B","date":"2018-04-25T01:57:25.000Z","volume":400,"label":" ","price":29.35},{"type":"B","date":"2018-04-25T01:57:25.000Z","volume":400,"label":" ","price":29.35},{"type":"B","date":"2018-04-25T01:57:35.000Z","volume":400,"label":" ","price":29.35},{"type":"B","date":"2018-04-25T01:57:45.000Z","volume":400,"label":" ","price":29.35},{"type":"A","date":"2018-04-25T01:57:45.000Z","volume":2000,"label":"Y","price":29.4},{"type":"A","date":"2018-04-25T01:57:45.000Z","volume":47600,"label":" ","price":29.4},{"type":"A","date":"2018-04-25T01:57:45.000Z","volume":2800,"label":" ","price":29.45},{"type":"A","date":"2018-04-25T01:57:45.000Z","volume":800,"label":" ","price":29.45},{"type":"B","date":"2018-04-25T01:57:45.000Z","volume":400,"label":" ","price":29.35},{"type":"U","date":"2018-04-25T01:57:46.000Z","volume":400,"label":"X","price":29.4},{"type":"U","date":"2018-04-25T01:57:50.000Z","volume":7600,"label":"X","price":29.45},{"type":"A","date":"2018-04-25T01:57:51.000Z","volume":32800,"label":" ","price":29.45},{"type":"A","date":"2018-04-25T01:57:51.000Z","volume":6000,"label":" ","price":29.5},{"type":"A","date":"2018-04-25T01:57:51.000Z","volume":8000,"label":" ","price":29.5},{"type":"A","date":"2018-04-25T01:57:51.000Z","volume":1200,"label":" ","price":29.5},{"type":"A","date":"2018-04-25T01:57:51.000Z","volume":1600,"label":" ","price":29.5},{"type":"B","date":"2018-04-25T01:57:52.000Z","volume":6800,"label":" ","price":29.4},{"type":"A","date":"2018-04-25T01:57:52.000Z","volume":2000,"label":" ","price":29.5},{"type":"A","date":"2018-04-25T01:57:52.000Z","volume":4000,"label":" ","price":29.5},{"type":"A","date":"2018-04-25T01:57:52.000Z","volume":1200,"label":" ","price":29.5},{"type":"B","date":"2018-04-25T01:57:55.000Z","volume":400,"label":" ","price":29.4},{"type":"U","date":"2018-04-25T01:57:57.000Z","volume":2400,"label":"X","price":29.45},{"type":"U","date":"2018-04-25T01:58:01.000Z","volume":400,"label":"X","price":29.45},{"type":"B","date":"2018-04-25T01:58:05.000Z","volume":400,"label":" ","price":29.4},{"type":"U","date":"2018-04-25T01:58:05.000Z","volume":4000,"label":" ","price":29.45},{"type":"A","date":"2018-04-25T01:58:06.000Z","volume":4000,"label":" ","price":29.5},{"type":"A","date":"2018-04-25T01:58:06.000Z","volume":5600,"label":" ","price":29.5},{"type":"A","date":"2018-04-25T01:58:06.000Z","volume":400,"label":" ","price":29.5},{"type":"U","date":"2018-04-25T01:58:06.000Z","volume":2400,"label":"X","price":29.45},{"type":"B","date":"2018-04-25T01:58:10.000Z","volume":400,"label":" ","price":29.4},{"type":"U","date":"2018-04-25T01:58:12.000Z","volume":400,"label":"X","price":29.45},{"type":"U","date":"2018-04-25T01:58:16.000Z","volume":400,"label":"X","price":29.45},{"type":"B","date":"2018-04-25T01:58:19.000Z","volume":400,"label":" ","price":29.4},{"type":"U","date":"2018-04-25T01:58:21.000Z","volume":400,"label":"X","price":29.45},{"type":"B","date":"2018-04-25T01:58:25.000Z","volume":400,"label":" ","price":29.4},{"type":"U","date":"2018-04-25T01:58:27.000Z","volume":400,"label":"X","price":29.45},{"type":"B","date":"2018-04-25T01:58:30.000Z","volume":400,"label":" ","price":29.4},{"type":"U","date":"2018-04-25T01:58:31.000Z","volume":400,"label":"X","price":29.45},{"type":"A","date":"2018-04-25T01:58:31.000Z","volume":2000,"label":" ","price":29.5},{"type":"U","date":"2018-04-25T01:58:36.000Z","volume":400,"label":"X","price":29.45},{"type":"B","date":"2018-04-25T01:58:40.000Z","volume":400,"label":" ","price":29.4},{"type":"U","date":"2018-04-25T01:58:40.000Z","volume":1200,"label":" ","price":29.45},{"type":"U","date":"2018-04-25T01:58:40.000Z","volume":800,"label":" ","price":29.45},{"type":"U","date":"2018-04-25T01:58:40.000Z","volume":1200,"label":" ","price":29.45},{"type":"U","date":"2018-04-25T01:58:40.000Z","volume":20800,"label":" ","price":29.45},{"type":"U","date":"2018-04-25T01:58:40.000Z","volume":2000,"label":" ","price":29.45},{"type":"B","date":"2018-04-25T01:58:40.000Z","volume":7200,"label":" ","price":29.45},{"type":"B","date":"2018-04-25T01:58:40.000Z","volume":2000,"label":" ","price":29.45},{"type":"A","date":"2018-04-25T01:58:41.000Z","volume":6000,"label":" ","price":29.5},{"type":"U","date":"2018-04-25T01:58:41.000Z","volume":1600,"label":"X","price":29.5},{"type":"B","date":"2018-04-25T01:58:42.000Z","volume":10400,"label":" ","price":29.4},{"type":"B","date":"2018-04-25T01:58:42.000Z","volume":2000,"label":" ","price":29.4},{"type":"A","date":"2018-04-25T01:58:42.000Z","volume":2000,"label":" ","price":29.5},{"type":"B","date":"2018-04-25T01:58:45.000Z","volume":400,"label":" ","price":29.4},{"type":"U","date":"2018-04-25T01:58:46.000Z","volume":400,"label":"X","price":29.45},{"type":"U","date":"2018-04-25T01:58:51.000Z","volume":400,"label":"X","price":29.45},{"type":"B","date":"2018-04-25T01:58:55.000Z","volume":400,"label":" ","price":29.4},{"type":"U","date":"2018-04-25T01:58:56.000Z","volume":400,"label":"X","price":29.45},{"type":"U","date":"2018-04-25T01:59:01.000Z","volume":400,"label":"X","price":29.45},{"type":"A","date":"2018-04-25T01:59:02.000Z","volume":2400,"label":" ","price":29.45},{"type":"A","date":"2018-04-25T01:59:02.000Z","volume":2800,"label":" ","price":29.45},{"type":"A","date":"2018-04-25T01:59:02.000Z","volume":2400,"label":" ","price":29.45},{"type":"U","date":"2018-04-25T01:59:04.000Z","volume":2400,"label":"X","price":29.45},{"type":"B","date":"2018-04-25T01:59:05.000Z","volume":400,"label":" ","price":29.4},{"type":"B","date":"2018-04-25T01:59:05.000Z","volume":400,"label":" ","price":29.4},{"type":"U","date":"2018-04-25T01:59:06.000Z","volume":1200,"label":"X","price":29.45},{"type":"U","date":"2018-04-25T01:59:12.000Z","volume":400,"label":"X","price":29.45},{"type":"B","date":"2018-04-25T01:59:15.000Z","volume":400,"label":" ","price":29.4},{"type":"U","date":"2018-04-25T01:59:16.000Z","volume":400,"label":"X","price":29.45},{"type":"U","date":"2018-04-25T01:59:21.000Z","volume":400,"label":"X","price":29.45},{"type":"U","date":"2018-04-25T01:59:25.000Z","volume":800,"label":"X","price":29.4},{"type":"B","date":"2018-04-25T01:59:25.000Z","volume":400,"label":" ","price":29.4},{"type":"B","date":"2018-04-25T01:59:25.000Z","volume":400,"label":" ","price":29.4},{"type":"A","date":"2018-04-25T01:59:26.000Z","volume":800,"label":" ","price":29.45},{"type":"U","date":"2018-04-25T01:59:32.000Z","volume":800,"label":"X","price":29.4},{"type":"A","date":"2018-04-25T01:59:32.000Z","volume":2000,"label":"Y","price":29.45},{"type":"A","date":"2018-04-25T01:59:32.000Z","volume":800,"label":" ","price":29.45},{"type":"A","date":"2018-04-25T01:59:32.000Z","volume":3600,"label":" ","price":29.45},{"type":"U","date":"2018-04-25T01:59:33.000Z","volume":1600,"label":"X","price":29.425},{"type":"A","date":"2018-04-25T01:59:34.000Z","volume":2000,"label":" ","price":29.45},{"type":"A","date":"2018-04-25T01:59:34.000Z","volume":2000,"label":" ","price":29.45},{"type":"B","date":"2018-04-25T01:59:35.000Z","volume":400,"label":" ","price":29.4},{"type":"U","date":"2018-04-25T01:59:36.000Z","volume":2000,"label":"X","price":29.45},{"type":"U","date":"2018-04-25T01:59:36.000Z","volume":800,"label":"X","price":29.425},{"type":"U","date":"2018-04-25T01:59:37.000Z","volume":800,"label":"X","price":29.425},{"type":"U","date":"2018-04-25T01:59:41.000Z","volume":400,"label":"X","price":29.425},{"type":"B","date":"2018-04-25T01:59:45.000Z","volume":400,"label":" ","price":29.4},{"type":"U","date":"2018-04-25T01:59:46.000Z","volume":400,"label":"X","price":29.425},{"type":"B","date":"2018-04-25T01:59:50.000Z","volume":400,"label":" ","price":29.4},{"type":"A","date":"2018-04-25T01:59:51.000Z","volume":800,"label":"Y","price":29.45},{"type":"A","date":"2018-04-25T01:59:51.000Z","volume":2000,"label":" ","price":29.45},{"type":"U","date":"2018-04-25T01:59:51.000Z","volume":400,"label":"X","price":29.425},{"type":"U","date":"2018-04-25T01:59:56.000Z","volume":400,"label":"X","price":29.425},{"type":"B","date":"2018-04-25T02:00:00.000Z","volume":400,"label":" ","price":29.4},{"type":"A","date":"2018-04-25T02:00:01.000Z","volume":800,"label":"Y","price":29.45},{"type":"U","date":"2018-04-25T02:00:01.000Z","volume":400,"label":"X","price":29.425},{"type":"B","date":"2018-04-25T02:00:05.000Z","volume":400,"label":" ","price":29.4},{"type":"A","date":"2018-04-25T02:00:05.000Z","volume":5200,"label":" ","price":29.45},{"type":"A","date":"2018-04-25T02:00:05.000Z","volume":400,"label":" ","price":29.45},{"type":"U","date":"2018-04-25T02:00:07.000Z","volume":1200,"label":"X","price":29.425},{"type":"B","date":"2018-04-25T02:00:10.000Z","volume":400,"label":" ","price":29.4},{"type":"U","date":"2018-04-25T02:00:12.000Z","volume":400,"label":"X","price":29.425},{"type":"B","date":"2018-04-25T02:00:21.000Z","volume":400,"label":" ","price":29.4},{"type":"B","date":"2018-04-25T02:00:26.000Z","volume":400,"label":" ","price":29.4},{"type":"U","date":"2018-04-25T02:00:31.000Z","volume":400,"label":"X","price":29.425},{"type":"B","date":"2018-04-25T02:00:31.000Z","volume":400,"label":" ","price":29.4},{"type":"A","date":"2018-04-25T02:00:34.000Z","volume":800,"label":" ","price":29.45},{"type":"A","date":"2018-04-25T02:00:34.000Z","volume":400,"label":" ","price":29.45},{"type":"U","date":"2018-04-25T02:00:36.000Z","volume":400,"label":"X","price":29.425},{"type":"U","date":"2018-04-25T02:00:38.000Z","volume":6400,"label":"X","price":29.409},{"type":"A","date":"2018-04-25T02:00:40.000Z","volume":2000,"label":" ","price":29.45},{"type":"A","date":"2018-04-25T02:00:40.000Z","volume":800,"label":" ","price":29.45},{"type":"A","date":"2018-04-25T02:00:40.000Z","volume":2000,"label":" ","price":29.45},{"type":"U","date":"2018-04-25T02:00:41.000Z","volume":800,"label":"X","price":29.425},{"type":"A","date":"2018-04-25T02:00:42.000Z","volume":400,"label":" ","price":29.45},{"type":"B","date":"2018-04-25T02:00:46.000Z","volume":400,"label":" ","price":29.4},{"type":"U","date":"2018-04-25T02:00:46.000Z","volume":400,"label":"X","price":29.425},{"type":"B","date":"2018-04-25T02:00:46.000Z","volume":400,"label":" ","price":29.4},{"type":"B","date":"2018-04-25T02:00:56.000Z","volume":400,"label":" ","price":29.4},{"type":"A","date":"2018-04-25T02:01:00.000Z","volume":400,"label":" ","price":29.45},{"type":"U","date":"2018-04-25T02:01:03.000Z","volume":1600,"label":"X","price":29.4},{"type":"U","date":"2018-04-25T02:01:04.000Z","volume":4400,"label":"X","price":29.4},{"type":"U","date":"2018-04-25T02:01:05.000Z","volume":800,"label":"X","price":29.45},{"type":"U","date":"2018-04-25T02:01:05.000Z","volume":1200,"label":"X","price":29.425},{"type":"A","date":"2018-04-25T02:01:06.000Z","volume":400,"label":" ","price":29.45},{"type":"B","date":"2018-04-25T02:01:06.000Z","volume":400,"label":" ","price":29.4},{"type":"B","date":"2018-04-25T02:01:06.000Z","volume":400,"label":" ","price":29.4},{"type":"U","date":"2018-04-25T02:01:08.000Z","volume":1200,"label":"X","price":29.425},{"type":"U","date":"2018-04-25T02:01:12.000Z","volume":400,"label":"X","price":29.425},{"type":"B","date":"2018-04-25T02:01:14.000Z","volume":800,"label":" ","price":29.4},{"type":"A","date":"2018-04-25T02:01:14.000Z","volume":1600,"label":" ","price":29.45},{"type":"B","date":"2018-04-25T02:01:16.000Z","volume":400,"label":" ","price":29.4},{"type":"B","date":"2018-04-25T02:01:17.000Z","volume":400,"label":" ","price":29.4},{"type":"U","date":"2018-04-25T02:01:20.000Z","volume":800,"label":"X","price":29.425},{"type":"B","date":"2018-04-25T02:01:23.000Z","volume":400,"label":" ","price":29.4},{"type":"B","date":"2018-04-25T02:01:26.000Z","volume":400,"label":" ","price":29.4},{"type":"B","date":"2018-04-25T02:01:26.000Z","volume":400,"label":" ","price":29.4},{"type":"A","date":"2018-04-25T02:01:35.000Z","volume":400,"label":" ","price":29.45},{"type":"B","date":"2018-04-25T02:01:41.000Z","volume":400,"label":" ","price":29.4},{"type":"B","date":"2018-04-25T02:01:46.000Z","volume":400,"label":" ","price":29.4},{"type":"A","date":"2018-04-25T02:01:46.000Z","volume":400,"label":" ","price":29.45},{"type":"A","date":"2018-04-25T02:01:48.000Z","volume":18000,"label":" ","price":29.45},{"type":"A","date":"2018-04-25T02:01:48.000Z","volume":800,"label":" ","price":29.5},{"type":"B","date":"2018-04-25T02:01:48.000Z","volume":77600,"label":" ","price":29.45},{"type":"B","date":"2018-04-25T02:01:48.000Z","volume":1600,"label":" ","price":29.45},{"type":"U","date":"2018-04-25T02:01:48.000Z","volume":3600,"label":"X","price":29.5},{"type":"B","date":"2018-04-25T02:01:48.000Z","volume":400,"label":" ","price":29.45},{"type":"B","date":"2018-04-25T02:01:48.000Z","volume":800,"label":" ","price":29.45},{"type":"A","date":"2018-04-25T02:01:48.000Z","volume":800,"label":" ","price":29.45},{"type":"A","date":"2018-04-25T02:01:48.000Z","volume":400,"label":" ","price":29.45},{"type":"A","date":"2018-04-25T02:01:48.000Z","volume":12000,"label":" ","price":29.45},{"type":"B","date":"2018-04-25T02:01:48.000Z","volume":2000,"label":" ","price":29.45},{"type":"A","date":"2018-04-25T02:01:48.000Z","volume":6000,"label":" ","price":29.5},{"type":"U","date":"2018-04-25T02:01:48.000Z","volume":200,"label":"D","price":29.2},{"type":"B","date":"2018-04-25T02:01:49.000Z","volume":36400,"label":" ","price":29.4},{"type":"U","date":"2018-04-25T02:01:49.000Z","volume":2800,"label":"X","price":29.45},{"type":"U","date":"2018-04-25T02:01:50.000Z","volume":6400,"label":"X","price":29.45},{"type":"B","date":"2018-04-25T02:01:51.000Z","volume":400,"label":" ","price":29.4},{"type":"A","date":"2018-04-25T02:01:51.000Z","volume":6800,"label":" ","price":29.45},{"type":"U","date":"2018-04-25T02:01:52.000Z","volume":800,"label":"X","price":29.5},{"type":"A","date":"2018-04-25T02:01:52.000Z","volume":800,"label":" ","price":29.5},{"type":"B","date":"2018-04-25T02:02:01.000Z","volume":400,"label":" ","price":29.4},{"type":"A","date":"2018-04-25T02:02:05.000Z","volume":2000,"label":" ","price":29.45},{"type":"A","date":"2018-04-25T02:02:05.000Z","volume":1200,"label":" ","price":29.45},{"type":"B","date":"2018-04-25T02:02:06.000Z","volume":400,"label":" ","price":29.4},{"type":"A","date":"2018-04-25T02:02:07.000Z","volume":800,"label":" ","price":29.45},{"type":"B","date":"2018-04-25T02:02:11.000Z","volume":400,"label":" ","price":29.4},{"type":"U","date":"2018-04-25T02:02:12.000Z","volume":1600,"label":"X","price":29.45},{"type":"B","date":"2018-04-25T02:02:16.000Z","volume":1200,"label":" ","price":29.45},{"type":"B","date":"2018-04-25T02:02:16.000Z","volume":800,"label":" ","price":29.45},{"type":"B","date":"2018-04-25T02:02:16.000Z","volume":13200,"label":" ","price":29.45},{"type":"B","date":"2018-04-25T02:02:16.000Z","volume":8400,"label":" ","price":29.45},{"type":"A","date":"2018-04-25T02:02:16.000Z","volume":4000,"label":" ","price":29.45},{"type":"A","date":"2018-04-25T02:02:16.000Z","volume":3200,"label":" ","price":29.45},{"type":"A","date":"2018-04-25T02:02:16.000Z","volume":400,"label":" ","price":29.45},{"type":"A","date":"2018-04-25T02:02:16.000Z","volume":400,"label":" ","price":29.45},{"type":"A","date":"2018-04-25T02:02:16.000Z","volume":400,"label":" ","price":29.45},{"type":"B","date":"2018-04-25T02:02:16.000Z","volume":400,"label":" ","price":29.45},{"type":"B","date":"2018-04-25T02:02:16.000Z","volume":4800,"label":" ","price":29.45},{"type":"U","date":"2018-04-25T02:02:16.000Z","volume":4400,"label":"X","price":29.5},{"type":"B","date":"2018-04-25T02:02:16.000Z","volume":1600,"label":" ","price":29.45},{"type":"B","date":"2018-04-25T02:02:16.000Z","volume":2800,"label":" ","price":29.45},{"type":"U","date":"2018-04-25T02:02:19.000Z","volume":400,"label":" ","price":29.45},{"type":"U","date":"2018-04-25T02:02:19.000Z","volume":800,"label":" ","price":29.45},{"type":"B","date":"2018-04-25T02:02:19.000Z","volume":10000,"label":" ","price":29.45},{"type":"B","date":"2018-04-25T02:02:19.000Z","volume":10800,"label":" ","price":29.45},{"type":"A","date":"2018-04-25T02:02:19.000Z","volume":3200,"label":" ","price":29.45},{"type":"A","date":"2018-04-25T02:02:19.000Z","volume":5600,"label":" ","price":29.45},{"type":"A","date":"2018-04-25T02:02:19.000Z","volume":1600,"label":" ","price":29.45},{"type":"A","date":"2018-04-25T02:02:21.000Z","volume":400,"label":" ","price":29.45},{"type":"U","date":"2018-04-25T02:02:21.000Z","volume":3200,"label":"X","price":29.5},{"type":"B","date":"2018-04-25T02:02:21.000Z","volume":400,"label":" ","price":29.4},{"type":"U","date":"2018-04-25T02:02:22.000Z","volume":2000,"label":"X","price":29.5},{"type":"B","date":"2018-04-25T02:02:26.000Z","volume":400,"label":" ","price":29.4},{"type":"A","date":"2018-04-25T02:02:27.000Z","volume":1200,"label":" ","price":29.45},{"type":"A","date":"2018-04-25T02:02:29.000Z","volume":2000,"label":" ","price":29.45},{"type":"A","date":"2018-04-25T02:02:29.000Z","volume":8000,"label":" ","price":29.5},{"type":"U","date":"2018-04-25T02:02:30.000Z","volume":2400,"label":"X","price":29.5},{"type":"A","date":"2018-04-25T02:02:36.000Z","volume":3600,"label":" ","price":29.5},{"type":"B","date":"2018-04-25T02:02:36.000Z","volume":400,"label":" ","price":29.4},{"type":"B","date":"2018-04-25T02:02:46.000Z","volume":400,"label":" ","price":29.4},{"type":"B","date":"2018-04-25T02:02:46.000Z","volume":400,"label":" ","price":29.4},{"type":"B","date":"2018-04-25T02:02:56.000Z","volume":400,"label":" ","price":29.4},{"type":"B","date":"2018-04-25T02:03:00.000Z","volume":1600,"label":" ","price":29.4},{"type":"A","date":"2018-04-25T02:03:01.000Z","volume":400,"label":" ","price":29.45},{"type":"U","date":"2018-04-25T02:03:04.000Z","volume":4000,"label":" ","price":29.45},{"type":"B","date":"2018-04-25T02:03:04.000Z","volume":800,"label":" ","price":29.45},{"type":"U","date":"2018-04-25T02:03:04.000Z","volume":1200,"label":"X","price":29.45},{"type":"U","date":"2018-04-25T02:03:04.000Z","volume":4000,"label":" ","price":29.45},{"type":"U","date":"2018-04-25T02:03:04.000Z","volume":1200,"label":"X","price":29.45},{"type":"A","date":"2018-04-25T02:03:04.000Z","volume":400,"label":" ","price":29.45},{"type":"A","date":"2018-04-25T02:03:04.000Z","volume":1600,"label":" ","price":29.45},{"type":"A","date":"2018-04-25T02:03:04.000Z","volume":400,"label":" ","price":29.45},{"type":"A","date":"2018-04-25T02:03:04.000Z","volume":1200,"label":" ","price":29.45},{"type":"B","date":"2018-04-25T02:03:04.000Z","volume":400,"label":" ","price":29.45},{"type":"U","date":"2018-04-25T02:03:06.000Z","volume":4000,"label":"X","price":29.5},{"type":"B","date":"2018-04-25T02:03:06.000Z","volume":400,"label":" ","price":29.4},{"type":"B","date":"2018-04-25T02:03:07.000Z","volume":400,"label":" ","price":29.4},{"type":"A","date":"2018-04-25T02:03:07.000Z","volume":2800,"label":" ","price":29.45},{"type":"U","date":"2018-04-25T02:03:07.000Z","volume":2800,"label":" ","price":29.45},{"type":"B","date":"2018-04-25T02:03:07.000Z","volume":6000,"label":" ","price":29.45},{"type":"A","date":"2018-04-25T02:03:07.000Z","volume":800,"label":" ","price":29.5},{"type":"B","date":"2018-04-25T02:03:07.000Z","volume":2800,"label":" ","price":29.45},{"type":"A","date":"2018-04-25T02:03:07.000Z","volume":800,"label":" ","price":29.5},{"type":"B","date":"2018-04-25T02:03:07.000Z","volume":400,"label":" ","price":29.45},{"type":"U","date":"2018-04-25T02:03:07.000Z","volume":1600,"label":" ","price":29.45},{"type":"U","date":"2018-04-25T02:03:07.000Z","volume":800,"label":" ","price":29.45},{"type":"U","date":"2018-04-25T02:03:07.000Z","volume":400,"label":" ","price":29.45},{"type":"B","date":"2018-04-25T02:03:07.000Z","volume":800,"label":" ","price":29.45},{"type":"U","date":"2018-04-25T02:03:08.000Z","volume":3600,"label":"X","price":29.5},{"type":"B","date":"2018-04-25T02:03:16.000Z","volume":400,"label":" ","price":29.4},{"type":"A","date":"2018-04-25T02:03:16.000Z","volume":800,"label":" ","price":29.45},{"type":"B","date":"2018-04-25T02:03:19.000Z","volume":26400,"label":" ","price":29.4},{"type":"B","date":"2018-04-25T02:03:19.000Z","volume":13200,"label":" ","price":29.4},{"type":"B","date":"2018-04-25T02:03:19.000Z","volume":13200,"label":" ","price":29.4},{"type":"B","date":"2018-04-25T02:03:19.000Z","volume":13200,"label":" ","price":29.4},{"type":"B","date":"2018-04-25T02:03:19.000Z","volume":13600,"label":" ","price":29.4},{"type":"A","date":"2018-04-25T02:03:19.000Z","volume":4000,"label":" ","price":29.45},{"type":"B","date":"2018-04-25T02:03:19.000Z","volume":1600,"label":" ","price":29.4},{"type":"B","date":"2018-04-25T02:03:19.000Z","volume":1600,"label":" ","price":29.4},{"type":"U","date":"2018-04-25T02:03:20.000Z","volume":2000,"label":"X","price":29.45},{"type":"U","date":"2018-04-25T02:03:20.000Z","volume":1200,"label":"X","price":29.425},{"type":"U","date":"2018-04-25T02:03:26.000Z","volume":400,"label":"X","price":29.425},{"type":"B","date":"2018-04-25T02:03:26.000Z","volume":400,"label":" ","price":29.4},{"type":"U","date":"2018-04-25T02:03:27.000Z","volume":800,"label":"X","price":29.425},{"type":"U","date":"2018-04-25T02:03:27.000Z","volume":800,"label":"X","price":29.45},{"type":"U","date":"2018-04-25T02:03:27.000Z","volume":800,"label":"X","price":29.425},{"type":"A","date":"2018-04-25T02:03:29.000Z","volume":7200,"label":" ","price":29.45},{"type":"U","date":"2018-04-25T02:03:30.000Z","volume":1600,"label":"X","price":29.45},{"type":"A","date":"2018-04-25T02:03:30.000Z","volume":400,"label":" ","price":29.45},{"type":"B","date":"2018-04-25T02:03:31.000Z","volume":400,"label":" ","price":29.4},{"type":"A","date":"2018-04-25T02:03:34.000Z","volume":400,"label":" ","price":29.45},{"type":"B","date":"2018-04-25T02:03:39.000Z","volume":800,"label":" ","price":29.4},{"type":"U","date":"2018-04-25T02:03:43.000Z","volume":200,"label":"D","price":29.2},{"type":"B","date":"2018-04-25T02:03:47.000Z","volume":400,"label":" ","price":29.4},{"type":"U","date":"2018-04-25T02:04:05.000Z","volume":800,"label":"X","price":29.4},{"type":"U","date":"2018-04-25T02:04:41.000Z","volume":800,"label":"X","price":29.425},{"type":"U","date":"2018-04-25T02:04:44.000Z","volume":1200,"label":"X","price":29.425},{"type":"A","date":"2018-04-25T02:04:45.000Z","volume":22800,"label":" ","price":29.45},{"type":"A","date":"2018-04-25T02:04:45.000Z","volume":93200,"label":" ","price":29.45},{"type":"A","date":"2018-04-25T02:04:45.000Z","volume":18000,"label":" ","price":29.45},{"type":"A","date":"2018-04-25T02:04:45.000Z","volume":3200,"label":" ","price":29.5},{"type":"A","date":"2018-04-25T02:04:45.000Z","volume":4400,"label":" ","price":29.5},{"type":"A","date":"2018-04-25T02:04:45.000Z","volume":28400,"label":" ","price":29.45},{"type":"A","date":"2018-04-25T02:04:45.000Z","volume":800,"label":" ","price":29.5},{"type":"A","date":"2018-04-25T02:04:45.000Z","volume":6000,"label":" ","price":29.5},{"type":"A","date":"2018-04-25T02:04:46.000Z","volume":1200,"label":" ","price":29.5},{"type":"U","date":"2018-04-25T02:04:46.000Z","volume":400,"label":" ","price":29.45},{"type":"A","date":"2018-04-25T02:04:46.000Z","volume":12800,"label":" ","price":29.5},{"type":"A","date":"2018-04-25T02:04:46.000Z","volume":2400,"label":" ","price":29.5},{"type":"A","date":"2018-04-25T02:04:46.000Z","volume":400,"label":" ","price":29.5},{"type":"B","date":"2018-04-25T02:04:46.000Z","volume":1600,"label":" ","price":29.45},{"type":"A","date":"2018-04-25T02:04:46.000Z","volume":800,"label":" ","price":29.5},{"type":"B","date":"2018-04-25T02:04:46.000Z","volume":400,"label":" ","price":29.45},{"type":"U","date":"2018-04-25T02:04:46.000Z","volume":1200,"label":" ","price":29.45},{"type":"A","date":"2018-04-25T02:04:46.000Z","volume":800,"label":" ","price":29.5},{"type":"A","date":"2018-04-25T02:04:46.000Z","volume":5200,"label":" ","price":29.5},{"type":"U","date":"2018-04-25T02:04:46.000Z","volume":7600,"label":"X","price":29.55},{"type":"U","date":"2018-04-25T02:04:46.000Z","volume":6400,"label":"X","price":29.55},{"type":"U","date":"2018-04-25T02:04:46.000Z","volume":800,"label":"X","price":29.55},{"type":"A","date":"2018-04-25T02:04:48.000Z","volume":400,"label":" ","price":29.5},{"type":"U","date":"2018-04-25T02:04:48.000Z","volume":400,"label":" ","price":29.5},{"type":"U","date":"2018-04-25T02:04:48.000Z","volume":10000,"label":" ","price":29.5},{"type":"U","date":"2018-04-25T02:04:48.000Z","volume":800,"label":" ","price":29.5},{"type":"U","date":"2018-04-25T02:04:48.000Z","volume":2000,"label":"X","price":29.55},{"type":"U","date":"2018-04-25T02:04:48.000Z","volume":2000,"label":" ","price":29.45},{"type":"U","date":"2018-04-25T02:04:48.000Z","volume":1200,"label":" ","price":29.45},{"type":"U","date":"2018-04-25T02:05:17.000Z","volume":800,"label":"X","price":29.4},{"type":"U","date":"2018-04-25T02:05:21.000Z","volume":400,"label":"X","price":29.4},{"type":"U","date":"2018-04-25T02:05:26.000Z","volume":400,"label":"X","price":29.4},{"type":"B","date":"2018-04-25T02:05:26.000Z","volume":400,"label":" ","price":29.4},{"type":"B","date":"2018-04-25T02:05:32.000Z","volume":400,"label":" ","price":29.4},{"type":"U","date":"2018-04-25T02:05:33.000Z","volume":400,"label":"X","price":29.4},{"type":"B","date":"2018-04-25T02:05:37.000Z","volume":400,"label":" ","price":29.4},{"type":"U","date":"2018-04-25T02:05:37.000Z","volume":400,"label":"X","price":29.4},{"type":"U","date":"2018-04-25T02:05:45.000Z","volume":800,"label":"X","price":29.4},{"type":"B","date":"2018-04-25T02:05:47.000Z","volume":400,"label":" ","price":29.4},{"type":"B","date":"2018-04-25T02:05:52.000Z","volume":400,"label":" ","price":29.4},{"type":"B","date":"2018-04-25T02:05:53.000Z","volume":400,"label":" ","price":29.4},{"type":"B","date":"2018-04-25T02:05:57.000Z","volume":400,"label":" ","price":29.4},{"type":"B","date":"2018-04-25T02:06:07.000Z","volume":400,"label":" ","price":29.4},{"type":"U","date":"2018-04-25T02:06:10.000Z","volume":800,"label":"X","price":29.45},{"type":"B","date":"2018-04-25T02:06:12.000Z","volume":400,"label":" ","price":29.4},{"type":"B","date":"2018-04-25T02:06:22.000Z","volume":400,"label":" ","price":29.4},{"type":"A","date":"2018-04-25T02:06:30.000Z","volume":5600,"label":" ","price":29.5},{"type":"B","date":"2018-04-25T02:06:33.000Z","volume":400,"label":" ","price":29.4},{"type":"B","date":"2018-04-25T02:06:33.000Z","volume":400,"label":" ","price":29.4},{"type":"U","date":"2018-04-25T02:06:40.000Z","volume":800,"label":"X","price":29.4},{"type":"B","date":"2018-04-25T02:06:43.000Z","volume":400,"label":" ","price":29.4},{"type":"U","date":"2018-04-25T02:06:45.000Z","volume":800,"label":"X","price":29.45},{"type":"U","date":"2018-04-25T02:06:47.000Z","volume":400,"label":"X","price":29.45},{"type":"U","date":"2018-04-25T02:06:47.000Z","volume":400,"label":"X","price":29.4},{"type":"B","date":"2018-04-25T02:06:53.000Z","volume":400,"label":" ","price":29.4},{"type":"B","date":"2018-04-25T02:06:53.000Z","volume":400,"label":" ","price":29.4},{"type":"U","date":"2018-04-25T02:06:56.000Z","volume":800,"label":"X","price":29.4},{"type":"A","date":"2018-04-25T02:06:56.000Z","volume":400,"label":" ","price":29.5},{"type":"A","date":"2018-04-25T02:06:56.000Z","volume":46000,"label":" ","price":29.5},{"type":"A","date":"2018-04-25T02:06:56.000Z","volume":6800,"label":" ","price":29.55},{"type":"A","date":"2018-04-25T02:06:56.000Z","volume":1200,"label":" ","price":29.55}