[{"type":"B","date":"2018-03-26T01:30:00.000Z","volume":4000,"label":" ","price":3.1},{"type":"A","date":"2018-03-26T01:30:21.000Z","volume":12000,"label":" ","price":3.11},{"type":"A","date":"2018-03-26T01:30:21.000Z","volume":24000,"label":" ","price":3.12},{"type":"A","date":"2018-03-26T01:30:21.000Z","volume":4000,"label":" ","price":3.15},{"type":"A","date":"2018-03-26T01:30:21.000Z","volume":36000,"label":" ","price":3.15},{"type":"A","date":"2018-03-26T01:31:01.000Z","volume":4000,"label":" ","price":3.21},{"type":"A","date":"2018-03-26T01:31:01.000Z","volume":4000,"label":" ","price":3.22},{"type":"A","date":"2018-03-26T01:37:15.000Z","volume":8000,"label":" ","price":3.21},{"type":"A","date":"2018-03-26T01:40:19.000Z","volume":4000,"label":" ","price":3.21},{"type":"A","date":"2018-03-26T01:46:14.000Z","volume":4000,"label":" ","price":3.21},{"type":"A","date":"2018-03-26T01:59:00.000Z","volume":4000,"label":" ","price":3.21},{"type":"A","date":"2018-03-26T01:59:07.000Z","volume":20000,"label":" ","price":3.2},{"type":"B","date":"2018-03-26T01:59:07.000Z","volume":4000,"label":" ","price":3.15},{"type":"U","date":"2018-03-26T01:59:07.000Z","volume":4000,"label":" ","price":3.15},{"type":"A","date":"2018-03-26T02:08:23.000Z","volume":20000,"label":" ","price":3.19},{"type":"A","date":"2018-03-26T02:08:23.000Z","volume":4000,"label":" ","price":3.2},{"type":"U","date":"2018-03-26T02:08:23.000Z","volume":4000,"label":" ","price":3.15},{"type":"B","date":"2018-03-26T02:08:23.000Z","volume":4000,"label":" ","price":3.15},{"type":"A","date":"2018-03-26T02:08:29.000Z","volume":4000,"label":" ","price":3.2},{"type":"B","date":"2018-03-26T02:12:19.000Z","volume":8000,"label":" ","price":3.16},{"type":"B","date":"2018-03-26T02:12:43.000Z","volume":8000,"label":" ","price":3.15},{"type":"B","date":"2018-03-26T02:12:44.000Z","volume":4000,"label":" ","price":3.14},{"type":"A","date":"2018-03-26T02:12:45.000Z","volume":4000,"label":" ","price":3.15},{"type":"A","date":"2018-03-26T02:22:21.000Z","volume":8000,"label":" ","price":3.18},{"type":"A","date":"2018-03-26T02:22:21.000Z","volume":36000,"label":" ","price":3.18},{"type":"U","date":"2018-03-26T02:22:22.000Z","volume":4000,"label":" ","price":3.16},{"type":"B","date":"2018-03-26T02:22:23.000Z","volume":4000,"label":" ","price":3.15},{"type":"A","date":"2018-03-26T02:22:26.000Z","volume":4000,"label":" ","price":3.15},{"type":"A","date":"2018-03-26T02:22:26.000Z","volume":4000,"label":" ","price":3.15},{"type":"U","date":"2018-03-26T02:22:26.000Z","volume":4000,"label":" ","price":3.15},{"type":"A","date":"2018-03-26T02:23:50.000Z","volume":12000,"label":" ","price":3.18},{"type":"A","date":"2018-03-26T02:23:50.000Z","volume":8000,"label":" ","price":3.18},{"type":"B","date":"2018-03-26T02:23:51.000Z","volume":4000,"label":" ","price":3.15},{"type":"B","date":"2018-03-26T02:25:14.000Z","volume":4000,"label":" ","price":3.16},{"type":"B","date":"2018-03-26T02:26:12.000Z","volume":4000,"label":" ","price":3.15},{"type":"A","date":"2018-03-26T02:32:47.000Z","volume":4000,"label":" ","price":3.15},{"type":"B","date":"2018-03-26T02:33:06.000Z","volume":4000,"label":" ","price":3.13},{"type":"B","date":"2018-03-26T02:33:14.000Z","volume":8000,"label":" ","price":3.14},{"type":"A","date":"2018-03-26T02:33:59.000Z","volume":4000,"label":" ","price":3.16},{"type":"A","date":"2018-03-26T02:55:39.000Z","volume":12000,"label":" ","price":3.15},{"type":"B","date":"2018-03-26T02:55:45.000Z","volume":4000,"label":" ","price":3.14},{"type":"A","date":"2018-03-26T02:59:40.000Z","volume":4000,"label":" ","price":3.15},{"type":"A","date":"2018-03-26T03:07:51.000Z","volume":4000,"label":" ","price":3.15},{"type":"A","date":"2018-03-26T03:22:32.000Z","volume":20000,"label":" ","price":3.15},{"type":"B","date":"2018-03-26T03:22:41.000Z","volume":4000,"label":" ","price":3.14},{"type":"A","date":"2018-03-26T03:34:42.000Z","volume":12000,"label":" ","price":3.15},{"type":"B","date":"2018-03-26T03:35:01.000Z","volume":4000,"label":"Y","price":3.14},{"type":"B","date":"2018-03-26T03:38:02.000Z","volume":4000,"label":" ","price":3.14},{"type":"A","date":"2018-03-26T03:48:34.000Z","volume":8000,"label":" ","price":3.15},{"type":"B","date":"2018-03-26T03:50:14.000Z","volume":20000,"label":" ","price":3.13},{"type":"B","date":"2018-03-26T03:50:14.000Z","volume":32000,"label":" ","price":3.11},{"type":"B","date":"2018-03-26T03:50:14.000Z","volume":4000,"label":" ","price":3.11},{"type":"A","date":"2018-03-26T03:50:33.000Z","volume":4000,"label":" ","price":3.14},{"type":"B","date":"2018-03-26T03:57:28.000Z","volume":4000,"label":" ","price":3.13},{"type":"B","date":"2018-03-26T05:03:32.000Z","volume":40000,"label":" ","price":3.13},{"type":"A","date":"2018-03-26T05:03:43.000Z","volume":4000,"label":" ","price":3.14},{"type":"A","date":"2018-03-26T05:13:42.000Z","volume":40000,"label":" ","price":3.14},{"type":"A","date":"2018-03-26T05:16:15.000Z","volume":40000,"label":" ","price":3.14},{"type":"A","date":"2018-03-26T05:17:28.000Z","volume":12000,"label":" ","price":3.14},{"type":"B","date":"2018-03-26T05:22:03.000Z","volume":4000,"label":"Y","price":3.13},{"type":"A","date":"2018-03-26T05:25:50.000Z","volume":8000,"label":" ","price":3.14},{"type":"B","date":"2018-03-26T05:25:50.000Z","volume":4000,"label":"Y","price":3.13},{"type":"B","date":"2018-03-26T05:25:50.000Z","volume":4000,"label":" ","price":3.13},{"type":"A","date":"2018-03-26T05:26:01.000Z","volume":20000,"label":" ","price":3.14},{"type":"A","date":"2018-03-26T05:26:04.000Z","volume":20000,"label":" ","price":3.14},{"type":"A","date":"2018-03-26T05:26:15.000Z","volume":20000,"label":" ","price":3.14},{"type":"B","date":"2018-03-26T05:33:03.000Z","volume":4000,"label":" ","price":3.12},{"type":"A","date":"2018-03-26T05:34:20.000Z","volume":32000,"label":" ","price":3.13},{"type":"A","date":"2018-03-26T05:41:20.000Z","volume":20000,"label":" ","price":3.13},{"type":"B","date":"2018-03-26T05:48:54.000Z","volume":40000,"label":" ","price":3.11},{"type":"B","date":"2018-03-26T05:48:54.000Z","volume":28000,"label":"Y","price":3.1},{"type":"B","date":"2018-03-26T05:48:54.000Z","volume":12000,"label":" ","price":3.1},{"type":"A","date":"2018-03-26T05:49:01.000Z","volume":4000,"label":" ","price":3.12},{"type":"B","date":"2018-03-26T05:56:20.000Z","volume":64000,"label":" ","price":3.09},{"type":"A","date":"2018-03-26T05:56:40.000Z","volume":4000,"label":" ","price":3.11},{"type":"U","date":"2018-03-26T05:58:46.000Z","volume":4000,"label":" ","price":3.08},{"type":"A","date":"2018-03-26T05:58:57.000Z","volume":4000,"label":" ","price":3.11},{"type":"A","date":"2018-03-26T06:07:23.000Z","volume":20000,"label":" ","price":3.11},{"type":"A","date":"2018-03-26T06:10:42.000Z","volume":8000,"label":"Y","price":3.11},{"type":"A","date":"2018-03-26T06:11:39.000Z","volume":8000,"label":"Y","price":3.11},{"type":"A","date":"2018-03-26T06:12:46.000Z","volume":100000,"label":" ","price":3.11},{"type":"A","date":"2018-03-26T06:12:46.000Z","volume":12000,"label":" ","price":3.11},{"type":"B","date":"2018-03-26T06:12:46.000Z","volume":4000,"label":" ","price":3.11},{"type":"B","date":"2018-03-26T06:12:46.000Z","volume":8000,"label":" ","price":3.11},{"type":"A","date":"2018-03-26T06:13:12.000Z","volume":4000,"label":" ","price":3.12},{"type":"A","date":"2018-03-26T06:17:53.000Z","volume":180000,"label":" ","price":3.12},{"type":"B","date":"2018-03-26T06:17:56.000Z","volume":4000,"label":"Y","price":3.1},{"type":"A","date":"2018-03-26T06:18:09.000Z","volume":44000,"label":" ","price":3.13},{"type":"A","date":"2018-03-26T06:18:09.000Z","volume":4000,"label":" ","price":3.15},{"type":"A","date":"2018-03-26T06:24:53.000Z","volume":4000,"label":" ","price":3.14},{"type":"A","date":"2018-03-26T06:30:41.000Z","volume":4000,"label":" ","price":3.14},{"type":"A","date":"2018-03-26T06:37:15.000Z","volume":4000,"label":" ","price":3.14},{"type":"B","date":"2018-03-26T06:42:06.000Z","volume":36000,"label":" ","price":3.12},{"type":"B","date":"2018-03-26T06:42:31.000Z","volume":4000,"label":" ","price":3.1},{"type":"A","date":"2018-03-26T06:54:20.000Z","volume":4000,"label":" ","price":3.11},{"type":"A","date":"2018-03-26T07:05:25.000Z","volume":8000,"label":" ","price":3.11},{"type":"A","date":"2018-03-26T07:11:22.000Z","volume":8000,"label":" ","price":3.11},{"type":"A","date":"2018-03-26T07:12:32.000Z","volume":520000,"label":" ","price":3.11},{"type":"B","date":"2018-03-26T07:12:32.000Z","volume":4000,"label":" ","price":3.1},{"type":"B","date":"2018-03-26T07:12:32.000Z","volume":16000,"label":" ","price":3.1},{"type":"A","date":"2018-03-26T07:12:52.000Z","volume":4000,"label":" ","price":3.12},{"type":"A","date":"2018-03-26T07:29:59.000Z","volume":4000,"label":" ","price":3.12},{"type":"B","date":"2018-03-26T07:31:22.000Z","volume":28000,"label":" ","price":3.1},{"type":"A","date":"2018-03-26T07:31:46.000Z","volume":28000,"label":" ","price":3.1},{"type":"A","date":"2018-03-26T07:33:14.000Z","volume":820000,"label":" ","price":3.1},{"type":"B","date":"2018-03-26T07:33:14.000Z","volume":4000,"label":" ","price":3.09},{"type":"A","date":"2018-03-26T07:33:31.000Z","volume":4000,"label":" ","price":3.12},{"type":"A","date":"2018-03-26T07:36:46.000Z","volume":4000,"label":"Y","price":3.12},{"type":"A","date":"2018-03-26T07:36:46.000Z","volume":32000,"label":" ","price":3.12},{"type":"A","date":"2018-03-26T07:38:10.000Z","volume":4000,"label":" ","price":3.12},{"type":"A","date":"2018-03-26T07:39:53.000Z","volume":12000,"label":" ","price":3.13},{"type":"A","date":"2018-03-26T07:40:48.000Z","volume":24000,"label":" ","price":3.13},{"type":"A","date":"2018-03-26T07:40:51.000Z","volume":4000,"label":" ","price":3.13},{"type":"A","date":"2018-03-26T07:41:45.000Z","volume":24000,"label":" ","price":3.15},{"type":"A","date":"2018-03-26T07:41:45.000Z","volume":16000,"label":" ","price":3.16},{"type":"A","date":"2018-03-26T07:41:45.000Z","volume":4000,"label":" ","price":3.18},{"type":"A","date":"2018-03-26T07:42:09.000Z","volume":4000,"label":" ","price":3.18},{"type":"A","date":"2018-03-26T07:42:10.000Z","volume":4000,"label":" ","price":3.18},{"type":"A","date":"2018-03-26T07:42:10.000Z","volume":4000,"label":" ","price":3.18},{"type":"B","date":"2018-03-26T07:43:25.000Z","volume":4000,"label":" ","price":3.16},{"type":"A","date":"2018-03-26T07:43:41.000Z","volume":8000,"label":" ","price":3.19},{"type":"A","date":"2018-03-26T07:43:41.000Z","volume":4000,"label":" ","price":3.2},{"type":"A","date":"2018-03-26T07:44:44.000Z","volume":40000,"label":"Y","price":3.2},{"type":"A","date":"2018-03-26T07:56:17.000Z","volume":8000,"label":" ","price":3.19},{"type":"A","date":"2018-03-26T07:57:34.000Z","volume":4000,"label":" ","price":3.19},{"type":"B","date":"2018-03-26T07:59:17.000Z","volume":4000,"label":" ","price":3.16},{"type":"U","date":"2018-03-26T08:08:01.000Z","volume":12000,"label":"U","price":3.19}]