[{"type":"A","date":"2018-03-14T07:57:13.000Z","volume":20000,"price":15.24,"category":"ubbull"},{"type":"A","date":"2018-03-14T07:56:56.000Z","volume":20000,"price":15.24,"category":"ubbull"},{"type":"A","date":"2018-03-14T07:51:47.000Z","volume":20000,"price":15.24,"category":"ubbull"},{"type":"A","date":"2018-03-14T07:51:42.000Z","volume":39000,"price":15.24,"category":"ubbull"},{"type":"A","date":"2018-03-14T07:50:37.000Z","volume":30000,"price":15.24,"category":"ubbull"},{"type":"A","date":"2018-03-14T07:48:20.000Z","volume":23000,"price":15.28,"category":"ubbull"},{"type":"A","date":"2018-03-14T07:45:47.000Z","volume":42000,"price":15.2,"category":"ubbull"},{"type":"A","date":"2018-03-14T07:44:55.000Z","volume":40000,"price":15.2,"category":"ubbull"},{"type":"A","date":"2018-03-14T07:44:05.000Z","volume":48000,"price":15.2,"category":"ubbull"},{"type":"A","date":"2018-03-14T07:42:53.000Z","volume":16000,"price":15.2,"category":"ubbull"},{"type":"A","date":"2018-03-14T07:35:41.000Z","volume":40000,"price":15.2,"category":"ubbull"},{"type":"A","date":"2018-03-14T07:35:28.000Z","volume":50000,"price":15.2,"category":"ubbull"},{"type":"A","date":"2018-03-14T07:35:28.000Z","volume":48000,"price":15.2,"category":"ubbull"},{"type":"A","date":"2018-03-14T07:35:25.000Z","volume":20000,"price":15.2,"category":"ubbull"},{"type":"A","date":"2018-03-14T07:35:23.000Z","volume":24000,"price":15.2,"category":"ubbull"},{"type":"A","date":"2018-03-14T07:35:15.000Z","volume":27000,"price":15.2,"category":"ubbull"},{"type":"A","date":"2018-03-14T07:34:51.000Z","volume":44000,"price":15.2,"category":"ubbull"},{"type":"A","date":"2018-03-14T07:34:51.000Z","volume":23000,"price":15.2,"category":"ubbull"},{"type":"A","date":"2018-03-14T07:34:51.000Z","volume":35000,"price":15.2,"category":"ubbull"},{"type":"A","date":"2018-03-14T07:33:25.000Z","volume":20000,"price":15.2,"category":"ubbull"},{"type":"A","date":"2018-03-14T07:31:33.000Z","volume":18000,"price":15.2,"category":"ubbull"},{"type":"A","date":"2018-03-14T07:30:43.000Z","volume":30000,"price":15.2,"category":"ubbull"},{"type":"A","date":"2018-03-14T07:28:45.000Z","volume":26000,"price":15.2,"category":"ubbull"},{"type":"A","date":"2018-03-14T07:28:31.000Z","volume":20000,"price":15.2,"category":"ubbull"},{"type":"A","date":"2018-03-14T07:26:28.000Z","volume":20000,"price":15.2,"category":"ubbull"},{"type":"A","date":"2018-03-14T07:06:38.000Z","volume":47000,"price":15.14,"category":"ubbull"},{"type":"A","date":"2018-03-14T07:06:36.000Z","volume":125000,"price":15.1,"category":"ubbull"},{"type":"A","date":"2018-03-14T07:05:59.000Z","volume":154000,"price":15.1,"category":"ubbull"},{"type":"A","date":"2018-03-14T06:52:20.000Z","volume":35000,"price":15.28,"category":"ubbull"},{"type":"A","date":"2018-03-14T06:51:21.000Z","volume":21000,"price":15.26,"category":"ubbull"},{"type":"A","date":"2018-03-14T06:51:21.000Z","volume":26000,"price":15.24,"category":"ubbull"},{"type":"A","date":"2018-03-14T06:51:16.000Z","volume":30000,"price":15.24,"category":"ubbull"},{"type":"A","date":"2018-03-14T06:43:34.000Z","volume":30000,"price":15.24,"category":"ubbull"},{"type":"A","date":"2018-03-14T06:29:50.000Z","volume":18000,"price":15.34,"category":"ubbull"},{"type":"A","date":"2018-03-14T06:22:45.000Z","volume":25000,"price":15.34,"category":"ubbull"},{"type":"A","date":"2018-03-14T05:06:26.000Z","volume":21000,"price":15.34,"category":"ubbull"},{"type":"A","date":"2018-03-14T05:00:10.000Z","volume":20000,"price":15.32,"category":"ubbull"},{"type":"A","date":"2018-03-14T03:58:04.000Z","volume":36000,"price":15.32,"category":"ubbull"},{"type":"A","date":"2018-03-14T03:58:04.000Z","volume":54000,"price":15.3,"category":"ubbull"},{"type":"A","date":"2018-03-14T03:52:53.000Z","volume":20000,"price":15.26,"category":"ubbull"},{"type":"A","date":"2018-03-14T03:35:34.000Z","volume":21000,"price":15.28,"category":"ubbull"},{"type":"A","date":"2018-03-14T03:30:48.000Z","volume":26000,"price":15.26,"category":"ubbull"},{"type":"A","date":"2018-03-14T03:28:52.000Z","volume":20000,"price":15.26,"category":"ubbull"},{"type":"A","date":"2018-03-14T03:28:51.000Z","volume":39000,"price":15.26,"category":"ubbull"},{"type":"A","date":"2018-03-14T03:12:53.000Z","volume":22000,"price":15.28,"category":"ubbull"},{"type":"A","date":"2018-03-14T03:03:53.000Z","volume":25000,"price":15.32,"category":"ubbull"},{"type":"A","date":"2018-03-14T03:03:53.000Z","volume":18000,"price":15.32,"category":"ubbull"},{"type":"A","date":"2018-03-14T03:03:53.000Z","volume":21000,"price":15.3,"category":"ubbull"},{"type":"A","date":"2018-03-14T02:52:39.000Z","volume":22000,"price":15.36,"category":"ubbull"},{"type":"A","date":"2018-03-14T02:49:18.000Z","volume":20000,"price":15.3,"category":"ubbull"},{"type":"A","date":"2018-03-14T02:48:23.000Z","volume":21000,"price":15.26,"category":"ubbull"},{"type":"A","date":"2018-03-14T02:47:30.000Z","volume":16000,"price":15.22,"category":"ubbull"},{"type":"A","date":"2018-03-14T02:44:28.000Z","volume":38000,"price":15.2,"category":"ubbull"},{"type":"A","date":"2018-03-14T02:38:07.000Z","volume":19000,"price":15.2,"category":"ubbull"},{"type":"A","date":"2018-03-14T02:33:08.000Z","volume":44000,"price":15.2,"category":"ubbull"},{"type":"A","date":"2018-03-14T02:32:47.000Z","volume":78000,"price":15.2,"category":"ubbull"},{"type":"A","date":"2018-03-14T02:28:23.000Z","volume":20000,"price":15.2,"category":"ubbull"},{"type":"A","date":"2018-03-14T02:25:45.000Z","volume":26000,"price":15.2,"category":"ubbull"},{"type":"A","date":"2018-03-14T02:24:32.000Z","volume":22000,"price":15.2,"category":"ubbull"},{"type":"A","date":"2018-03-14T02:13:20.000Z","volume":22000,"price":15.3,"category":"ubbull"},{"type":"A","date":"2018-03-14T02:09:09.000Z","volume":30000,"price":15.28,"category":"ubbull"},{"type":"A","date":"2018-03-14T02:07:39.000Z","volume":23000,"price":15.26,"category":"ubbull"},{"type":"A","date":"2018-03-14T02:07:39.000Z","volume":21000,"price":15.26,"category":"ubbull"},{"type":"A","date":"2018-03-14T02:06:10.000Z","volume":20000,"price":15.24,"category":"ubbull"},{"type":"A","date":"2018-03-14T02:04:30.000Z","volume":31000,"price":15.24,"category":"ubbull"},{"type":"A","date":"2018-03-14T02:03:00.000Z","volume":31000,"price":15.22,"category":"ubbull"},{"type":"A","date":"2018-03-14T01:45:18.000Z","volume":20000,"price":15.3,"category":"ubbull"},{"type":"A","date":"2018-03-14T01:43:33.000Z","volume":26000,"price":15.34,"category":"ubbull"},{"type":"A","date":"2018-03-14T01:40:12.000Z","volume":16000,"price":15.34,"category":"ubbull"},{"type":"A","date":"2018-03-14T01:39:29.000Z","volume":16000,"price":15.32,"category":"ubbull"},{"type":"A","date":"2018-03-14T01:38:23.000Z","volume":16000,"price":15.28,"category":"ubbull"},{"type":"A","date":"2018-03-14T01:35:38.000Z","volume":20000,"price":15.18,"category":"ubbull"},{"type":"A","date":"2018-03-14T07:58:46.000Z","volume":10000,"price":15.24,"category":"bbull"},{"type":"A","date":"2018-03-14T07:58:36.000Z","volume":13000,"price":15.24,"category":"bbull"},{"type":"A","date":"2018-03-14T07:58:03.000Z","volume":10000,"price":15.24,"category":"bbull"},{"type":"A","date":"2018-03-14T07:54:58.000Z","volume":10000,"price":15.24,"category":"bbull"},{"type":"A","date":"2018-03-14T07:52:19.000Z","volume":10000,"price":15.24,"category":"bbull"},{"type":"A","date":"2018-03-14T07:51:56.000Z","volume":13000,"price":15.24,"category":"bbull"},{"type":"A","date":"2018-03-14T07:48:59.000Z","volume":10000,"price":15.26,"category":"bbull"},{"type":"A","date":"2018-03-14T07:48:20.000Z","volume":15000,"price":15.26,"category":"bbull"},{"type":"A","date":"2018-03-14T07:45:47.000Z","volume":8000,"price":15.2,"category":"bbull"},{"type":"A","date":"2018-03-14T07:45:10.000Z","volume":10000,"price":15.2,"category":"bbull"},{"type":"A","date":"2018-03-14T07:35:56.000Z","volume":10000,"price":15.2,"category":"bbull"},{"type":"A","date":"2018-03-14T07:35:52.000Z","volume":10000,"price":15.2,"category":"bbull"},{"type":"A","date":"2018-03-14T07:35:25.000Z","volume":14000,"price":15.22,"category":"bbull"},{"type":"A","date":"2018-03-14T07:33:29.000Z","volume":10000,"price":15.2,"category":"bbull"},{"type":"A","date":"2018-03-14T07:26:18.000Z","volume":10000,"price":15.2,"category":"bbull"},{"type":"A","date":"2018-03-14T07:22:40.000Z","volume":9000,"price":15.2,"category":"bbull"},{"type":"A","date":"2018-03-14T07:13:53.000Z","volume":10000,"price":15.18,"category":"bbull"},{"type":"A","date":"2018-03-14T07:12:01.000Z","volume":7000,"price":15.16,"category":"bbull"},{"type":"A","date":"2018-03-14T07:12:01.000Z","volume":10000,"price":15.16,"category":"bbull"},{"type":"A","date":"2018-03-14T07:06:36.000Z","volume":8000,"price":15.12,"category":"bbull"},{"type":"A","date":"2018-03-14T07:06:08.000Z","volume":10000,"price":15.1,"category":"bbull"},{"type":"A","date":"2018-03-14T07:05:53.000Z","volume":14000,"price":15.1,"category":"bbull"},{"type":"A","date":"2018-03-14T06:51:21.000Z","volume":14000,"price":15.24,"category":"bbull"},{"type":"A","date":"2018-03-14T06:43:34.000Z","volume":9000,"price":15.24,"category":"bbull"},{"type":"A","date":"2018-03-14T06:41:36.000Z","volume":11000,"price":15.24,"category":"bbull"},{"type":"A","date":"2018-03-14T06:27:55.000Z","volume":10000,"price":15.34,"category":"bbull"},{"type":"A","date":"2018-03-14T06:17:06.000Z","volume":7000,"price":15.34,"category":"bbull"},{"type":"A","date":"2018-03-14T06:16:49.000Z","volume":9000,"price":15.36,"category":"bbull"},{"type":"A","date":"2018-03-14T06:15:10.000Z","volume":10000,"price":15.34,"category":"bbull"},{"type":"A","date":"2018-03-14T06:15:10.000Z","volume":10000,"price":15.34,"category":"bbull"},{"type":"A","date":"2018-03-14T06:14:53.000Z","volume":10000,"price":15.34,"category":"bbull"},{"type":"A","date":"2018-03-14T06:09:21.000Z","volume":8000,"price":15.34,"category":"bbull"},{"type":"A","date":"2018-03-14T05:57:15.000Z","volume":10000,"price":15.32,"category":"bbull"},{"type":"A","date":"2018-03-14T05:53:17.000Z","volume":10000,"price":15.32,"category":"bbull"},{"type":"A","date":"2018-03-14T05:43:57.000Z","volume":12000,"price":15.32,"category":"bbull"},{"type":"A","date":"2018-03-14T05:43:57.000Z","volume":13000,"price":15.3,"category":"bbull"},{"type":"A","date":"2018-03-14T05:41:47.000Z","volume":10000,"price":15.3,"category":"bbull"},{"type":"A","date":"2018-03-14T05:02:17.000Z","volume":8000,"price":15.32,"category":"bbull"},{"type":"A","date":"2018-03-14T03:58:04.000Z","volume":10000,"price":15.28,"category":"bbull"},{"type":"A","date":"2018-03-14T03:52:54.000Z","volume":15000,"price":15.26,"category":"bbull"},{"type":"A","date":"2018-03-14T03:46:16.000Z","volume":10000,"price":15.24,"category":"bbull"},{"type":"A","date":"2018-03-14T03:31:10.000Z","volume":15000,"price":15.28,"category":"bbull"},{"type":"A","date":"2018-03-14T03:30:43.000Z","volume":10000,"price":15.26,"category":"bbull"},{"type":"A","date":"2018-03-14T03:23:34.000Z","volume":10000,"price":15.26,"category":"bbull"},{"type":"A","date":"2018-03-14T03:17:33.000Z","volume":10000,"price":15.28,"category":"bbull"},{"type":"A","date":"2018-03-14T03:12:55.000Z","volume":10000,"price":15.3,"category":"bbull"},{"type":"A","date":"2018-03-14T03:09:05.000Z","volume":10000,"price":15.28,"category":"bbull"},{"type":"A","date":"2018-03-14T03:08:32.000Z","volume":10000,"price":15.28,"category":"bbull"},{"type":"A","date":"2018-03-14T03:05:01.000Z","volume":10000,"price":15.34,"category":"bbull"},{"type":"A","date":"2018-03-14T03:03:05.000Z","volume":11000,"price":15.28,"category":"bbull"},{"type":"A","date":"2018-03-14T02:59:19.000Z","volume":7000,"price":15.38,"category":"bbull"},{"type":"A","date":"2018-03-14T02:59:19.000Z","volume":10000,"price":15.32,"category":"bbull"},{"type":"A","date":"2018-03-14T02:57:57.000Z","volume":10000,"price":15.38,"category":"bbull"},{"type":"A","date":"2018-03-14T02:56:53.000Z","volume":10000,"price":15.4,"category":"bbull"},{"type":"A","date":"2018-03-14T02:55:18.000Z","volume":10000,"price":15.42,"category":"bbull"},{"type":"A","date":"2018-03-14T02:53:25.000Z","volume":10000,"price":15.4,"category":"bbull"},{"type":"A","date":"2018-03-14T02:52:49.000Z","volume":10000,"price":15.4,"category":"bbull"},{"type":"A","date":"2018-03-14T02:50:22.000Z","volume":9000,"price":15.34,"category":"bbull"},{"type":"A","date":"2018-03-14T02:50:22.000Z","volume":11000,"price":15.32,"category":"bbull"},{"type":"A","date":"2018-03-14T02:48:23.000Z","volume":11000,"price":15.24,"category":"bbull"},{"type":"A","date":"2018-03-14T02:48:23.000Z","volume":15000,"price":15.24,"category":"bbull"},{"type":"A","date":"2018-03-14T02:44:51.000Z","volume":13000,"price":15.22,"category":"bbull"},{"type":"A","date":"2018-03-14T02:44:27.000Z","volume":13000,"price":15.2,"category":"bbull"},{"type":"A","date":"2018-03-14T02:33:25.000Z","volume":10000,"price":15.24,"category":"bbull"},{"type":"A","date":"2018-03-14T02:33:08.000Z","volume":7000,"price":15.22,"category":"bbull"},{"type":"A","date":"2018-03-14T02:32:47.000Z","volume":10000,"price":15.2,"category":"bbull"},{"type":"A","date":"2018-03-14T02:28:25.000Z","volume":7000,"price":15.2,"category":"bbull"},{"type":"A","date":"2018-03-14T02:24:56.000Z","volume":13000,"price":15.2,"category":"bbull"},{"type":"A","date":"2018-03-14T02:24:34.000Z","volume":11000,"price":15.18,"category":"bbull"},{"type":"A","date":"2018-03-14T02:24:20.000Z","volume":15000,"price":15.22,"category":"bbull"},{"type":"A","date":"2018-03-14T02:24:18.000Z","volume":7000,"price":15.2,"category":"bbull"},{"type":"A","date":"2018-03-14T02:24:17.000Z","volume":13000,"price":15.2,"category":"bbull"},{"type":"A","date":"2018-03-14T02:22:53.000Z","volume":10000,"price":15.28,"category":"bbull"},{"type":"A","date":"2018-03-14T02:16:31.000Z","volume":10000,"price":15.36,"category":"bbull"},{"type":"A","date":"2018-03-14T02:13:42.000Z","volume":10000,"price":15.34,"category":"bbull"},{"type":"A","date":"2018-03-14T02:13:23.000Z","volume":13000,"price":15.32,"category":"bbull"},{"type":"A","date":"2018-03-14T02:10:10.000Z","volume":14000,"price":15.32,"category":"bbull"},{"type":"A","date":"2018-03-14T02:09:10.000Z","volume":9000,"price":15.3,"category":"bbull"},{"type":"A","date":"2018-03-14T02:07:26.000Z","volume":10000,"price":15.24,"category":"bbull"},{"type":"A","date":"2018-03-14T02:06:44.000Z","volume":12000,"price":15.26,"category":"bbull"},{"type":"A","date":"2018-03-14T01:57:48.000Z","volume":9000,"price":15.2,"category":"bbull"},{"type":"A","date":"2018-03-14T01:57:48.000Z","volume":10000,"price":15.2,"category":"bbull"},{"type":"A","date":"2018-03-14T01:50:49.000Z","volume":13000,"price":15.26,"category":"bbull"},{"type":"A","date":"2018-03-14T01:44:56.000Z","volume":15000,"price":15.32,"category":"bbull"},{"type":"A","date":"2018-03-14T01:41:38.000Z","volume":15000,"price":15.32,"category":"bbull"},{"type":"A","date":"2018-03-14T01:39:54.000Z","volume":7000,"price":15.34,"category":"bbull"},{"type":"A","date":"2018-03-14T01:39:04.000Z","volume":10000,"price":15.3,"category":"bbull"},{"type":"A","date":"2018-03-14T01:37:10.000Z","volume":13000,"price":15.26,"category":"bbull"},{"type":"A","date":"2018-03-14T01:35:41.000Z","volume":14000,"price":15.2,"category":"bbull"},{"type":"A","date":"2018-03-14T01:35:38.000Z","volume":8000,"price":15.18,"category":"bbull"},{"type":"A","date":"2018-03-14T01:31:50.000Z","volume":12000,"price":15.16,"category":"bbull"},{"type":"A","date":"2018-03-14T07:59:56.000Z","volume":1000,"price":15.22,"category":"rbull"},{"type":"A","date":"2018-03-14T07:59:51.000Z","volume":1000,"price":15.22,"category":"rbull"},{"type":"A","date":"2018-03-14T07:59:44.000Z","volume":1000,"price":15.24,"category":"rbull"},{"type":"A","date":"2018-03-14T07:59:43.000Z","volume":1000,"price":15.24,"category":"rbull"},{"type":"A","date":"2018-03-14T07:59:37.000Z","volume":1000,"price":15.24,"category":"rbull"},{"type":"A","date":"2018-03-14T07:59:32.000Z","volume":1000,"price":15.24,"category":"rbull"},{"type":"A","date":"2018-03-14T07:59:32.000Z","volume":1000,"price":15.24,"category":"rbull"},{"type":"A","date":"2018-03-14T07:59:32.000Z","volume":1000,"price":15.24,"category":"rbull"},{"type":"A","date":"2018-03-14T07:59:24.000Z","volume":1000,"price":15.24,"category":"rbull"},{"type":"A","date":"2018-03-14T07:59:24.000Z","volume":1000,"price":15.24,"category":"rbull"},{"type":"A","date":"2018-03-14T07:59:13.000Z","volume":1000,"price":15.24,"category":"rbull"},{"type":"A","date":"2018-03-14T07:58:42.000Z","volume":1000,"price":15.24,"category":"rbull"},{"type":"A","date":"2018-03-14T07:58:38.000Z","volume":1000,"price":15.24,"category":"rbull"},{"type":"A","date":"2018-03-14T07:58:35.000Z","volume":1000,"price":15.24,"category":"rbull"},{"type":"A","date":"2018-03-14T07:58:32.000Z","volume":1000,"price":15.24,"category":"rbull"},{"type":"A","date":"2018-03-14T07:58:32.000Z","volume":1000,"price":15.24,"category":"rbull"},{"type":"A","date":"2018-03-14T07:58:31.000Z","volume":1000,"price":15.24,"category":"rbull"},{"type":"A","date":"2018-03-14T07:58:31.000Z","volume":1000,"price":15.24,"category":"rbull"},{"type":"A","date":"2018-03-14T07:58:28.000Z","volume":1000,"price":15.24,"category":"rbull"},{"type":"A","date":"2018-03-14T07:58:25.000Z","volume":1000,"price":15.24,"category":"rbull"},{"type":"A","date":"2018-03-14T07:58:15.000Z","volume":1000,"price":15.24,"category":"rbull"},{"type":"A","date":"2018-03-14T07:58:13.000Z","volume":1000,"price":15.24,"category":"rbull"},{"type":"A","date":"2018-03-14T07:58:11.000Z","volume":1000,"price":15.24,"category":"rbull"},{"type":"A","date":"2018-03-14T07:58:09.000Z","volume":1000,"price":15.24,"category":"rbull"},{"type":"A","date":"2018-03-14T07:58:06.000Z","volume":1000,"price":15.24,"category":"rbull"},{"type":"A","date":"2018-03-14T07:58:04.000Z","volume":1000,"price":15.24,"category":"rbull"},{"type":"A","date":"2018-03-14T07:58:01.000Z","volume":1000,"price":15.24,"category":"rbull"},{"type":"A","date":"2018-03-14T07:58:01.000Z","volume":1000,"price":15.24,"category":"rbull"},{"type":"A","date":"2018-03-14T07:57:41.000Z","volume":1000,"price":15.24,"category":"rbull"},{"type":"A","date":"2018-03-14T07:56:59.000Z","volume":1000,"price":15.24,"category":"rbull"},{"type":"A","date":"2018-03-14T07:56:52.000Z","volume":1000,"price":15.24,"category":"rbull"},{"type":"A","date":"2018-03-14T07:56:51.000Z","volume":1000,"price":15.24,"category":"rbull"},{"type":"A","date":"2018-03-14T07:56:46.000Z","volume":1000,"price":15.24,"category":"rbull"},{"type":"A","date":"2018-03-14T07:56:42.000Z","volume":1000,"price":15.24,"category":"rbull"},{"type":"A","date":"2018-03-14T07:56:41.000Z","volume":1000,"price":15.24,"category":"rbull"},{"type":"A","date":"2018-03-14T07:56:39.000Z","volume":1000,"price":15.24,"category":"rbull"},{"type":"A","date":"2018-03-14T07:56:36.000Z","volume":1000,"price":15.24,"category":"rbull"},{"type":"A","date":"2018-03-14T07:56:33.000Z","volume":1000,"price":15.24,"category":"rbull"},{"type":"A","date":"2018-03-14T07:56:31.000Z","volume":1000,"price":15.24,"category":"rbull"},{"type":"A","date":"2018-03-14T07:56:28.000Z","volume":1000,"price":15.24,"category":"rbull"},{"type":"A","date":"2018-03-14T07:56:26.000Z","volume":1000,"price":15.24,"category":"rbull"},{"type":"A","date":"2018-03-14T07:56:23.000Z","volume":1000,"price":15.24,"category":"rbull"},{"type":"A","date":"2018-03-14T07:56:20.000Z","volume":1000,"price":15.24,"category":"rbull"},{"type":"A","date":"2018-03-14T07:56:20.000Z","volume":1000,"price":15.24,"category":"rbull"},{"type":"A","date":"2018-03-14T07:56:16.000Z","volume":1000,"price":15.24,"category":"rbull"},{"type":"A","date":"2018-03-14T07:56:13.000Z","volume":1000,"price":15.24,"category":"rbull"},{"type":"A","date":"2018-03-14T07:56:11.000Z","volume":1000,"price":15.24,"category":"rbull"},{"type":"A","date":"2018-03-14T07:56:08.000Z","volume":1000,"price":15.24,"category":"rbull"},{"type":"A","date":"2018-03-14T07:55:53.000Z","volume":1000,"price":15.24,"category":"rbull"},{"type":"A","date":"2018-03-14T07:55:50.000Z","volume":1000,"price":15.24,"category":"rbull"},{"type":"A","date":"2018-03-14T07:55:47.000Z","volume":1000,"price":15.24,"category":"rbull"},{"type":"A","date":"2018-03-14T07:55:44.000Z","volume":1000,"price":15.24,"category":"rbull"},{"type":"A","date":"2018-03-14T07:55:41.000Z","volume":1000,"price":15.24,"category":"rbull"},{"type":"A","date":"2018-03-14T07:55:38.000Z","volume":1000,"price":15.24,"category":"rbull"},{"type":"A","date":"2018-03-14T07:55:36.000Z","volume":1000,"price":15.24,"category":"rbull"},{"type":"A","date":"2018-03-14T07:55:33.000Z","volume":1000,"price":15.24,"category":"rbull"},{"type":"A","date":"2018-03-14T07:55:30.000Z","volume":1000,"price":15.24,"category":"rbull"},{"type":"A","date":"2018-03-14T07:55:28.000Z","volume":1000,"price":15.24,"category":"rbull"},{"type":"A","date":"2018-03-14T07:55:27.000Z","volume":1000,"price":15.24,"category":"rbull"},{"type":"A","date":"2018-03-14T07:55:26.000Z","volume":1000,"price":15.24,"category":"rbull"},{"type":"A","date":"2018-03-14T07:55:08.000Z","volume":1000,"price":15.24,"category":"rbull"},{"type":"A","date":"2018-03-14T07:55:06.000Z","volume":1000,"price":15.24,"category":"rbull"},{"type":"A","date":"2018-03-14T07:55:04.000Z","volume":1000,"price":15.24,"category":"rbull"},{"type":"A","date":"2018-03-14T07:55:01.000Z","volume":1000,"price":15.24,"category":"rbull"},{"type":"A","date":"2018-03-14T07:54:58.000Z","volume":1000,"price":15.24,"category":"rbull"},{"type":"A","date":"2018-03-14T07:54:57.000Z","volume":1000,"price":15.24,"category":"rbull"},{"type":"A","date":"2018-03-14T07:54:56.000Z","volume":1000,"price":15.24,"category":"rbull"},{"type":"A","date":"2018-03-14T07:54:53.000Z","volume":1000,"price":15.24,"category":"rbull"},{"type":"A","date":"2018-03-14T07:54:52.000Z","volume":1000,"price":15.24,"category":"rbull"},{"type":"A","date":"2018-03-14T07:54:49.000Z","volume":1000,"price":15.24,"category":"rbull"},{"type":"A","date":"2018-03-14T07:54:47.000Z","volume":1000,"price":15.24,"category":"rbull"},{"type":"A","date":"2018-03-14T07:54:44.000Z","volume":1000,"price":15.24,"category":"rbull"},{"type":"A","date":"2018-03-14T07:54:42.000Z","volume":1000,"price":15.24,"category":"rbull"},{"type":"A","date":"2018-03-14T07:54:39.000Z","volume":1000,"price":15.24,"category":"rbull"},{"type":"A","date":"2018-03-14T07:54:36.000Z","volume":1000,"price":15.24,"category":"rbull"},{"type":"A","date":"2018-03-14T07:54:36.000Z","volume":1000,"price":15.24,"category":"rbull"},{"type":"A","date":"2018-03-14T07:54:34.000Z","volume":1000,"price":15.24,"category":"rbull"},{"type":"A","date":"2018-03-14T07:54:31.000Z","volume":1000,"price":15.24,"category":"rbull"},{"type":"A","date":"2018-03-14T07:54:28.000Z","volume":1000,"price":15.24,"category":"rbull"},{"type":"A","date":"2018-03-14T07:54:25.000Z","volume":1000,"price":15.24,"category":"rbull"},{"type":"A","date":"2018-03-14T07:54:22.000Z","volume":1000,"price":15.24,"category":"rbull"},{"type":"A","date":"2018-03-14T07:54:19.000Z","volume":1000,"price":15.24,"category":"rbull"},{"type":"A","date":"2018-03-14T07:54:16.000Z","volume":1000,"price":15.24,"category":"rbull"},{"type":"A","date":"2018-03-14T07:54:15.000Z","volume":1000,"price":15.24,"category":"rbull"},{"type":"A","date":"2018-03-14T07:54:13.000Z","volume":1000,"price":15.24,"category":"rbull"},{"type":"A","date":"2018-03-14T07:54:11.000Z","volume":1000,"price":15.24,"category":"rbull"},{"type":"A","date":"2018-03-14T07:54:07.000Z","volume":1000,"price":15.24,"category":"rbull"},{"type":"A","date":"2018-03-14T07:54:05.000Z","volume":1000,"price":15.24,"category":"rbull"},{"type":"A","date":"2018-03-14T07:54:01.000Z","volume":1000,"price":15.24,"category":"rbull"},{"type":"A","date":"2018-03-14T07:54:00.000Z","volume":1000,"price":15.24,"category":"rbull"},{"type":"A","date":"2018-03-14T07:53:59.000Z","volume":1000,"price":15.24,"category":"rbull"},{"type":"A","date":"2018-03-14T07:53:56.000Z","volume":1000,"price":15.24,"category":"rbull"},{"type":"A","date":"2018-03-14T07:53:53.000Z","volume":1000,"price":15.24,"category":"rbull"},{"type":"A","date":"2018-03-14T07:53:52.000Z","volume":1000,"price":15.24,"category":"rbull"},{"type":"A","date":"2018-03-14T07:53:49.000Z","volume":1000,"price":15.24,"category":"rbull"},{"type":"A","date":"2018-03-14T07:53:47.000Z","volume":1000,"price":15.24,"category":"rbull"},{"type":"A","date":"2018-03-14T07:53:44.000Z","volume":1000,"price":15.24,"category":"rbull"},{"type":"A","date":"2018-03-14T07:53:41.000Z","volume":1000,"price":15.24,"category":"rbull"},{"type":"A","date":"2018-03-14T07:53:39.000Z","volume":1000,"price":15.24,"category":"rbull"},{"type":"A","date":"2018-03-14T07:53:35.000Z","volume":1000,"price":15.24,"category":"rbull"},{"type":"A","date":"2018-03-14T07:53:33.000Z","volume":1000,"price":15.24,"category":"rbull"},{"type":"A","date":"2018-03-14T07:53:25.000Z","volume":1000,"price":15.24,"category":"rbull"},{"type":"A","date":"2018-03-14T07:53:04.000Z","volume":1000,"price":15.24,"category":"rbull"},{"type":"A","date":"2018-03-14T07:53:03.000Z","volume":1000,"price":15.24,"category":"rbull"},{"type":"A","date":"2018-03-14T07:53:00.000Z","volume":1000,"price":15.24,"category":"rbull"},{"type":"A","date":"2018-03-14T07:52:57.000Z","volume":1000,"price":15.24,"category":"rbull"},{"type":"A","date":"2018-03-14T07:52:55.000Z","volume":1000,"price":15.24,"category":"rbull"},{"type":"A","date":"2018-03-14T07:52:51.000Z","volume":1000,"price":15.24,"category":"rbull"},{"type":"A","date":"2018-03-14T07:52:49.000Z","volume":1000,"price":15.24,"category":"rbull"},{"type":"A","date":"2018-03-14T07:52:46.000Z","volume":1000,"price":15.24,"category":"rbull"},{"type":"A","date":"2018-03-14T07:52:43.000Z","volume":1000,"price":15.24,"category":"rbull"},{"type":"A","date":"2018-03-14T07:52:40.000Z","volume":1000,"price":15.24,"category":"rbull"},{"type":"A","date":"2018-03-14T07:52:37.000Z","volume":1000,"price":15.24,"category":"rbull"},{"type":"A","date":"2018-03-14T07:52:34.000Z","volume":1000,"price":15.24,"category":"rbull"},{"type":"A","date":"2018-03-14T07:52:31.000Z","volume":1000,"price":15.24,"category":"rbull"},{"type":"A","date":"2018-03-14T07:52:28.000Z","volume":1000,"price":15.24,"category":"rbull"},{"type":"A","date":"2018-03-14T07:52:25.000Z","volume":1000,"price":15.24,"category":"rbull"},{"type":"A","date":"2018-03-14T07:52:22.000Z","volume":1000,"price":15.24,"category":"rbull"},{"type":"A","date":"2018-03-14T07:52:20.000Z","volume":1000,"price":15.24,"category":"rbull"},{"type":"A","date":"2018-03-14T07:52:19.000Z","volume":1000,"price":15.24,"category":"rbull"},{"type":"A","date":"2018-03-14T07:52:17.000Z","volume":1000,"price":15.24,"category":"rbull"},{"type":"A","date":"2018-03-14T07:52:14.000Z","volume":1000,"price":15.24,"category":"rbull"},{"type":"A","date":"2018-03-14T07:52:11.000Z","volume":1000,"price":15.24,"category":"rbull"},{"type":"A","date":"2018-03-14T07:52:09.000Z","volume":1000,"price":15.24,"category":"rbull"},{"type":"A","date":"2018-03-14T07:52:08.000Z","volume":1000,"price":15.24,"category":"rbull"},{"type":"A","date":"2018-03-14T07:52:06.000Z","volume":1000,"price":15.24,"category":"rbull"},{"type":"A","date":"2018-03-14T07:52:04.000Z","volume":1000,"price":15.24,"category":"rbull"},{"type":"A","date":"2018-03-14T07:52:03.000Z","volume":1000,"price":15.24,"category":"rbull"},{"type":"A","date":"2018-03-14T07:51:59.000Z","volume":1000,"price":15.24,"category":"rbull"},{"type":"A","date":"2018-03-14T07:51:59.000Z","volume":1000,"price":15.24,"category":"rbull"},{"type":"A","date":"2018-03-14T07:51:57.000Z","volume":1000,"price":15.24,"category":"rbull"},{"type":"A","date":"2018-03-14T07:51:54.000Z","volume":1000,"price":15.24,"category":"rbull"},{"type":"A","date":"2018-03-14T07:51:53.000Z","volume":1000,"price":15.24,"category":"rbull"},{"type":"A","date":"2018-03-14T07:51:48.000Z","volume":1000,"price":15.24,"category":"rbull"},{"type":"A","date":"2018-03-14T07:51:46.000Z","volume":1000,"price":15.24,"category":"rbull"},{"type":"A","date":"2018-03-14T07:51:42.000Z","volume":1000,"price":15.24,"category":"rbull"},{"type":"A","date":"2018-03-14T07:51:41.000Z","volume":1000,"price":15.24,"category":"rbull"},{"type":"A","date":"2018-03-14T07:51:38.000Z","volume":1000,"price":15.24,"category":"rbull"},{"type":"A","date":"2018-03-14T07:51:35.000Z","volume":1000,"price":15.24,"category":"rbull"},{"type":"A","date":"2018-03-14T07:51:32.000Z","volume":1000,"price":15.24,"category":"rbull"},{"type":"A","date":"2018-03-14T07:51:30.000Z","volume":1000,"price":15.24,"category":"rbull"},{"type":"A","date":"2018-03-14T07:51:27.000Z","volume":1000,"price":15.24,"category":"rbull"},{"type":"A","date":"2018-03-14T07:51:26.000Z","volume":1000,"price":15.24,"category":"rbull"},{"type":"A","date":"2018-03-14T07:51:24.000Z","volume":1000,"price":15.24,"category":"rbull"},{"type":"A","date":"2018-03-14T07:51:15.000Z","volume":1000,"price":15.24,"category":"rbull"},{"type":"A","date":"2018-03-14T07:51:13.000Z","volume":1000,"price":15.24,"category":"rbull"},{"type":"A","date":"2018-03-14T07:51:09.000Z","volume":1000,"price":15.24,"category":"rbull"},{"type":"A","date":"2018-03-14T07:51:09.000Z","volume":1000,"price":15.24,"category":"rbull"},{"type":"A","date":"2018-03-14T07:50:37.000Z","volume":1000,"price":15.24,"category":"rbull"},{"type":"A","date":"2018-03-14T07:49:47.000Z","volume":1000,"price":15.24,"category":"rbull"},{"type":"A","date":"2018-03-14T07:49:46.000Z","volume":1000,"price":15.24,"category":"rbull"},{"type":"A","date":"2018-03-14T07:48:40.000Z","volume":1000,"price":15.26,"category":"rbull"},{"type":"A","date":"2018-03-14T07:48:29.000Z","volume":1000,"price":15.24,"category":"rbull"},{"type":"A","date":"2018-03-14T07:48:05.000Z","volume":1000,"price":15.28,"category":"rbull"},{"type":"A","date":"2018-03-14T07:48:00.000Z","volume":1000,"price":15.28,"category":"rbull"},{"type":"A","date":"2018-03-14T07:47:53.000Z","volume":1000,"price":15.28,"category":"rbull"},{"type":"A","date":"2018-03-14T07:47:45.000Z","volume":1000,"price":15.28,"category":"rbull"},{"type":"A","date":"2018-03-14T07:47:36.000Z","volume":1000,"price":15.26,"category":"rbull"},{"type":"A","date":"2018-03-14T07:47:36.000Z","volume":1000,"price":15.26,"category":"rbull"},{"type":"A","date":"2018-03-14T07:47:29.000Z","volume":1000,"price":15.26,"category":"rbull"},{"type":"A","date":"2018-03-14T07:47:15.000Z","volume":1000,"price":15.26,"category":"rbull"},{"type":"A","date":"2018-03-14T07:46:55.000Z","volume":1000,"price":15.26,"category":"rbull"},{"type":"A","date":"2018-03-14T07:46:47.000Z","volume":1000,"price":15.26,"category":"rbull"},{"type":"A","date":"2018-03-14T07:46:34.000Z","volume":1000,"price":15.26,"category":"rbull"},{"type":"A","date":"2018-03-14T07:46:23.000Z","volume":1000,"price":15.24,"category":"rbull"},{"type":"A","date":"2018-03-14T07:46:15.000Z","volume":1000,"price":15.22,"category":"rbull"},{"type":"A","date":"2018-03-14T07:46:14.000Z","volume":1000,"price":15.22,"category":"rbull"},{"type":"A","date":"2018-03-14T07:46:10.000Z","volume":1000,"price":15.22,"category":"rbull"},{"type":"A","date":"2018-03-14T07:46:07.000Z","volume":1000,"price":15.22,"category":"rbull"},{"type":"A","date":"2018-03-14T07:45:54.000Z","volume":1000,"price":15.22,"category":"rbull"},{"type":"A","date":"2018-03-14T07:45:53.000Z","volume":1000,"price":15.22,"category":"rbull"},{"type":"A","date":"2018-03-14T07:45:51.000Z","volume":1000,"price":15.22,"category":"rbull"},{"type":"A","date":"2018-03-14T07:45:24.000Z","volume":1000,"price":15.2,"category":"rbull"},{"type":"A","date":"2018-03-14T07:45:04.000Z","volume":1000,"price":15.2,"category":"rbull"},{"type":"A","date":"2018-03-14T07:44:44.000Z","volume":1000,"price":15.2,"category":"rbull"},{"type":"A","date":"2018-03-14T07:44:41.000Z","volume":1000,"price":15.2,"category":"rbull"},{"type":"A","date":"2018-03-14T07:44:24.000Z","volume":1000,"price":15.2,"category":"rbull"},{"type":"A","date":"2018-03-14T07:44:16.000Z","volume":1000,"price":15.2,"category":"rbull"},{"type":"A","date":"2018-03-14T07:44:04.000Z","volume":1000,"price":15.2,"category":"rbull"},{"type":"A","date":"2018-03-14T07:43:34.000Z","volume":1000,"price":15.2,"category":"rbull"},{"type":"A","date":"2018-03-14T07:43:16.000Z","volume":1000,"price":15.2,"category":"rbull"},{"type":"A","date":"2018-03-14T07:43:14.000Z","volume":1000,"price":15.2,"category":"rbull"},{"type":"A","date":"2018-03-14T07:42:53.000Z","volume":1000,"price":15.2,"category":"rbull"},{"type":"A","date":"2018-03-14T07:42:52.000Z","volume":1000,"price":15.2,"category":"rbull"},{"type":"A","date":"2018-03-14T07:42:33.000Z","volume":1000,"price":15.2,"category":"rbull"},{"type":"A","date":"2018-03-14T07:42:12.000Z","volume":1000,"price":15.2,"category":"rbull"},{"type":"A","date":"2018-03-14T07:41:52.000Z","volume":1000,"price":15.2,"category":"rbull"},{"type":"A","date":"2018-03-14T07:41:47.000Z","volume":1000,"price":15.2,"category":"rbull"},{"type":"A","date":"2018-03-14T07:41:39.000Z","volume":1000,"price":15.2,"category":"rbull"},{"type":"A","date":"2018-03-14T07:41:22.000Z","volume":1000,"price":15.2,"category":"rbull"},{"type":"A","date":"2018-03-14T07:41:15.000Z","volume":1000,"price":15.2,"category":"rbull"},{"type":"A","date":"2018-03-14T07:41:02.000Z","volume":1000,"price":15.2,"category":"rbull"},{"type":"A","date":"2018-03-14T07:40:42.000Z","volume":1000,"price":15.2,"category":"rbull"},{"type":"A","date":"2018-03-14T07:40:22.000Z","volume":1000,"price":15.2,"category":"rbull"},{"type":"A","date":"2018-03-14T07:40:04.000Z","volume":1000,"price":15.2,"category":"rbull"},{"type":"A","date":"2018-03-14T07:40:02.000Z","volume":1000,"price":15.2,"category":"rbull"},{"type":"A","date":"2018-03-14T07:40:02.000Z","volume":1000,"price":15.2,"category":"rbull"},{"type":"A","date":"2018-03-14T07:39:38.000Z","volume":1000,"price":15.2,"category":"rbull"},{"type":"A","date":"2018-03-14T07:39:31.000Z","volume":1000,"price":15.2,"category":"rbull"},{"type":"A","date":"2018-03-14T07:39:11.000Z","volume":1000,"price":15.2,"category":"rbull"},{"type":"A","date":"2018-03-14T07:39:00.000Z","volume":1000,"price":15.2,"category":"rbull"},{"type":"A","date":"2018-03-14T07:38:51.000Z","volume":1000,"price":15.2,"category":"rbull"},{"type":"A","date":"2018-03-14T07:38:31.000Z","volume":1000,"price":15.2,"category":"rbull"},{"type":"A","date":"2018-03-14T07:38:26.000Z","volume":1000,"price":15.2,"category":"rbull"},{"type":"A","date":"2018-03-14T07:38:11.000Z","volume":1000,"price":15.2,"category":"rbull"},{"type":"A","date":"2018-03-14T07:38:02.000Z","volume":1000,"price":15.2,"category":"rbull"},{"type":"A","date":"2018-03-14T07:37:20.000Z","volume":1000,"price":15.2,"category":"rbull"},{"type":"A","date":"2018-03-14T07:37:02.000Z","volume":1000,"price":15.2,"category":"rbull"},{"type":"A","date":"2018-03-14T07:36:59.000Z","volume":1000,"price":15.2,"category":"rbull"},{"type":"A","date":"2018-03-14T07:36:39.000Z","volume":1000,"price":15.2,"category":"rbull"},{"type":"A","date":"2018-03-14T07:36:39.000Z","volume":1000,"price":15.2,"category":"rbull"},{"type":"A","date":"2018-03-14T07:36:38.000Z","volume":1000,"price":15.2,"category":"rbull"},{"type":"A","date":"2018-03-14T07:36:18.000Z","volume":1000,"price":15.2,"category":"rbull"},{"type":"A","date":"2018-03-14T07:36:13.000Z","volume":1000,"price":15.2,"category":"rbull"},{"type":"A","date":"2018-03-14T07:35:58.000Z","volume":1000,"price":15.2,"category":"rbull"},{"type":"A","date":"2018-03-14T07:35:47.000Z","volume":1000,"price":15.2,"category":"rbull"},{"type":"A","date":"2018-03-14T07:35:26.000Z","volume":1000,"price":15.2,"category":"rbull"},{"type":"A","date":"2018-03-14T07:35:26.000Z","volume":1000,"price":15.2,"category":"rbull"},{"type":"A","date":"2018-03-14T07:35:25.000Z","volume":1000,"price":15.2,"category":"rbull"},{"type":"A","date":"2018-03-14T07:35:25.000Z","volume":1000,"price":15.2,"category":"rbull"},{"type":"A","date":"2018-03-14T07:35:08.000Z","volume":1000,"price":15.2,"category":"rbull"},{"type":"A","date":"2018-03-14T07:35:07.000Z","volume":1000,"price":15.2,"category":"rbull"},{"type":"A","date":"2018-03-14T07:35:06.000Z","volume":1000,"price":15.2,"category":"rbull"},{"type":"A","date":"2018-03-14T07:35:00.000Z","volume":1000,"price":15.2,"category":"rbull"},{"type":"A","date":"2018-03-14T07:34:51.000Z","volume":1000,"price":15.2,"category":"rbull"},{"type":"A","date":"2018-03-14T07:34:51.000Z","volume":1000,"price":15.2,"category":"rbull"},{"type":"A","date":"2018-03-14T07:34:46.000Z","volume":1000,"price":15.2,"category":"rbull"},{"type":"A","date":"2018-03-14T07:34:17.000Z","volume":1000,"price":15.2,"category":"rbull"},{"type":"A","date":"2018-03-14T07:34:16.000Z","volume":1000,"price":15.2,"category":"rbull"},{"type":"A","date":"2018-03-14T07:33:56.000Z","volume":1000,"price":15.2,"category":"rbull"},{"type":"A","date":"2018-03-14T07:33:49.000Z","volume":1000,"price":15.2,"category":"rbull"},{"type":"A","date":"2018-03-14T07:33:48.000Z","volume":1000,"price":15.2,"category":"rbull"},{"type":"A","date":"2018-03-14T07:33:40.000Z","volume":1000,"price":15.2,"category":"rbull"},{"type":"A","date":"2018-03-14T07:33:36.000Z","volume":1000,"price":15.2,"category":"rbull"},{"type":"A","date":"2018-03-14T07:33:24.000Z","volume":1000,"price":15.2,"category":"rbull"},{"type":"A","date":"2018-03-14T07:33:24.000Z","volume":1000,"price":15.2,"category":"rbull"},{"type":"A","date":"2018-03-14T07:33:06.000Z","volume":1000,"price":15.2,"category":"rbull"},{"type":"A","date":"2018-03-14T07:33:00.000Z","volume":1000,"price":15.2,"category":"rbull"},{"type":"A","date":"2018-03-14T07:32:46.000Z","volume":1000,"price":15.2,"category":"rbull"},{"type":"A","date":"2018-03-14T07:32:30.000Z","volume":1000,"price":15.2,"category":"rbull"},{"type":"A","date":"2018-03-14T07:32:26.000Z","volume":1000,"price":15.2,"category":"rbull"},{"type":"A","date":"2018-03-14T07:32:11.000Z","volume":1000,"price":15.2,"category":"rbull"},{"type":"A","date":"2018-03-14T07:32:08.000Z","volume":1000,"price":15.2,"category":"rbull"},{"type":"A","date":"2018-03-14T07:31:56.000Z","volume":1000,"price":15.2,"category":"rbull"},{"type":"A","date":"2018-03-14T07:31:54.000Z","volume":1000,"price":15.2,"category":"rbull"},{"type":"A","date":"2018-03-14T07:31:52.000Z","volume":1000,"price":15.2,"category":"rbull"},{"type":"A","date":"2018-03-14T07:31:47.000Z","volume":1000,"price":15.2,"category":"rbull"},{"type":"A","date":"2018-03-14T07:31:35.000Z","volume":1000,"price":15.2,"category":"rbull"},{"type":"A","date":"2018-03-14T07:31:28.000Z","volume":1000,"price":15.2,"category":"rbull"},{"type":"A","date":"2018-03-14T07:31:15.000Z","volume":1000,"price":15.2,"category":"rbull"},{"type":"A","date":"2018-03-14T07:30:45.000Z","volume":1000,"price":15.2,"category":"rbull"},{"type":"A","date":"2018-03-14T07:30:35.000Z","volume":1000,"price":15.2,"category":"rbull"},{"type":"A","date":"2018-03-14T07:30:25.000Z","volume":1000,"price":15.2,"category":"rbull"},{"type":"A","date":"2018-03-14T07:30:23.000Z","volume":1000,"price":15.2,"category":"rbull"},{"type":"A","date":"2018-03-14T07:30:05.000Z","volume":1000,"price":15.2,"category":"rbull"},{"type":"A","date":"2018-03-14T07:30:00.000Z","volume":1000,"price":15.2,"category":"rbull"},{"type":"A","date":"2018-03-14T07:29:35.000Z","volume":1000,"price":15.2,"category":"rbull"},{"type":"A","date":"2018-03-14T07:29:15.000Z","volume":1000,"price":15.2,"category":"rbull"},{"type":"A","date":"2018-03-14T07:29:10.000Z","volume":1000,"price":15.2,"category":"rbull"},{"type":"A","date":"2018-03-14T07:28:46.000Z","volume":1000,"price":15.2,"category":"rbull"},{"type":"A","date":"2018-03-14T07:28:46.000Z","volume":1000,"price":15.2,"category":"rbull"},{"type":"A","date":"2018-03-14T07:28:46.000Z","volume":1000,"price":15.2,"category":"rbull"},{"type":"A","date":"2018-03-14T07:28:45.000Z","volume":1000,"price":15.2,"category":"rbull"},{"type":"A","date":"2018-03-14T07:28:24.000Z","volume":1000,"price":15.2,"category":"rbull"},{"type":"A","date":"2018-03-14T07:27:54.000Z","volume":1000,"price":15.2,"category":"rbull"},{"type":"A","date":"2018-03-14T07:27:40.000Z","volume":1000,"price":15.2,"category":"rbull"},{"type":"A","date":"2018-03-14T07:27:34.000Z","volume":1000,"price":15.2,"category":"rbull"},{"type":"A","date":"2018-03-14T07:27:33.000Z","volume":1000,"price":15.2,"category":"rbull"},{"type":"A","date":"2018-03-14T07:27:09.000Z","volume":1000,"price":15.2,"category":"rbull"},{"type":"A","date":"2018-03-14T07:27:04.000Z","volume":1000,"price":15.2,"category":"rbull"},{"type":"A","date":"2018-03-14T07:26:44.000Z","volume":1000,"price":15.2,"category":"rbull"},{"type":"A","date":"2018-03-14T07:26:13.000Z","volume":1000,"price":15.2,"category":"rbull"},{"type":"A","date":"2018-03-14T07:26:08.000Z","volume":1000,"price":15.2,"category":"rbull"},{"type":"A","date":"2018-03-14T07:25:57.000Z","volume":1000,"price":15.2,"category":"rbull"},{"type":"A","date":"2018-03-14T07:25:53.000Z","volume":1000,"price":15.2,"category":"rbull"},{"type":"A","date":"2018-03-14T07:25:33.000Z","volume":1000,"price":15.2,"category":"rbull"},{"type":"A","date":"2018-03-14T07:25:23.000Z","volume":1000,"price":15.2,"category":"rbull"},{"type":"A","date":"2018-03-14T07:24:53.000Z","volume":1000,"price":15.2,"category":"rbull"},{"type":"A","date":"2018-03-14T07:24:33.000Z","volume":1000,"price":15.2,"category":"rbull"},{"type":"A","date":"2018-03-14T07:24:20.000Z","volume":1000,"price":15.2,"category":"rbull"},{"type":"A","date":"2018-03-14T07:24:08.000Z","volume":1000,"price":15.2,"category":"rbull"},{"type":"A","date":"2018-03-14T07:24:07.000Z","volume":1000,"price":15.2,"category":"rbull"},{"type":"A","date":"2018-03-14T07:24:02.000Z","volume":1000,"price":15.2,"category":"rbull"},{"type":"A","date":"2018-03-14T07:24:02.000Z","volume":1000,"price":15.2,"category":"rbull"},{"type":"A","date":"2018-03-14T07:23:40.000Z","volume":1000,"price":15.2,"category":"rbull"},{"type":"A","date":"2018-03-14T07:22:55.000Z","volume":1000,"price":15.2,"category":"rbull"},{"type":"A","date":"2018-03-14T07:22:31.000Z","volume":1000,"price":15.2,"category":"rbull"},{"type":"A","date":"2018-03-14T07:22:27.000Z","volume":1000,"price":15.2,"category":"rbull"},{"type":"A","date":"2018-03-14T07:22:00.000Z","volume":1000,"price":15.2,"category":"rbull"},{"type":"A","date":"2018-03-14T07:21:18.000Z","volume":1000,"price":15.2,"category":"rbull"},{"type":"A","date":"2018-03-14T07:21:01.000Z","volume":1000,"price":15.2,"category":"rbull"},{"type":"A","date":"2018-03-14T07:20:54.000Z","volume":1000,"price":15.2,"category":"rbull"},{"type":"A","date":"2018-03-14T07:20:20.000Z","volume":1000,"price":15.2,"category":"rbull"},{"type":"A","date":"2018-03-14T07:19:48.000Z","volume":1000,"price":15.2,"category":"rbull"},{"type":"A","date":"2018-03-14T07:19:42.000Z","volume":1000,"price":15.2,"category":"rbull"},{"type":"A","date":"2018-03-14T07:19:18.000Z","volume":1000,"price":15.2,"category":"rbull"},{"type":"A","date":"2018-03-14T07:18:05.000Z","volume":1000,"price":15.2,"category":"rbull"},{"type":"A","date":"2018-03-14T07:17:53.000Z","volume":1000,"price":15.2,"category":"rbull"},{"type":"A","date":"2018-03-14T07:16:56.000Z","volume":1000,"price":15.2,"category":"rbull"},{"type":"A","date":"2018-03-14T07:16:40.000Z","volume":1000,"price":15.2,"category":"rbull"},{"type":"A","date":"2018-03-14T07:16:16.000Z","volume":1000,"price":15.2,"category":"rbull"},{"type":"A","date":"2018-03-14T07:15:03.000Z","volume":1000,"price":15.18,"category":"rbull"},{"type":"A","date":"2018-03-14T07:14:39.000Z","volume":1000,"price":15.18,"category":"rbull"},{"type":"A","date":"2018-03-14T07:13:40.000Z","volume":1000,"price":15.2,"category":"rbull"},{"type":"A","date":"2018-03-14T07:13:40.000Z","volume":1000,"price":15.2,"category":"rbull"},{"type":"A","date":"2018-03-14T07:13:39.000Z","volume":1000,"price":15.2,"category":"rbull"},{"type":"A","date":"2018-03-14T07:13:39.000Z","volume":1000,"price":15.2,"category":"rbull"},{"type":"A","date":"2018-03-14T07:13:39.000Z","volume":1000,"price":15.2,"category":"rbull"},{"type":"A","date":"2018-03-14T07:13:27.000Z","volume":1000,"price":15.18,"category":"rbull"},{"type":"A","date":"2018-03-14T07:13:03.000Z","volume":1000,"price":15.18,"category":"rbull"},{"type":"A","date":"2018-03-14T07:12:00.000Z","volume":1000,"price":15.16,"category":"rbull"},{"type":"A","date":"2018-03-14T07:11:51.000Z","volume":1000,"price":15.16,"category":"rbull"},{"type":"A","date":"2018-03-14T07:11:27.000Z","volume":1000,"price":15.16,"category":"rbull"},{"type":"A","date":"2018-03-14T07:11:15.000Z","volume":1000,"price":15.16,"category":"rbull"},{"type":"A","date":"2018-03-14T07:10:26.000Z","volume":1000,"price":15.16,"category":"rbull"},{"type":"A","date":"2018-03-14T07:10:02.000Z","volume":1000,"price":15.16,"category":"rbull"},{"type":"A","date":"2018-03-14T07:08:49.000Z","volume":1000,"price":15.18,"category":"rbull"},{"type":"A","date":"2018-03-14T07:08:25.000Z","volume":1000,"price":15.18,"category":"rbull"},{"type":"A","date":"2018-03-14T07:07:12.000Z","volume":1000,"price":15.18,"category":"rbull"},{"type":"A","date":"2018-03-14T07:06:48.000Z","volume":1000,"price":15.18,"category":"rbull"},{"type":"A","date":"2018-03-14T07:05:36.000Z","volume":1000,"price":15.14,"category":"rbull"},{"type":"A","date":"2018-03-14T07:05:12.000Z","volume":1000,"price":15.18,"category":"rbull"},{"type":"A","date":"2018-03-14T07:05:00.000Z","volume":1000,"price":15.18,"category":"rbull"},{"type":"A","date":"2018-03-14T07:03:34.000Z","volume":1000,"price":15.24,"category":"rbull"},{"type":"A","date":"2018-03-14T07:03:34.000Z","volume":1000,"price":15.24,"category":"rbull"},{"type":"A","date":"2018-03-14T07:00:00.000Z","volume":1000,"price":15.28,"category":"rbull"},{"type":"A","date":"2018-03-14T06:58:59.000Z","volume":1000,"price":15.28,"category":"rbull"},{"type":"A","date":"2018-03-14T06:58:24.000Z","volume":1000,"price":15.28,"category":"rbull"},{"type":"A","date":"2018-03-14T06:57:59.000Z","volume":1000,"price":15.28,"category":"rbull"},{"type":"A","date":"2018-03-14T06:57:34.000Z","volume":1000,"price":15.28,"category":"rbull"},{"type":"A","date":"2018-03-14T06:57:10.000Z","volume":1000,"price":15.28,"category":"rbull"},{"type":"A","date":"2018-03-14T06:56:29.000Z","volume":1000,"price":15.28,"category":"rbull"},{"type":"A","date":"2018-03-14T06:56:09.000Z","volume":1000,"price":15.28,"category":"rbull"},{"type":"A","date":"2018-03-14T06:55:45.000Z","volume":1000,"price":15.28,"category":"rbull"},{"type":"A","date":"2018-03-14T06:55:21.000Z","volume":1000,"price":15.28,"category":"rbull"},{"type":"A","date":"2018-03-14T06:55:03.000Z","volume":1000,"price":15.28,"category":"rbull"},{"type":"A","date":"2018-03-14T06:54:21.000Z","volume":1000,"price":15.28,"category":"rbull"},{"type":"A","date":"2018-03-14T06:53:57.000Z","volume":1000,"price":15.3,"category":"rbull"},{"type":"A","date":"2018-03-14T06:53:33.000Z","volume":1000,"price":15.3,"category":"rbull"},{"type":"A","date":"2018-03-14T06:52:32.000Z","volume":1000,"price":15.3,"category":"rbull"},{"type":"A","date":"2018-03-14T06:52:32.000Z","volume":1000,"price":15.3,"category":"rbull"},{"type":"A","date":"2018-03-14T06:52:09.000Z","volume":1000,"price":15.28,"category":"rbull"},{"type":"A","date":"2018-03-14T06:51:44.000Z","volume":1000,"price":15.28,"category":"rbull"},{"type":"A","date":"2018-03-14T06:50:43.000Z","volume":1000,"price":15.24,"category":"rbull"},{"type":"A","date":"2018-03-14T06:50:19.000Z","volume":1000,"price":15.24,"category":"rbull"},{"type":"A","date":"2018-03-14T06:49:55.000Z","volume":1000,"price":15.24,"category":"rbull"},{"type":"A","date":"2018-03-14T06:49:38.000Z","volume":1000,"price":15.24,"category":"rbull"},{"type":"A","date":"2018-03-14T06:49:00.000Z","volume":1000,"price":15.24,"category":"rbull"},{"type":"A","date":"2018-03-14T06:48:55.000Z","volume":1000,"price":15.24,"category":"rbull"},{"type":"A","date":"2018-03-14T06:48:31.000Z","volume":1000,"price":15.24,"category":"rbull"},{"type":"A","date":"2018-03-14T06:48:07.000Z","volume":1000,"price":15.24,"category":"rbull"},{"type":"A","date":"2018-03-14T06:47:06.000Z","volume":1000,"price":15.24,"category":"rbull"},{"type":"A","date":"2018-03-14T06:46:42.000Z","volume":1000,"price":15.24,"category":"rbull"},{"type":"A","date":"2018-03-14T06:46:18.000Z","volume":1000,"price":15.24,"category":"rbull"},{"type":"A","date":"2018-03-14T06:45:18.000Z","volume":1000,"price":15.24,"category":"rbull"},{"type":"A","date":"2018-03-14T06:44:54.000Z","volume":1000,"price":15.24,"category":"rbull"},{"type":"A","date":"2018-03-14T06:44:30.000Z","volume":1000,"price":15.24,"category":"rbull"},{"type":"A","date":"2018-03-14T06:43:28.000Z","volume":1000,"price":15.24,"category":"rbull"},{"type":"A","date":"2018-03-14T06:43:08.000Z","volume":1000,"price":15.24,"category":"rbull"},{"type":"A","date":"2018-03-14T06:43:04.000Z","volume":1000,"price":15.24,"category":"rbull"},{"type":"A","date":"2018-03-14T06:42:41.000Z","volume":1000,"price":15.24,"category":"rbull"},{"type":"A","date":"2018-03-14T06:42:37.000Z","volume":1000,"price":15.24,"category":"rbull"},{"type":"A","date":"2018-03-14T06:41:40.000Z","volume":1000,"price":15.24,"category":"rbull"},{"type":"A","date":"2018-03-14T06:41:16.000Z","volume":1000,"price":15.24,"category":"rbull"},{"type":"A","date":"2018-03-14T06:40:52.000Z","volume":1000,"price":15.24,"category":"rbull"},{"type":"A","date":"2018-03-14T06:39:52.000Z","volume":1000,"price":15.24,"category":"rbull"},{"type":"A","date":"2018-03-14T06:39:28.000Z","volume":1000,"price":15.24,"category":"rbull"},{"type":"A","date":"2018-03-14T06:39:04.000Z","volume":1000,"price":15.26,"category":"rbull"},{"type":"A","date":"2018-03-14T06:39:00.000Z","volume":1000,"price":15.26,"category":"rbull"},{"type":"A","date":"2018-03-14T06:38:02.000Z","volume":1000,"price":15.28,"category":"rbull"},{"type":"A","date":"2018-03-14T06:37:38.000Z","volume":1000,"price":15.28,"category":"rbull"},{"type":"A","date":"2018-03-14T06:37:14.000Z","volume":1000,"price":15.28,"category":"rbull"},{"type":"A","date":"2018-03-14T06:36:14.000Z","volume":1000,"price":15.32,"category":"rbull"},{"type":"A","date":"2018-03-14T06:35:50.000Z","volume":1000,"price":15.32,"category":"rbull"},{"type":"A","date":"2018-03-14T06:35:26.000Z","volume":1000,"price":15.32,"category":"rbull"},{"type":"A","date":"2018-03-14T06:34:44.000Z","volume":1000,"price":15.32,"category":"rbull"},{"type":"A","date":"2018-03-14T06:34:44.000Z","volume":1000,"price":15.32,"category":"rbull"},{"type":"A","date":"2018-03-14T06:34:44.000Z","volume":1000,"price":15.32,"category":"rbull"},{"type":"A","date":"2018-03-14T06:34:41.000Z","volume":1000,"price":15.32,"category":"rbull"},{"type":"A","date":"2018-03-14T06:34:25.000Z","volume":1000,"price":15.34,"category":"rbull"},{"type":"A","date":"2018-03-14T06:34:02.000Z","volume":1000,"price":15.34,"category":"rbull"},{"type":"A","date":"2018-03-14T06:33:38.000Z","volume":1000,"price":15.34,"category":"rbull"},{"type":"A","date":"2018-03-14T06:32:37.000Z","volume":1000,"price":15.34,"category":"rbull"},{"type":"A","date":"2018-03-14T06:32:12.000Z","volume":1000,"price":15.34,"category":"rbull"},{"type":"A","date":"2018-03-14T06:31:48.000Z","volume":1000,"price":15.34,"category":"rbull"},{"type":"A","date":"2018-03-14T06:30:48.000Z","volume":1000,"price":15.36,"category":"rbull"},{"type":"A","date":"2018-03-14T06:30:24.000Z","volume":1000,"price":15.36,"category":"rbull"},{"type":"A","date":"2018-03-14T06:30:00.000Z","volume":1000,"price":15.36,"category":"rbull"},{"type":"A","date":"2018-03-14T06:30:00.000Z","volume":1000,"price":15.36,"category":"rbull"},{"type":"A","date":"2018-03-14T06:28:59.000Z","volume":1000,"price":15.34,"category":"rbull"},{"type":"A","date":"2018-03-14T06:28:52.000Z","volume":1000,"price":15.34,"category":"rbull"},{"type":"A","date":"2018-03-14T06:28:52.000Z","volume":1000,"price":15.34,"category":"rbull"},{"type":"A","date":"2018-03-14T06:28:52.000Z","volume":1000,"price":15.34,"category":"rbull"},{"type":"A","date":"2018-03-14T06:28:35.000Z","volume":1000,"price":15.34,"category":"rbull"},{"type":"A","date":"2018-03-14T06:28:11.000Z","volume":1000,"price":15.34,"category":"rbull"},{"type":"A","date":"2018-03-14T06:27:11.000Z","volume":1000,"price":15.34,"category":"rbull"},{"type":"A","date":"2018-03-14T06:26:52.000Z","volume":1000,"price":15.34,"category":"rbull"},{"type":"A","date":"2018-03-14T06:26:52.000Z","volume":1000,"price":15.34,"category":"rbull"},{"type":"A","date":"2018-03-14T06:26:47.000Z","volume":1000,"price":15.34,"category":"rbull"},{"type":"A","date":"2018-03-14T06:26:32.000Z","volume":1000,"price":15.34,"category":"rbull"},{"type":"A","date":"2018-03-14T06:26:23.000Z","volume":1000,"price":15.34,"category":"rbull"},{"type":"A","date":"2018-03-14T06:25:21.000Z","volume":1000,"price":15.36,"category":"rbull"},{"type":"A","date":"2018-03-14T06:24:57.000Z","volume":1000,"price":15.36,"category":"rbull"},{"type":"A","date":"2018-03-14T06:24:33.000Z","volume":1000,"price":15.34,"category":"rbull"},{"type":"A","date":"2018-03-14T06:23:33.000Z","volume":1000,"price":15.34,"category":"rbull"},{"type":"A","date":"2018-03-14T06:23:26.000Z","volume":1000,"price":15.34,"category":"rbull"},{"type":"A","date":"2018-03-14T06:23:09.000Z","volume":1000,"price":15.34,"category":"rbull"},{"type":"A","date":"2018-03-14T06:22:51.000Z","volume":1000,"price":15.34,"category":"rbull"},{"type":"A","date":"2018-03-14T06:22:51.000Z","volume":1000,"price":15.34,"category":"rbull"},{"type":"A","date":"2018-03-14T06:22:47.000Z","volume":1000,"price":15.34,"category":"rbull"},{"type":"A","date":"2018-03-14T06:22:45.000Z","volume":1000,"price":15.34,"category":"rbull"},{"type":"A","date":"2018-03-14T06:21:44.000Z","volume":1000,"price":15.34,"category":"rbull"},{"type":"A","date":"2018-03-14T06:21:20.000Z","volume":1000,"price":15.34,"category":"rbull"},{"type":"A","date":"2018-03-14T06:20:56.000Z","volume":1000,"price":15.34,"category":"rbull"},{"type":"A","date":"2018-03-14T06:20:10.000Z","volume":1000,"price":15.34,"category":"rbull"},{"type":"A","date":"2018-03-14T06:20:10.000Z","volume":1000,"price":15.34,"category":"rbull"},{"type":"A","date":"2018-03-14T06:20:10.000Z","volume":1000,"price":15.34,"category":"rbull"},{"type":"A","date":"2018-03-14T06:20:00.000Z","volume":1000,"price":15.34,"category":"rbull"},{"type":"A","date":"2018-03-14T06:19:56.000Z","volume":1000,"price":15.34,"category":"rbull"},{"type":"A","date":"2018-03-14T06:19:32.000Z","volume":1000,"price":15.34,"category":"rbull"},{"type":"A","date":"2018-03-14T06:19:08.000Z","volume":1000,"price":15.34,"category":"rbull"},{"type":"A","date":"2018-03-14T06:18:06.000Z","volume":1000,"price":15.34,"category":"rbull"},{"type":"A","date":"2018-03-14T06:17:43.000Z","volume":1000,"price":15.34,"category":"rbull"},{"type":"A","date":"2018-03-14T06:17:19.000Z","volume":1000,"price":15.34,"category":"rbull"},{"type":"A","date":"2018-03-14T06:16:18.000Z","volume":1000,"price":15.36,"category":"rbull"},{"type":"A","date":"2018-03-14T06:15:54.000Z","volume":1000,"price":15.36,"category":"rbull"},{"type":"A","date":"2018-03-14T06:15:30.000Z","volume":1000,"price":15.36,"category":"rbull"},{"type":"A","date":"2018-03-14T06:14:30.000Z","volume":1000,"price":15.34,"category":"rbull"},{"type":"A","date":"2018-03-14T06:14:06.000Z","volume":1000,"price":15.34,"category":"rbull"},{"type":"A","date":"2018-03-14T06:13:42.000Z","volume":1000,"price":15.34,"category":"rbull"},{"type":"A","date":"2018-03-14T06:12:40.000Z","volume":1000,"price":15.34,"category":"rbull"},{"type":"A","date":"2018-03-14T06:12:16.000Z","volume":1000,"price":15.34,"category":"rbull"},{"type":"A","date":"2018-03-14T06:11:52.000Z","volume":1000,"price":15.34,"category":"rbull"},{"type":"A","date":"2018-03-14T06:11:10.000Z","volume":1000,"price":15.34,"category":"rbull"},{"type":"A","date":"2018-03-14T06:10:52.000Z","volume":1000,"price":15.34,"category":"rbull"},{"type":"A","date":"2018-03-14T06:10:28.000Z","volume":1000,"price":15.34,"category":"rbull"},{"type":"A","date":"2018-03-14T06:10:14.000Z","volume":1000,"price":15.34,"category":"rbull"},{"type":"A","date":"2018-03-14T06:10:04.000Z","volume":1000,"price":15.34,"category":"rbull"},{"type":"A","date":"2018-03-14T06:10:04.000Z","volume":1000,"price":15.34,"category":"rbull"},{"type":"A","date":"2018-03-14T06:09:42.000Z","volume":1000,"price":15.34,"category":"rbull"},{"type":"A","date":"2018-03-14T06:09:04.000Z","volume":1000,"price":15.34,"category":"rbull"},{"type":"A","date":"2018-03-14T06:08:40.000Z","volume":1000,"price":15.34,"category":"rbull"},{"type":"A","date":"2018-03-14T06:08:16.000Z","volume":1000,"price":15.34,"category":"rbull"},{"type":"A","date":"2018-03-14T06:08:00.000Z","volume":1000,"price":15.34,"category":"rbull"},{"type":"A","date":"2018-03-14T06:05:09.000Z","volume":1000,"price":15.34,"category":"rbull"},{"type":"A","date":"2018-03-14T06:04:21.000Z","volume":1000,"price":15.34,"category":"rbull"},{"type":"A","date":"2018-03-14T06:03:14.000Z","volume":1000,"price":15.34,"category":"rbull"},{"type":"A","date":"2018-03-14T05:59:28.000Z","volume":1000,"price":15.34,"category":"rbull"},{"type":"A","date":"2018-03-14T05:58:32.000Z","volume":1000,"price":15.32,"category":"rbull"},{"type":"A","date":"2018-03-14T05:58:23.000Z","volume":1000,"price":15.32,"category":"rbull"},{"type":"A","date":"2018-03-14T05:54:33.000Z","volume":1000,"price":15.32,"category":"rbull"},{"type":"A","date":"2018-03-14T05:54:33.000Z","volume":1000,"price":15.32,"category":"rbull"},{"type":"A","date":"2018-03-14T05:53:32.000Z","volume":1000,"price":15.34,"category":"rbull"},{"type":"A","date":"2018-03-14T05:53:21.000Z","volume":1000,"price":15.34,"category":"rbull"},{"type":"A","date":"2018-03-14T05:52:51.000Z","volume":1000,"price":15.32,"category":"rbull"},{"type":"A","date":"2018-03-14T05:50:32.000Z","volume":1000,"price":15.32,"category":"rbull"},{"type":"A","date":"2018-03-14T05:50:32.000Z","volume":1000,"price":15.32,"category":"rbull"},{"type":"A","date":"2018-03-14T05:50:32.000Z","volume":1000,"price":15.32,"category":"rbull"},{"type":"A","date":"2018-03-14T05:50:14.000Z","volume":1000,"price":15.32,"category":"rbull"},{"type":"A","date":"2018-03-14T05:44:12.000Z","volume":1000,"price":15.32,"category":"rbull"},{"type":"A","date":"2018-03-14T05:44:12.000Z","volume":1000,"price":15.32,"category":"rbull"},{"type":"A","date":"2018-03-14T05:44:12.000Z","volume":1000,"price":15.32,"category":"rbull"},{"type":"A","date":"2018-03-14T05:43:57.000Z","volume":1000,"price":15.32,"category":"rbull"},{"type":"A","date":"2018-03-14T05:39:13.000Z","volume":1000,"price":15.3,"category":"rbull"},{"type":"A","date":"2018-03-14T05:37:59.000Z","volume":1000,"price":15.3,"category":"rbull"},{"type":"A","date":"2018-03-14T05:33:50.000Z","volume":1000,"price":15.3,"category":"rbull"},{"type":"A","date":"2018-03-14T05:33:09.000Z","volume":1000,"price":15.32,"category":"rbull"},{"type":"A","date":"2018-03-14T05:25:07.000Z","volume":1000,"price":15.32,"category":"rbull"},{"type":"A","date":"2018-03-14T05:25:07.000Z","volume":1000,"price":15.32,"category":"rbull"},{"type":"A","date":"2018-03-14T05:25:07.000Z","volume":1000,"price":15.32,"category":"rbull"},{"type":"A","date":"2018-03-14T05:25:06.000Z","volume":1000,"price":15.32,"category":"rbull"},{"type":"A","date":"2018-03-14T05:15:58.000Z","volume":1000,"price":15.34,"category":"rbull"},{"type":"A","date":"2018-03-14T05:15:24.000Z","volume":1000,"price":15.34,"category":"rbull"},{"type":"A","date":"2018-03-14T05:15:24.000Z","volume":1000,"price":15.34,"category":"rbull"},{"type":"A","date":"2018-03-14T05:11:34.000Z","volume":1000,"price":15.34,"category":"rbull"},{"type":"A","date":"2018-03-14T05:11:23.000Z","volume":1000,"price":15.36,"category":"rbull"},{"type":"A","date":"2018-03-14T05:04:47.000Z","volume":1000,"price":15.32,"category":"rbull"},{"type":"A","date":"2018-03-14T05:03:38.000Z","volume":1000,"price":15.32,"category":"rbull"},{"type":"A","date":"2018-03-14T03:58:47.000Z","volume":1000,"price":15.32,"category":"rbull"},{"type":"A","date":"2018-03-14T03:58:44.000Z","volume":1000,"price":15.32,"category":"rbull"},{"type":"A","date":"2018-03-14T03:57:54.000Z","volume":1000,"price":15.28,"category":"rbull"},{"type":"A","date":"2018-03-14T03:57:14.000Z","volume":1000,"price":15.28,"category":"rbull"},{"type":"A","date":"2018-03-14T03:56:24.000Z","volume":1000,"price":15.28,"category":"rbull"},{"type":"A","date":"2018-03-14T03:56:19.000Z","volume":1000,"price":15.28,"category":"rbull"},{"type":"A","date":"2018-03-14T03:55:45.000Z","volume":1000,"price":15.28,"category":"rbull"},{"type":"A","date":"2018-03-14T03:55:44.000Z","volume":1000,"price":15.28,"category":"rbull"},{"type":"A","date":"2018-03-14T03:55:04.000Z","volume":1000,"price":15.28,"category":"rbull"},{"type":"A","date":"2018-03-14T03:54:56.000Z","volume":1000,"price":15.28,"category":"rbull"},{"type":"A","date":"2018-03-14T03:54:24.000Z","volume":1000,"price":15.28,"category":"rbull"},{"type":"A","date":"2018-03-14T03:53:44.000Z","volume":1000,"price":15.28,"category":"rbull"},{"type":"A","date":"2018-03-14T03:53:37.000Z","volume":1000,"price":15.28,"category":"rbull"},{"type":"A","date":"2018-03-14T03:53:06.000Z","volume":1000,"price":15.26,"category":"rbull"},{"type":"A","date":"2018-03-14T03:53:04.000Z","volume":1000,"price":15.26,"category":"rbull"},{"type":"A","date":"2018-03-14T03:52:53.000Z","volume":1000,"price":15.26,"category":"rbull"},{"type":"A","date":"2018-03-14T03:52:23.000Z","volume":1000,"price":15.26,"category":"rbull"},{"type":"A","date":"2018-03-14T03:51:01.000Z","volume":1000,"price":15.26,"category":"rbull"},{"type":"A","date":"2018-03-14T03:50:21.000Z","volume":1000,"price":15.26,"category":"rbull"},{"type":"A","date":"2018-03-14T03:49:41.000Z","volume":1000,"price":15.26,"category":"rbull"},{"type":"A","date":"2018-03-14T03:49:01.000Z","volume":1000,"price":15.26,"category":"rbull"},{"type":"A","date":"2018-03-14T03:48:21.000Z","volume":1000,"price":15.26,"category":"rbull"},{"type":"A","date":"2018-03-14T03:47:41.000Z","volume":1000,"price":15.26,"category":"rbull"},{"type":"A","date":"2018-03-14T03:46:11.000Z","volume":1000,"price":15.26,"category":"rbull"},{"type":"A","date":"2018-03-14T03:45:31.000Z","volume":1000,"price":15.26,"category":"rbull"},{"type":"A","date":"2018-03-14T03:44:52.000Z","volume":1000,"price":15.26,"category":"rbull"},{"type":"A","date":"2018-03-14T03:44:51.000Z","volume":1000,"price":15.26,"category":"rbull"},{"type":"A","date":"2018-03-14T03:44:26.000Z","volume":1000,"price":15.26,"category":"rbull"},{"type":"A","date":"2018-03-14T03:44:11.000Z","volume":1000,"price":15.26,"category":"rbull"},{"type":"A","date":"2018-03-14T03:42:50.000Z","volume":1000,"price":15.26,"category":"rbull"},{"type":"A","date":"2018-03-14T03:42:10.000Z","volume":1000,"price":15.26,"category":"rbull"},{"type":"A","date":"2018-03-14T03:39:06.000Z","volume":1000,"price":15.28,"category":"rbull"},{"type":"A","date":"2018-03-14T03:39:02.000Z","volume":1000,"price":15.28,"category":"rbull"},{"type":"A","date":"2018-03-14T03:38:19.000Z","volume":1000,"price":15.3,"category":"rbull"},{"type":"A","date":"2018-03-14T03:37:39.000Z","volume":1000,"price":15.3,"category":"rbull"},{"type":"A","date":"2018-03-14T03:36:59.000Z","volume":1000,"price":15.3,"category":"rbull"},{"type":"A","date":"2018-03-14T03:36:19.000Z","volume":1000,"price":15.3,"category":"rbull"},{"type":"A","date":"2018-03-14T03:35:49.000Z","volume":1000,"price":15.3,"category":"rbull"},{"type":"A","date":"2018-03-14T03:35:08.000Z","volume":1000,"price":15.28,"category":"rbull"},{"type":"A","date":"2018-03-14T03:33:58.000Z","volume":1000,"price":15.28,"category":"rbull"},{"type":"A","date":"2018-03-14T03:33:58.000Z","volume":1000,"price":15.28,"category":"rbull"},{"type":"A","date":"2018-03-14T03:33:58.000Z","volume":1000,"price":15.28,"category":"rbull"},{"type":"A","date":"2018-03-14T03:30:48.000Z","volume":1000,"price":15.26,"category":"rbull"},{"type":"A","date":"2018-03-14T03:30:48.000Z","volume":1000,"price":15.26,"category":"rbull"},{"type":"A","date":"2018-03-14T03:30:48.000Z","volume":1000,"price":15.26,"category":"rbull"},{"type":"A","date":"2018-03-14T03:30:48.000Z","volume":1000,"price":15.26,"category":"rbull"},{"type":"A","date":"2018-03-14T03:30:48.000Z","volume":1000,"price":15.26,"category":"rbull"},{"type":"A","date":"2018-03-14T03:23:46.000Z","volume":1000,"price":15.26,"category":"rbull"},{"type":"A","date":"2018-03-14T03:20:22.000Z","volume":1000,"price":15.24,"category":"rbull"},{"type":"A","date":"2018-03-14T03:19:52.000Z","volume":1000,"price":15.26,"category":"rbull"},{"type":"A","date":"2018-03-14T03:18:43.000Z","volume":1000,"price":15.26,"category":"rbull"},{"type":"A","date":"2018-03-14T03:15:02.000Z","volume":1000,"price":15.32,"category":"rbull"},{"type":"A","date":"2018-03-14T03:10:45.000Z","volume":1000,"price":15.28,"category":"rbull"},{"type":"A","date":"2018-03-14T03:07:37.000Z","volume":1000,"price":15.3,"category":"rbull"},{"type":"A","date":"2018-03-14T03:07:10.000Z","volume":1000,"price":15.3,"category":"rbull"},{"type":"A","date":"2018-03-14T03:05:27.000Z","volume":1000,"price":15.34,"category":"rbull"},{"type":"A","date":"2018-03-14T02:59:19.000Z","volume":1000,"price":15.36,"category":"rbull"},{"type":"A","date":"2018-03-14T02:58:10.000Z","volume":1000,"price":15.38,"category":"rbull"},{"type":"A","date":"2018-03-14T02:58:07.000Z","volume":1000,"price":15.38,"category":"rbull"},{"type":"A","date":"2018-03-14T02:57:51.000Z","volume":1000,"price":15.38,"category":"rbull"},{"type":"A","date":"2018-03-14T02:57:48.000Z","volume":1000,"price":15.38,"category":"rbull"},{"type":"A","date":"2018-03-14T02:56:55.000Z","volume":1000,"price":15.4,"category":"rbull"},{"type":"A","date":"2018-03-14T02:55:52.000Z","volume":1000,"price":15.4,"category":"rbull"},{"type":"A","date":"2018-03-14T02:55:50.000Z","volume":1000,"price":15.4,"category":"rbull"},{"type":"A","date":"2018-03-14T02:54:48.000Z","volume":1000,"price":15.42,"category":"rbull"},{"type":"A","date":"2018-03-14T02:54:46.000Z","volume":1000,"price":15.44,"category":"rbull"},{"type":"A","date":"2018-03-14T02:54:25.000Z","volume":1000,"price":15.42,"category":"rbull"},{"type":"A","date":"2018-03-14T02:53:54.000Z","volume":1000,"price":15.44,"category":"rbull"},{"type":"A","date":"2018-03-14T02:53:32.000Z","volume":1000,"price":15.42,"category":"rbull"},{"type":"A","date":"2018-03-14T02:52:17.000Z","volume":1000,"price":15.36,"category":"rbull"},{"type":"A","date":"2018-03-14T02:52:12.000Z","volume":1000,"price":15.36,"category":"rbull"},{"type":"A","date":"2018-03-14T02:51:49.000Z","volume":1000,"price":15.36,"category":"rbull"},{"type":"A","date":"2018-03-14T02:50:20.000Z","volume":1000,"price":15.32,"category":"rbull"},{"type":"A","date":"2018-03-14T02:50:06.000Z","volume":1000,"price":15.32,"category":"rbull"},{"type":"A","date":"2018-03-14T02:49:17.000Z","volume":1000,"price":15.3,"category":"rbull"},{"type":"A","date":"2018-03-14T02:48:21.000Z","volume":1000,"price":15.24,"category":"rbull"},{"type":"A","date":"2018-03-14T02:48:20.000Z","volume":1000,"price":15.24,"category":"rbull"},{"type":"A","date":"2018-03-14T02:47:30.000Z","volume":1000,"price":15.22,"category":"rbull"},{"type":"A","date":"2018-03-14T02:47:29.000Z","volume":1000,"price":15.22,"category":"rbull"},{"type":"A","date":"2018-03-14T02:47:28.000Z","volume":1000,"price":15.22,"category":"rbull"},{"type":"A","date":"2018-03-14T02:47:20.000Z","volume":1000,"price":15.22,"category":"rbull"},{"type":"A","date":"2018-03-14T02:47:19.000Z","volume":1000,"price":15.22,"category":"rbull"},{"type":"A","date":"2018-03-14T02:47:19.000Z","volume":1000,"price":15.22,"category":"rbull"},{"type":"A","date":"2018-03-14T02:47:19.000Z","volume":1000,"price":15.22,"category":"rbull"},{"type":"A","date":"2018-03-14T02:44:57.000Z","volume":1000,"price":15.22,"category":"rbull"},{"type":"A","date":"2018-03-14T02:44:54.000Z","volume":1000,"price":15.22,"category":"rbull"},{"type":"A","date":"2018-03-14T02:44:45.000Z","volume":1000,"price":15.22,"category":"rbull"},{"type":"A","date":"2018-03-14T02:44:28.000Z","volume":1000,"price":15.2,"category":"rbull"},{"type":"A","date":"2018-03-14T02:43:59.000Z","volume":1000,"price":15.2,"category":"rbull"},{"type":"A","date":"2018-03-14T02:42:34.000Z","volume":1000,"price":15.2,"category":"rbull"},{"type":"A","date":"2018-03-14T02:41:58.000Z","volume":1000,"price":15.2,"category":"rbull"},{"type":"A","date":"2018-03-14T02:41:38.000Z","volume":1000,"price":15.2,"category":"rbull"},{"type":"A","date":"2018-03-14T02:41:18.000Z","volume":1000,"price":15.2,"category":"rbull"},{"type":"A","date":"2018-03-14T02:41:16.000Z","volume":1000,"price":15.2,"category":"rbull"},{"type":"A","date":"2018-03-14T02:40:02.000Z","volume":1000,"price":15.2,"category":"rbull"},{"type":"A","date":"2018-03-14T02:40:02.000Z","volume":1000,"price":15.2,"category":"rbull"},{"type":"A","date":"2018-03-14T02:38:07.000Z","volume":1000,"price":15.2,"category":"rbull"},{"type":"A","date":"2018-03-14T02:38:05.000Z","volume":1000,"price":15.2,"category":"rbull"},{"type":"A","date":"2018-03-14T02:31:24.000Z","volume":1000,"price":15.2,"category":"rbull"},{"type":"A","date":"2018-03-14T02:25:46.000Z","volume":1000,"price":15.18,"category":"rbull"},{"type":"A","date":"2018-03-14T02:24:40.000Z","volume":1000,"price":15.2,"category":"rbull"},{"type":"A","date":"2018-03-14T02:24:34.000Z","volume":1000,"price":15.18,"category":"rbull"},{"type":"A","date":"2018-03-14T02:20:45.000Z","volume":1000,"price":15.28,"category":"rbull"},{"type":"A","date":"2018-03-14T02:20:45.000Z","volume":1000,"price":15.28,"category":"rbull"},{"type":"A","date":"2018-03-14T02:20:45.000Z","volume":1000,"price":15.28,"category":"rbull"},{"type":"A","date":"2018-03-14T02:20:45.000Z","volume":1000,"price":15.28,"category":"rbull"},{"type":"A","date":"2018-03-14T02:16:56.000Z","volume":1000,"price":15.34,"category":"rbull"},{"type":"A","date":"2018-03-14T02:16:54.000Z","volume":1000,"price":15.34,"category":"rbull"},{"type":"A","date":"2018-03-14T02:13:56.000Z","volume":1000,"price":15.34,"category":"rbull"},{"type":"A","date":"2018-03-14T02:13:51.000Z","volume":1000,"price":15.34,"category":"rbull"},{"type":"A","date":"2018-03-14T02:13:32.000Z","volume":1000,"price":15.32,"category":"rbull"},{"type":"A","date":"2018-03-14T02:13:25.000Z","volume":1000,"price":15.34,"category":"rbull"},{"type":"A","date":"2018-03-14T02:13:20.000Z","volume":1000,"price":15.3,"category":"rbull"},{"type":"A","date":"2018-03-14T02:12:31.000Z","volume":1000,"price":15.3,"category":"rbull"},{"type":"A","date":"2018-03-14T02:11:37.000Z","volume":1000,"price":15.3,"category":"rbull"},{"type":"A","date":"2018-03-14T02:11:34.000Z","volume":1000,"price":15.3,"category":"rbull"},{"type":"A","date":"2018-03-14T02:10:47.000Z","volume":1000,"price":15.36,"category":"rbull"},{"type":"A","date":"2018-03-14T02:10:17.000Z","volume":1000,"price":15.34,"category":"rbull"},{"type":"A","date":"2018-03-14T02:05:04.000Z","volume":1000,"price":15.24,"category":"rbull"},{"type":"A","date":"2018-03-14T02:04:09.000Z","volume":1000,"price":15.24,"category":"rbull"},{"type":"A","date":"2018-03-14T02:01:30.000Z","volume":1000,"price":15.2,"category":"rbull"},{"type":"A","date":"2018-03-14T02:00:00.000Z","volume":1000,"price":15.2,"category":"rbull"},{"type":"A","date":"2018-03-14T01:59:42.000Z","volume":1000,"price":15.22,"category":"rbull"},{"type":"A","date":"2018-03-14T01:58:02.000Z","volume":1000,"price":15.22,"category":"rbull"},{"type":"A","date":"2018-03-14T01:58:02.000Z","volume":1000,"price":15.22,"category":"rbull"},{"type":"A","date":"2018-03-14T01:56:56.000Z","volume":1000,"price":15.2,"category":"rbull"},{"type":"A","date":"2018-03-14T01:56:19.000Z","volume":1000,"price":15.22,"category":"rbull"},{"type":"A","date":"2018-03-14T01:54:49.000Z","volume":1000,"price":15.26,"category":"rbull"},{"type":"A","date":"2018-03-14T01:54:48.000Z","volume":1000,"price":15.26,"category":"rbull"},{"type":"A","date":"2018-03-14T01:53:26.000Z","volume":1000,"price":15.24,"category":"rbull"},{"type":"A","date":"2018-03-14T01:52:01.000Z","volume":1000,"price":15.28,"category":"rbull"},{"type":"A","date":"2018-03-14T01:48:03.000Z","volume":1000,"price":15.28,"category":"rbull"},{"type":"A","date":"2018-03-14T01:47:01.000Z","volume":1000,"price":15.3,"category":"rbull"},{"type":"A","date":"2018-03-14T01:46:11.000Z","volume":1000,"price":15.3,"category":"rbull"},{"type":"A","date":"2018-03-14T01:45:59.000Z","volume":1000,"price":15.3,"category":"rbull"},{"type":"A","date":"2018-03-14T01:41:57.000Z","volume":1000,"price":15.34,"category":"rbull"},{"type":"A","date":"2018-03-14T01:41:38.000Z","volume":1000,"price":15.32,"category":"rbull"},{"type":"A","date":"2018-03-14T01:41:38.000Z","volume":1000,"price":15.32,"category":"rbull"},{"type":"A","date":"2018-03-14T01:40:37.000Z","volume":1000,"price":15.36,"category":"rbull"},{"type":"A","date":"2018-03-14T01:40:17.000Z","volume":1000,"price":15.34,"category":"rbull"},{"type":"A","date":"2018-03-14T01:40:12.000Z","volume":1000,"price":15.34,"category":"rbull"},{"type":"A","date":"2018-03-14T01:39:51.000Z","volume":1000,"price":15.34,"category":"rbull"},{"type":"A","date":"2018-03-14T01:39:23.000Z","volume":1000,"price":15.32,"category":"rbull"},{"type":"A","date":"2018-03-14T01:38:23.000Z","volume":1000,"price":15.28,"category":"rbull"},{"type":"A","date":"2018-03-14T01:38:16.000Z","volume":1000,"price":15.28,"category":"rbull"},{"type":"A","date":"2018-03-14T01:37:10.000Z","volume":1000,"price":15.26,"category":"rbull"},{"type":"A","date":"2018-03-14T01:36:42.000Z","volume":1000,"price":15.26,"category":"rbull"},{"type":"A","date":"2018-03-14T01:35:47.000Z","volume":1000,"price":15.22,"category":"rbull"},{"type":"A","date":"2018-03-14T01:35:47.000Z","volume":1000,"price":15.22,"category":"rbull"},{"type":"A","date":"2018-03-14T01:35:47.000Z","volume":1000,"price":15.22,"category":"rbull"},{"type":"A","date":"2018-03-14T01:35:47.000Z","volume":1000,"price":15.22,"category":"rbull"},{"type":"A","date":"2018-03-14T01:35:47.000Z","volume":1000,"price":15.22,"category":"rbull"},{"type":"A","date":"2018-03-14T01:35:39.000Z","volume":1000,"price":15.2,"category":"rbull"},{"type":"A","date":"2018-03-14T01:35:39.000Z","volume":1000,"price":15.2,"category":"rbull"},{"type":"A","date":"2018-03-14T01:35:03.000Z","volume":1000,"price":15.18,"category":"rbull"},{"type":"A","date":"2018-03-14T01:35:03.000Z","volume":1000,"price":15.18,"category":"rbull"},{"type":"A","date":"2018-03-14T01:35:03.000Z","volume":1000,"price":15.18,"category":"rbull"},{"type":"A","date":"2018-03-14T01:35:02.000Z","volume":1000,"price":15.18,"category":"rbull"},{"type":"A","date":"2018-03-14T01:34:03.000Z","volume":1000,"price":15.18,"category":"rbull"},{"type":"A","date":"2018-03-14T01:33:07.000Z","volume":1000,"price":15.18,"category":"rbull"},{"type":"A","date":"2018-03-14T01:31:06.000Z","volume":1000,"price":15.2,"category":"rbull"},{"type":"A","date":"2018-03-14T01:30:48.000Z","volume":1000,"price":15.28,"category":"rbull"},{"type":"A","date":"2018-03-14T01:30:16.000Z","volume":1000,"price":15.3,"category":"rbull"},{"type":"A","date":"2018-03-14T01:30:07.000Z","volume":1000,"price":15.3,"category":"rbull"},{"type":"A","date":"2018-03-14T01:30:05.000Z","volume":1000,"price":15.3,"category":"rbull"},{"type":"B","date":"2018-03-14T07:59:56.000Z","volume":1000,"price":15.2,"category":"rbear"},{"type":"B","date":"2018-03-14T07:59:50.000Z","volume":1000,"price":15.2,"category":"rbear"},{"type":"B","date":"2018-03-14T07:59:50.000Z","volume":1000,"price":15.2,"category":"rbear"},{"type":"B","date":"2018-03-14T07:59:37.000Z","volume":1000,"price":15.22,"category":"rbear"},{"type":"B","date":"2018-03-14T07:58:54.000Z","volume":1000,"price":15.22,"category":"rbear"},{"type":"B","date":"2018-03-14T07:58:54.000Z","volume":1000,"price":15.22,"category":"rbear"},{"type":"B","date":"2018-03-14T07:58:45.000Z","volume":1000,"price":15.22,"category":"rbear"},{"type":"B","date":"2018-03-14T07:58:44.000Z","volume":1000,"price":15.22,"category":"rbear"},{"type":"B","date":"2018-03-14T07:58:28.000Z","volume":1000,"price":15.22,"category":"rbear"},{"type":"B","date":"2018-03-14T07:58:17.000Z","volume":1000,"price":15.22,"category":"rbear"},{"type":"B","date":"2018-03-14T07:58:06.000Z","volume":1000,"price":15.22,"category":"rbear"},{"type":"B","date":"2018-03-14T07:58:04.000Z","volume":1000,"price":15.22,"category":"rbear"},{"type":"B","date":"2018-03-14T07:58:01.000Z","volume":1000,"price":15.22,"category":"rbear"},{"type":"B","date":"2018-03-14T07:57:33.000Z","volume":1000,"price":15.22,"category":"rbear"},{"type":"B","date":"2018-03-14T07:57:18.000Z","volume":1000,"price":15.22,"category":"rbear"},{"type":"B","date":"2018-03-14T07:56:46.000Z","volume":1000,"price":15.22,"category":"rbear"},{"type":"B","date":"2018-03-14T07:56:16.000Z","volume":1000,"price":15.22,"category":"rbear"},{"type":"B","date":"2018-03-14T07:56:04.000Z","volume":1000,"price":15.22,"category":"rbear"},{"type":"B","date":"2018-03-14T07:55:38.000Z","volume":1000,"price":15.22,"category":"rbear"},{"type":"B","date":"2018-03-14T07:55:34.000Z","volume":1000,"price":15.22,"category":"rbear"},{"type":"B","date":"2018-03-14T07:55:24.000Z","volume":1000,"price":15.22,"category":"rbear"},{"type":"B","date":"2018-03-14T07:55:19.000Z","volume":1000,"price":15.22,"category":"rbear"},{"type":"B","date":"2018-03-14T07:55:08.000Z","volume":1000,"price":15.22,"category":"rbear"},{"type":"B","date":"2018-03-14T07:54:34.000Z","volume":1000,"price":15.22,"category":"rbear"},{"type":"B","date":"2018-03-14T07:53:44.000Z","volume":1000,"price":15.22,"category":"rbear"},{"type":"B","date":"2018-03-14T07:53:03.000Z","volume":1000,"price":15.22,"category":"rbear"},{"type":"B","date":"2018-03-14T07:52:05.000Z","volume":1000,"price":15.22,"category":"rbear"},{"type":"B","date":"2018-03-14T07:48:22.000Z","volume":1000,"price":15.28,"category":"rbear"},{"type":"B","date":"2018-03-14T07:46:32.000Z","volume":1000,"price":15.24,"category":"rbear"},{"type":"B","date":"2018-03-14T07:43:38.000Z","volume":1000,"price":15.18,"category":"rbear"},{"type":"B","date":"2018-03-14T07:41:24.000Z","volume":1000,"price":15.18,"category":"rbear"},{"type":"B","date":"2018-03-14T07:40:02.000Z","volume":1000,"price":15.18,"category":"rbear"},{"type":"B","date":"2018-03-14T07:38:00.000Z","volume":1000,"price":15.18,"category":"rbear"},{"type":"B","date":"2018-03-14T07:37:41.000Z","volume":1000,"price":15.18,"category":"rbear"},{"type":"B","date":"2018-03-14T07:32:22.000Z","volume":1000,"price":15.18,"category":"rbear"},{"type":"B","date":"2018-03-14T07:29:26.000Z","volume":1000,"price":15.18,"category":"rbear"},{"type":"B","date":"2018-03-14T07:27:00.000Z","volume":1000,"price":15.18,"category":"rbear"},{"type":"B","date":"2018-03-14T07:26:39.000Z","volume":1000,"price":15.18,"category":"rbear"},{"type":"B","date":"2018-03-14T07:24:04.000Z","volume":1000,"price":15.18,"category":"rbear"},{"type":"B","date":"2018-03-14T07:21:18.000Z","volume":1000,"price":15.18,"category":"rbear"},{"type":"B","date":"2018-03-14T07:13:01.000Z","volume":1000,"price":15.14,"category":"rbear"},{"type":"B","date":"2018-03-14T07:07:30.000Z","volume":1000,"price":15.12,"category":"rbear"},{"type":"B","date":"2018-03-14T07:07:30.000Z","volume":1000,"price":15.14,"category":"rbear"},{"type":"B","date":"2018-03-14T07:07:17.000Z","volume":1000,"price":15.14,"category":"rbear"},{"type":"B","date":"2018-03-14T07:06:41.000Z","volume":1000,"price":15.1,"category":"rbear"},{"type":"B","date":"2018-03-14T07:05:33.000Z","volume":1000,"price":15.12,"category":"rbear"},{"type":"B","date":"2018-03-14T07:05:20.000Z","volume":1000,"price":15.14,"category":"rbear"},{"type":"B","date":"2018-03-14T07:05:20.000Z","volume":1000,"price":15.16,"category":"rbear"},{"type":"B","date":"2018-03-14T07:03:28.000Z","volume":1000,"price":15.24,"category":"rbear"},{"type":"B","date":"2018-03-14T07:01:59.000Z","volume":1000,"price":15.26,"category":"rbear"},{"type":"B","date":"2018-03-14T07:01:59.000Z","volume":1000,"price":15.26,"category":"rbear"},{"type":"B","date":"2018-03-14T07:01:47.000Z","volume":1000,"price":15.26,"category":"rbear"},{"type":"B","date":"2018-03-14T06:59:07.000Z","volume":1000,"price":15.26,"category":"rbear"},{"type":"B","date":"2018-03-14T06:58:15.000Z","volume":1000,"price":15.26,"category":"rbear"},{"type":"B","date":"2018-03-14T06:56:14.000Z","volume":1000,"price":15.26,"category":"rbear"},{"type":"B","date":"2018-03-14T06:52:20.000Z","volume":1000,"price":15.28,"category":"rbear"},{"type":"B","date":"2018-03-14T06:50:43.000Z","volume":1000,"price":15.22,"category":"rbear"},{"type":"B","date":"2018-03-14T06:47:47.000Z","volume":1000,"price":15.22,"category":"rbear"},{"type":"B","date":"2018-03-14T06:43:29.000Z","volume":1000,"price":15.22,"category":"rbear"},{"type":"B","date":"2018-03-14T06:42:22.000Z","volume":1000,"price":15.22,"category":"rbear"},{"type":"B","date":"2018-03-14T06:39:38.000Z","volume":1000,"price":15.22,"category":"rbear"},{"type":"B","date":"2018-03-14T06:34:10.000Z","volume":1000,"price":15.32,"category":"rbear"},{"type":"B","date":"2018-03-14T06:28:27.000Z","volume":1000,"price":15.32,"category":"rbear"},{"type":"B","date":"2018-03-14T06:25:38.000Z","volume":1000,"price":15.32,"category":"rbear"},{"type":"B","date":"2018-03-14T06:24:47.000Z","volume":1000,"price":15.34,"category":"rbear"},{"type":"B","date":"2018-03-14T06:24:26.000Z","volume":1000,"price":15.32,"category":"rbear"},{"type":"B","date":"2018-03-14T06:22:38.000Z","volume":1000,"price":15.32,"category":"rbear"},{"type":"B","date":"2018-03-14T06:17:28.000Z","volume":1000,"price":15.32,"category":"rbear"},{"type":"B","date":"2018-03-14T06:17:01.000Z","volume":1000,"price":15.32,"category":"rbear"},{"type":"B","date":"2018-03-14T06:15:37.000Z","volume":1000,"price":15.34,"category":"rbear"},{"type":"B","date":"2018-03-14T06:15:26.000Z","volume":1000,"price":15.34,"category":"rbear"},{"type":"B","date":"2018-03-14T06:14:08.000Z","volume":1000,"price":15.32,"category":"rbear"},{"type":"B","date":"2018-03-14T06:14:00.000Z","volume":1000,"price":15.32,"category":"rbear"},{"type":"B","date":"2018-03-14T06:13:01.000Z","volume":1000,"price":15.32,"category":"rbear"},{"type":"B","date":"2018-03-14T06:08:16.000Z","volume":1000,"price":15.32,"category":"rbear"},{"type":"B","date":"2018-03-14T06:08:00.000Z","volume":1000,"price":15.32,"category":"rbear"},{"type":"B","date":"2018-03-14T06:07:49.000Z","volume":1000,"price":15.32,"category":"rbear"},{"type":"B","date":"2018-03-14T06:05:40.000Z","volume":1000,"price":15.32,"category":"rbear"},{"type":"B","date":"2018-03-14T06:03:02.000Z","volume":1000,"price":15.32,"category":"rbear"},{"type":"B","date":"2018-03-14T06:02:30.000Z","volume":1000,"price":15.32,"category":"rbear"},{"type":"B","date":"2018-03-14T05:59:44.000Z","volume":1000,"price":15.32,"category":"rbear"},{"type":"B","date":"2018-03-14T05:56:23.000Z","volume":1000,"price":15.3,"category":"rbear"},{"type":"B","date":"2018-03-14T05:55:53.000Z","volume":1000,"price":15.3,"category":"rbear"},{"type":"B","date":"2018-03-14T05:54:23.000Z","volume":1000,"price":15.3,"category":"rbear"},{"type":"B","date":"2018-03-14T05:49:00.000Z","volume":1000,"price":15.3,"category":"rbear"},{"type":"B","date":"2018-03-14T05:48:33.000Z","volume":1000,"price":15.3,"category":"rbear"},{"type":"B","date":"2018-03-14T05:46:14.000Z","volume":1000,"price":15.3,"category":"rbear"},{"type":"B","date":"2018-03-14T05:45:47.000Z","volume":1000,"price":15.3,"category":"rbear"},{"type":"B","date":"2018-03-14T05:41:15.000Z","volume":1000,"price":15.28,"category":"rbear"},{"type":"B","date":"2018-03-14T05:40:04.000Z","volume":1000,"price":15.28,"category":"rbear"},{"type":"B","date":"2018-03-14T05:39:02.000Z","volume":1000,"price":15.28,"category":"rbear"},{"type":"B","date":"2018-03-14T05:38:55.000Z","volume":1000,"price":15.28,"category":"rbear"},{"type":"B","date":"2018-03-14T05:37:32.000Z","volume":1000,"price":15.28,"category":"rbear"},{"type":"B","date":"2018-03-14T05:36:32.000Z","volume":1000,"price":15.28,"category":"rbear"},{"type":"B","date":"2018-03-14T05:35:32.000Z","volume":1000,"price":15.28,"category":"rbear"},{"type":"B","date":"2018-03-14T05:35:32.000Z","volume":1000,"price":15.28,"category":"rbear"},{"type":"B","date":"2018-03-14T05:35:02.000Z","volume":1000,"price":15.28,"category":"rbear"},{"type":"B","date":"2018-03-14T05:32:56.000Z","volume":1000,"price":15.28,"category":"rbear"},{"type":"B","date":"2018-03-14T05:32:22.000Z","volume":1000,"price":15.28,"category":"rbear"},{"type":"B","date":"2018-03-14T05:30:27.000Z","volume":1000,"price":15.3,"category":"rbear"},{"type":"B","date":"2018-03-14T05:29:51.000Z","volume":1000,"price":15.3,"category":"rbear"},{"type":"B","date":"2018-03-14T05:25:05.000Z","volume":1000,"price":15.3,"category":"rbear"},{"type":"B","date":"2018-03-14T05:24:55.000Z","volume":1000,"price":15.3,"category":"rbear"},{"type":"B","date":"2018-03-14T05:23:37.000Z","volume":1000,"price":15.3,"category":"rbear"},{"type":"B","date":"2018-03-14T05:21:23.000Z","volume":1000,"price":15.3,"category":"rbear"},{"type":"B","date":"2018-03-14T05:19:16.000Z","volume":1000,"price":15.28,"category":"rbear"},{"type":"B","date":"2018-03-14T05:18:19.000Z","volume":1000,"price":15.32,"category":"rbear"},{"type":"B","date":"2018-03-14T05:15:59.000Z","volume":1000,"price":15.32,"category":"rbear"},{"type":"B","date":"2018-03-14T05:13:46.000Z","volume":1000,"price":15.32,"category":"rbear"},{"type":"B","date":"2018-03-14T05:13:16.000Z","volume":1000,"price":15.32,"category":"rbear"},{"type":"B","date":"2018-03-14T05:05:10.000Z","volume":1000,"price":15.3,"category":"rbear"},{"type":"B","date":"2018-03-14T05:03:51.000Z","volume":1000,"price":15.3,"category":"rbear"},{"type":"B","date":"2018-03-14T05:03:21.000Z","volume":1000,"price":15.3,"category":"rbear"},{"type":"B","date":"2018-03-14T05:02:51.000Z","volume":1000,"price":15.3,"category":"rbear"},{"type":"B","date":"2018-03-14T05:02:21.000Z","volume":1000,"price":15.28,"category":"rbear"},{"type":"B","date":"2018-03-14T05:01:41.000Z","volume":1000,"price":15.28,"category":"rbear"},{"type":"B","date":"2018-03-14T05:01:14.000Z","volume":1000,"price":15.28,"category":"rbear"},{"type":"B","date":"2018-03-14T05:00:35.000Z","volume":1000,"price":15.28,"category":"rbear"},{"type":"B","date":"2018-03-14T05:00:02.000Z","volume":1000,"price":15.28,"category":"rbear"},{"type":"B","date":"2018-03-14T05:00:01.000Z","volume":1000,"price":15.28,"category":"rbear"},{"type":"B","date":"2018-03-14T03:59:08.000Z","volume":1000,"price":15.28,"category":"rbear"},{"type":"B","date":"2018-03-14T03:59:06.000Z","volume":1000,"price":15.3,"category":"rbear"},{"type":"B","date":"2018-03-14T03:58:04.000Z","volume":1000,"price":15.26,"category":"rbear"},{"type":"B","date":"2018-03-14T03:57:50.000Z","volume":1000,"price":15.26,"category":"rbear"},{"type":"B","date":"2018-03-14T03:56:50.000Z","volume":1000,"price":15.26,"category":"rbear"},{"type":"B","date":"2018-03-14T03:56:26.000Z","volume":1000,"price":15.26,"category":"rbear"},{"type":"B","date":"2018-03-14T03:51:07.000Z","volume":1000,"price":15.24,"category":"rbear"},{"type":"B","date":"2018-03-14T03:48:50.000Z","volume":1000,"price":15.24,"category":"rbear"},{"type":"B","date":"2018-03-14T03:46:11.000Z","volume":1000,"price":15.24,"category":"rbear"},{"type":"B","date":"2018-03-14T03:43:08.000Z","volume":1000,"price":15.24,"category":"rbear"},{"type":"B","date":"2018-03-14T03:41:51.000Z","volume":1000,"price":15.24,"category":"rbear"},{"type":"B","date":"2018-03-14T03:41:51.000Z","volume":1000,"price":15.24,"category":"rbear"},{"type":"B","date":"2018-03-14T03:40:42.000Z","volume":1000,"price":15.24,"category":"rbear"},{"type":"B","date":"2018-03-14T03:37:39.000Z","volume":1000,"price":15.28,"category":"rbear"},{"type":"B","date":"2018-03-14T03:36:50.000Z","volume":1000,"price":15.28,"category":"rbear"},{"type":"B","date":"2018-03-14T03:36:01.000Z","volume":1000,"price":15.28,"category":"rbear"},{"type":"B","date":"2018-03-14T03:35:49.000Z","volume":1000,"price":15.28,"category":"rbear"},{"type":"B","date":"2018-03-14T03:33:10.000Z","volume":1000,"price":15.28,"category":"rbear"},{"type":"B","date":"2018-03-14T03:31:51.000Z","volume":1000,"price":15.28,"category":"rbear"},{"type":"B","date":"2018-03-14T03:26:12.000Z","volume":1000,"price":15.22,"category":"rbear"},{"type":"B","date":"2018-03-14T03:23:20.000Z","volume":1000,"price":15.22,"category":"rbear"},{"type":"B","date":"2018-03-14T03:21:29.000Z","volume":1000,"price":15.24,"category":"rbear"},{"type":"B","date":"2018-03-14T03:19:41.000Z","volume":1000,"price":15.22,"category":"rbear"},{"type":"B","date":"2018-03-14T03:19:31.000Z","volume":1000,"price":15.22,"category":"rbear"},{"type":"B","date":"2018-03-14T03:18:52.000Z","volume":1000,"price":15.24,"category":"rbear"},{"type":"B","date":"2018-03-14T03:18:43.000Z","volume":1000,"price":15.24,"category":"rbear"},{"type":"B","date":"2018-03-14T03:18:23.000Z","volume":1000,"price":15.24,"category":"rbear"},{"type":"B","date":"2018-03-14T03:18:21.000Z","volume":1000,"price":15.24,"category":"rbear"},{"type":"B","date":"2018-03-14T03:18:21.000Z","volume":1000,"price":15.26,"category":"rbear"},{"type":"B","date":"2018-03-14T03:17:58.000Z","volume":1000,"price":15.26,"category":"rbear"},{"type":"B","date":"2018-03-14T03:17:10.000Z","volume":1000,"price":15.26,"category":"rbear"},{"type":"B","date":"2018-03-14T03:16:40.000Z","volume":1000,"price":15.28,"category":"rbear"},{"type":"B","date":"2018-03-14T03:16:10.000Z","volume":1000,"price":15.28,"category":"rbear"},{"type":"B","date":"2018-03-14T03:15:32.000Z","volume":1000,"price":15.28,"category":"rbear"},{"type":"B","date":"2018-03-14T03:15:23.000Z","volume":1000,"price":15.28,"category":"rbear"},{"type":"B","date":"2018-03-14T03:15:17.000Z","volume":1000,"price":15.3,"category":"rbear"},{"type":"B","date":"2018-03-14T03:13:32.000Z","volume":1000,"price":15.28,"category":"rbear"},{"type":"B","date":"2018-03-14T03:12:36.000Z","volume":1000,"price":15.26,"category":"rbear"},{"type":"B","date":"2018-03-14T03:12:07.000Z","volume":1000,"price":15.26,"category":"rbear"},{"type":"B","date":"2018-03-14T03:11:06.000Z","volume":1000,"price":15.26,"category":"rbear"},{"type":"B","date":"2018-03-14T03:09:52.000Z","volume":1000,"price":15.24,"category":"rbear"},{"type":"B","date":"2018-03-14T03:08:30.000Z","volume":1000,"price":15.24,"category":"rbear"},{"type":"B","date":"2018-03-14T03:08:24.000Z","volume":1000,"price":15.26,"category":"rbear"},{"type":"B","date":"2018-03-14T03:07:40.000Z","volume":1000,"price":15.26,"category":"rbear"},{"type":"B","date":"2018-03-14T03:07:15.000Z","volume":1000,"price":15.28,"category":"rbear"},{"type":"B","date":"2018-03-14T03:07:11.000Z","volume":1000,"price":15.28,"category":"rbear"},{"type":"B","date":"2018-03-14T03:06:30.000Z","volume":1000,"price":15.28,"category":"rbear"},{"type":"B","date":"2018-03-14T03:06:22.000Z","volume":1000,"price":15.32,"category":"rbear"},{"type":"B","date":"2018-03-14T03:04:21.000Z","volume":1000,"price":15.3,"category":"rbear"},{"type":"B","date":"2018-03-14T03:01:36.000Z","volume":1000,"price":15.26,"category":"rbear"},{"type":"B","date":"2018-03-14T02:59:10.000Z","volume":1000,"price":15.32,"category":"rbear"},{"type":"B","date":"2018-03-14T02:58:55.000Z","volume":1000,"price":15.32,"category":"rbear"},{"type":"B","date":"2018-03-14T02:58:55.000Z","volume":1000,"price":15.32,"category":"rbear"},{"type":"B","date":"2018-03-14T02:58:33.000Z","volume":1000,"price":15.36,"category":"rbear"},{"type":"B","date":"2018-03-14T02:58:29.000Z","volume":1000,"price":15.36,"category":"rbear"},{"type":"B","date":"2018-03-14T02:57:20.000Z","volume":1000,"price":15.38,"category":"rbear"},{"type":"B","date":"2018-03-14T02:56:54.000Z","volume":1000,"price":15.36,"category":"rbear"},{"type":"B","date":"2018-03-14T02:56:05.000Z","volume":1000,"price":15.38,"category":"rbear"},{"type":"B","date":"2018-03-14T02:55:17.000Z","volume":1000,"price":15.4,"category":"rbear"},{"type":"B","date":"2018-03-14T02:54:31.000Z","volume":1000,"price":15.36,"category":"rbear"},{"type":"B","date":"2018-03-14T02:54:30.000Z","volume":1000,"price":15.38,"category":"rbear"},{"type":"B","date":"2018-03-14T02:54:26.000Z","volume":1000,"price":15.42,"category":"rbear"},{"type":"B","date":"2018-03-14T02:53:25.000Z","volume":1000,"price":15.4,"category":"rbear"},{"type":"B","date":"2018-03-14T02:53:08.000Z","volume":1000,"price":15.38,"category":"rbear"},{"type":"B","date":"2018-03-14T02:52:06.000Z","volume":1000,"price":15.34,"category":"rbear"},{"type":"B","date":"2018-03-14T02:51:57.000Z","volume":1000,"price":15.34,"category":"rbear"},{"type":"B","date":"2018-03-14T02:51:40.000Z","volume":1000,"price":15.32,"category":"rbear"},{"type":"B","date":"2018-03-14T02:51:30.000Z","volume":1000,"price":15.32,"category":"rbear"},{"type":"B","date":"2018-03-14T02:51:22.000Z","volume":1000,"price":15.32,"category":"rbear"},{"type":"B","date":"2018-03-14T02:51:10.000Z","volume":1000,"price":15.32,"category":"rbear"},{"type":"B","date":"2018-03-14T02:50:57.000Z","volume":1000,"price":15.32,"category":"rbear"},{"type":"B","date":"2018-03-14T02:49:17.000Z","volume":1000,"price":15.28,"category":"rbear"},{"type":"B","date":"2018-03-14T02:49:10.000Z","volume":1000,"price":15.26,"category":"rbear"},{"type":"B","date":"2018-03-14T02:49:07.000Z","volume":1000,"price":15.28,"category":"rbear"},{"type":"B","date":"2018-03-14T02:47:50.000Z","volume":1000,"price":15.22,"category":"rbear"},{"type":"B","date":"2018-03-14T02:45:22.000Z","volume":1000,"price":15.2,"category":"rbear"},{"type":"B","date":"2018-03-14T02:44:27.000Z","volume":1000,"price":15.18,"category":"rbear"},{"type":"B","date":"2018-03-14T02:42:19.000Z","volume":1000,"price":15.18,"category":"rbear"},{"type":"B","date":"2018-03-14T02:37:35.000Z","volume":1000,"price":15.18,"category":"rbear"},{"type":"B","date":"2018-03-14T02:36:31.000Z","volume":1000,"price":15.18,"category":"rbear"},{"type":"B","date":"2018-03-14T02:34:06.000Z","volume":1000,"price":15.22,"category":"rbear"},{"type":"B","date":"2018-03-14T02:32:47.000Z","volume":1000,"price":15.18,"category":"rbear"},{"type":"B","date":"2018-03-14T02:31:34.000Z","volume":1000,"price":15.18,"category":"rbear"},{"type":"B","date":"2018-03-14T02:31:05.000Z","volume":1000,"price":15.18,"category":"rbear"},{"type":"B","date":"2018-03-14T02:30:55.000Z","volume":1000,"price":15.18,"category":"rbear"},{"type":"B","date":"2018-03-14T02:30:38.000Z","volume":1000,"price":15.18,"category":"rbear"},{"type":"B","date":"2018-03-14T02:29:22.000Z","volume":1000,"price":15.18,"category":"rbear"},{"type":"B","date":"2018-03-14T02:28:27.000Z","volume":1000,"price":15.18,"category":"rbear"},{"type":"B","date":"2018-03-14T02:27:56.000Z","volume":1000,"price":15.18,"category":"rbear"},{"type":"B","date":"2018-03-14T02:27:46.000Z","volume":1000,"price":15.18,"category":"rbear"},{"type":"B","date":"2018-03-14T02:27:30.000Z","volume":1000,"price":15.18,"category":"rbear"},{"type":"B","date":"2018-03-14T02:23:06.000Z","volume":1000,"price":15.26,"category":"rbear"},{"type":"B","date":"2018-03-14T02:22:12.000Z","volume":1000,"price":15.26,"category":"rbear"},{"type":"B","date":"2018-03-14T02:20:54.000Z","volume":1000,"price":15.26,"category":"rbear"},{"type":"B","date":"2018-03-14T02:20:07.000Z","volume":1000,"price":15.3,"category":"rbear"},{"type":"B","date":"2018-03-14T02:20:05.000Z","volume":1000,"price":15.28,"category":"rbear"},{"type":"B","date":"2018-03-14T02:19:05.000Z","volume":1000,"price":15.32,"category":"rbear"},{"type":"B","date":"2018-03-14T02:14:11.000Z","volume":1000,"price":15.32,"category":"rbear"},{"type":"B","date":"2018-03-14T02:14:06.000Z","volume":1000,"price":15.34,"category":"rbear"},{"type":"B","date":"2018-03-14T02:10:58.000Z","volume":1000,"price":15.3,"category":"rbear"},{"type":"B","date":"2018-03-14T02:09:22.000Z","volume":1000,"price":15.28,"category":"rbear"},{"type":"B","date":"2018-03-14T02:09:08.000Z","volume":1000,"price":15.26,"category":"rbear"},{"type":"B","date":"2018-03-14T02:07:58.000Z","volume":1000,"price":15.24,"category":"rbear"},{"type":"B","date":"2018-03-14T02:06:26.000Z","volume":1000,"price":15.2,"category":"rbear"},{"type":"B","date":"2018-03-14T02:05:55.000Z","volume":1000,"price":15.22,"category":"rbear"},{"type":"B","date":"2018-03-14T01:59:59.000Z","volume":1000,"price":15.2,"category":"rbear"},{"type":"B","date":"2018-03-14T01:59:40.000Z","volume":1000,"price":15.2,"category":"rbear"},{"type":"B","date":"2018-03-14T01:59:11.000Z","volume":1000,"price":15.2,"category":"rbear"},{"type":"B","date":"2018-03-14T01:58:19.000Z","volume":1000,"price":15.2,"category":"rbear"},{"type":"B","date":"2018-03-14T01:57:24.000Z","volume":1000,"price":15.18,"category":"rbear"},{"type":"B","date":"2018-03-14T01:57:12.000Z","volume":1000,"price":15.18,"category":"rbear"},{"type":"B","date":"2018-03-14T01:56:54.000Z","volume":1000,"price":15.18,"category":"rbear"},{"type":"B","date":"2018-03-14T01:56:35.000Z","volume":1000,"price":15.2,"category":"rbear"},{"type":"B","date":"2018-03-14T01:56:33.000Z","volume":1000,"price":15.2,"category":"rbear"},{"type":"B","date":"2018-03-14T01:56:32.000Z","volume":1000,"price":15.2,"category":"rbear"},{"type":"B","date":"2018-03-14T01:56:20.000Z","volume":1000,"price":15.2,"category":"rbear"},{"type":"B","date":"2018-03-14T01:55:51.000Z","volume":1000,"price":15.2,"category":"rbear"},{"type":"B","date":"2018-03-14T01:55:23.000Z","volume":1000,"price":15.22,"category":"rbear"},{"type":"B","date":"2018-03-14T01:54:48.000Z","volume":1000,"price":15.24,"category":"rbear"},{"type":"B","date":"2018-03-14T01:52:36.000Z","volume":1000,"price":15.2,"category":"rbear"},{"type":"B","date":"2018-03-14T01:51:12.000Z","volume":1000,"price":15.24,"category":"rbear"},{"type":"B","date":"2018-03-14T01:51:02.000Z","volume":1000,"price":15.24,"category":"rbear"},{"type":"B","date":"2018-03-14T01:51:02.000Z","volume":1000,"price":15.26,"category":"rbear"},{"type":"B","date":"2018-03-14T01:50:35.000Z","volume":1000,"price":15.24,"category":"rbear"},{"type":"B","date":"2018-03-14T01:50:26.000Z","volume":1000,"price":15.24,"category":"rbear"},{"type":"B","date":"2018-03-14T01:49:52.000Z","volume":1000,"price":15.24,"category":"rbear"},{"type":"B","date":"2018-03-14T01:49:27.000Z","volume":1000,"price":15.24,"category":"rbear"},{"type":"B","date":"2018-03-14T01:49:05.000Z","volume":1000,"price":15.26,"category":"rbear"},{"type":"B","date":"2018-03-14T01:48:39.000Z","volume":1000,"price":15.26,"category":"rbear"},{"type":"B","date":"2018-03-14T01:48:20.000Z","volume":1000,"price":15.26,"category":"rbear"},{"type":"B","date":"2018-03-14T01:45:08.000Z","volume":1000,"price":15.28,"category":"rbear"},{"type":"B","date":"2018-03-14T01:44:59.000Z","volume":1000,"price":15.3,"category":"rbear"},{"type":"B","date":"2018-03-14T01:44:59.000Z","volume":1000,"price":15.3,"category":"rbear"},{"type":"B","date":"2018-03-14T01:44:27.000Z","volume":1000,"price":15.32,"category":"rbear"},{"type":"B","date":"2018-03-14T01:43:06.000Z","volume":1000,"price":15.32,"category":"rbear"},{"type":"B","date":"2018-03-14T01:42:38.000Z","volume":1000,"price":15.32,"category":"rbear"},{"type":"B","date":"2018-03-14T01:42:14.000Z","volume":1000,"price":15.34,"category":"rbear"},{"type":"B","date":"2018-03-14T01:41:14.000Z","volume":1000,"price":15.32,"category":"rbear"}