[{"type":"U","date":"2018-03-23T01:20:00.000Z","volume":500000,"label":"U","price":0.96},{"type":"B","date":"2018-03-23T01:30:13.000Z","volume":6000,"label":" ","price":0.95},{"type":"A","date":"2018-03-23T01:30:22.000Z","volume":46000,"label":" ","price":0.95},{"type":"A","date":"2018-03-23T01:30:22.000Z","volume":54000,"label":" ","price":0.96},{"type":"A","date":"2018-03-23T01:30:37.000Z","volume":10000,"label":" ","price":0.95},{"type":"B","date":"2018-03-23T01:34:46.000Z","volume":170000,"label":" ","price":0.93},{"type":"B","date":"2018-03-23T01:38:59.000Z","volume":150000,"label":" ","price":0.93},{"type":"B","date":"2018-03-23T01:39:53.000Z","volume":4000,"label":" ","price":0.93},{"type":"B","date":"2018-03-23T01:40:36.000Z","volume":8000,"label":"Y","price":0.93},{"type":"B","date":"2018-03-23T01:40:36.000Z","volume":12000,"label":" ","price":0.93},{"type":"B","date":"2018-03-23T01:41:24.000Z","volume":20000,"label":" ","price":0.93},{"type":"B","date":"2018-03-23T01:41:38.000Z","volume":10000,"label":" ","price":0.93},{"type":"B","date":"2018-03-23T01:43:24.000Z","volume":30000,"label":" ","price":0.93},{"type":"B","date":"2018-03-23T01:44:40.000Z","volume":4000,"label":" ","price":0.93},{"type":"B","date":"2018-03-23T01:45:04.000Z","volume":60000,"label":" ","price":0.93},{"type":"A","date":"2018-03-23T01:48:07.000Z","volume":150000,"label":" ","price":0.94},{"type":"A","date":"2018-03-23T01:48:07.000Z","volume":12000,"label":" ","price":0.94},{"type":"B","date":"2018-03-23T01:52:04.000Z","volume":10000,"label":" ","price":0.94},{"type":"A","date":"2018-03-23T01:53:23.000Z","volume":36000,"label":" ","price":0.95},{"type":"A","date":"2018-03-23T01:53:40.000Z","volume":30000,"label":" ","price":0.95},{"type":"A","date":"2018-03-23T01:58:08.000Z","volume":18000,"label":" ","price":0.95},{"type":"A","date":"2018-03-23T01:58:08.000Z","volume":28000,"label":" ","price":0.95},{"type":"A","date":"2018-03-23T01:58:50.000Z","volume":40000,"label":" ","price":0.95},{"type":"A","date":"2018-03-23T01:58:56.000Z","volume":2000,"label":" ","price":0.95},{"type":"B","date":"2018-03-23T01:59:26.000Z","volume":10000,"label":" ","price":0.94},{"type":"B","date":"2018-03-23T02:02:55.000Z","volume":104000,"label":" ","price":0.94},{"type":"B","date":"2018-03-23T02:03:18.000Z","volume":14000,"label":"Y","price":0.94},{"type":"B","date":"2018-03-23T02:03:18.000Z","volume":26000,"label":" ","price":0.94},{"type":"B","date":"2018-03-23T02:04:20.000Z","volume":30000,"label":" ","price":0.94},{"type":"B","date":"2018-03-23T02:19:52.000Z","volume":194000,"label":" ","price":0.94},{"type":"B","date":"2018-03-23T02:19:52.000Z","volume":774000,"label":" ","price":0.93},{"type":"B","date":"2018-03-23T02:19:52.000Z","volume":32000,"label":" ","price":0.93},{"type":"B","date":"2018-03-23T02:21:06.000Z","volume":50000,"label":" ","price":0.92},{"type":"A","date":"2018-03-23T02:21:18.000Z","volume":20000,"label":" ","price":0.93},{"type":"A","date":"2018-03-23T02:22:00.000Z","volume":16000,"label":" ","price":0.93},{"type":"A","date":"2018-03-23T02:22:10.000Z","volume":106000,"label":" ","price":0.93},{"type":"A","date":"2018-03-23T02:22:42.000Z","volume":8000,"label":" ","price":0.93},{"type":"B","date":"2018-03-23T02:25:25.000Z","volume":8000,"label":"Y","price":0.92},{"type":"B","date":"2018-03-23T02:25:25.000Z","volume":92000,"label":" ","price":0.92},{"type":"B","date":"2018-03-23T02:27:18.000Z","volume":84000,"label":" ","price":0.92},{"type":"B","date":"2018-03-23T02:27:18.000Z","volume":30000,"label":" ","price":0.92},{"type":"B","date":"2018-03-23T02:28:46.000Z","volume":40000,"label":" ","price":0.92},{"type":"A","date":"2018-03-23T02:36:35.000Z","volume":130000,"label":" ","price":0.93},{"type":"A","date":"2018-03-23T02:37:37.000Z","volume":50000,"label":" ","price":0.93},{"type":"A","date":"2018-03-23T02:40:07.000Z","volume":20000,"label":" ","price":0.93},{"type":"B","date":"2018-03-23T02:43:56.000Z","volume":100000,"label":" ","price":0.92},{"type":"A","date":"2018-03-23T02:44:35.000Z","volume":10000,"label":" ","price":0.93},{"type":"A","date":"2018-03-23T02:45:09.000Z","volume":50000,"label":" ","price":0.93},{"type":"A","date":"2018-03-23T02:46:30.000Z","volume":6000,"label":" ","price":0.93},{"type":"B","date":"2018-03-23T02:46:47.000Z","volume":26000,"label":" ","price":0.92},{"type":"B","date":"2018-03-23T02:48:34.000Z","volume":2000,"label":" ","price":0.92},{"type":"A","date":"2018-03-23T02:57:51.000Z","volume":30000,"label":" ","price":0.93},{"type":"A","date":"2018-03-23T02:57:52.000Z","volume":4000,"label":" ","price":0.93},{"type":"B","date":"2018-03-23T03:05:58.000Z","volume":16000,"label":" ","price":0.93},{"type":"B","date":"2018-03-23T03:22:20.000Z","volume":50000,"label":" ","price":0.93},{"type":"B","date":"2018-03-23T03:26:04.000Z","volume":40000,"label":" ","price":0.93},{"type":"B","date":"2018-03-23T03:26:49.000Z","volume":60000,"label":" ","price":0.93},{"type":"B","date":"2018-03-23T03:26:49.000Z","volume":60000,"label":" ","price":0.93},{"type":"B","date":"2018-03-23T03:37:57.000Z","volume":50000,"label":" ","price":0.93},{"type":"B","date":"2018-03-23T03:43:34.000Z","volume":10000,"label":" ","price":0.93},{"type":"B","date":"2018-03-23T03:44:29.000Z","volume":154000,"label":" ","price":0.93},{"type":"A","date":"2018-03-23T03:45:21.000Z","volume":12000,"label":" ","price":0.93},{"type":"A","date":"2018-03-23T03:46:57.000Z","volume":10000,"label":" ","price":0.93},{"type":"A","date":"2018-03-23T03:47:43.000Z","volume":40000,"label":" ","price":0.93},{"type":"A","date":"2018-03-23T03:49:04.000Z","volume":40000,"label":" ","price":0.93},{"type":"A","date":"2018-03-23T05:00:04.000Z","volume":50000,"label":" ","price":0.93},{"type":"A","date":"2018-03-23T05:00:08.000Z","volume":20000,"label":" ","price":0.93},{"type":"A","date":"2018-03-23T05:00:30.000Z","volume":30000,"label":" ","price":0.93},{"type":"B","date":"2018-03-23T05:06:06.000Z","volume":20000,"label":" ","price":0.92},{"type":"B","date":"2018-03-23T05:15:17.000Z","volume":20000,"label":"Y","price":0.92},{"type":"B","date":"2018-03-23T05:17:56.000Z","volume":10000,"label":" ","price":0.92},{"type":"A","date":"2018-03-23T05:18:26.000Z","volume":6000,"label":" ","price":0.93},{"type":"A","date":"2018-03-23T05:22:56.000Z","volume":20000,"label":" ","price":0.93},{"type":"A","date":"2018-03-23T05:32:28.000Z","volume":50000,"label":" ","price":0.93},{"type":"A","date":"2018-03-23T05:35:34.000Z","volume":30000,"label":" ","price":0.93},{"type":"A","date":"2018-03-23T05:36:36.000Z","volume":50000,"label":" ","price":0.93},{"type":"A","date":"2018-03-23T05:48:10.000Z","volume":76000,"label":" ","price":0.93},{"type":"A","date":"2018-03-23T06:12:02.000Z","volume":30000,"label":" ","price":0.93},{"type":"B","date":"2018-03-23T06:15:15.000Z","volume":200000,"label":" ","price":0.92},{"type":"B","date":"2018-03-23T06:15:24.000Z","volume":352000,"label":" ","price":0.92},{"type":"B","date":"2018-03-23T06:15:36.000Z","volume":50000,"label":" ","price":0.92},{"type":"B","date":"2018-03-23T06:16:56.000Z","volume":20000,"label":" ","price":0.92},{"type":"B","date":"2018-03-23T06:17:01.000Z","volume":20000,"label":" ","price":0.92},{"type":"B","date":"2018-03-23T06:17:16.000Z","volume":30000,"label":" ","price":0.92},{"type":"B","date":"2018-03-23T06:19:54.000Z","volume":6000,"label":" ","price":0.92},{"type":"B","date":"2018-03-23T06:20:13.000Z","volume":6000,"label":" ","price":0.92},{"type":"B","date":"2018-03-23T06:21:42.000Z","volume":10000,"label":" ","price":0.92},{"type":"B","date":"2018-03-23T06:25:27.000Z","volume":8000,"label":" ","price":0.92},{"type":"B","date":"2018-03-23T06:28:11.000Z","volume":2000,"label":" ","price":0.92},{"type":"B","date":"2018-03-23T06:32:01.000Z","volume":70000,"label":" ","price":0.92},{"type":"A","date":"2018-03-23T06:33:36.000Z","volume":10000,"label":" ","price":0.93},{"type":"A","date":"2018-03-23T06:42:07.000Z","volume":2000,"label":" ","price":0.93},{"type":"B","date":"2018-03-23T06:52:49.000Z","volume":230000,"label":" ","price":0.92},{"type":"B","date":"2018-03-23T06:52:52.000Z","volume":230000,"label":" ","price":0.92},{"type":"B","date":"2018-03-23T06:52:52.000Z","volume":40000,"label":" ","price":0.92},{"type":"B","date":"2018-03-23T06:52:52.000Z","volume":42000,"label":" ","price":0.92},{"type":"B","date":"2018-03-23T06:52:53.000Z","volume":42000,"label":" ","price":0.92},{"type":"B","date":"2018-03-23T06:54:34.000Z","volume":6000,"label":" ","price":0.92},{"type":"B","date":"2018-03-23T06:57:22.000Z","volume":40000,"label":" ","price":0.92},{"type":"A","date":"2018-03-23T07:01:34.000Z","volume":100000,"label":" ","price":0.93},{"type":"B","date":"2018-03-23T07:08:34.000Z","volume":4000,"label":" ","price":0.92},{"type":"A","date":"2018-03-23T07:11:16.000Z","volume":50000,"label":" ","price":0.93},{"type":"A","date":"2018-03-23T07:14:26.000Z","volume":30000,"label":" ","price":0.93},{"type":"B","date":"2018-03-23T07:30:47.000Z","volume":150000,"label":" ","price":0.92},{"type":"A","date":"2018-03-23T07:40:21.000Z","volume":32000,"label":"Y","price":0.93},{"type":"A","date":"2018-03-23T07:40:21.000Z","volume":8000,"label":" ","price":0.93},{"type":"A","date":"2018-03-23T07:42:26.000Z","volume":30000,"label":" ","price":0.93},{"type":"B","date":"2018-03-23T07:43:53.000Z","volume":30000,"label":" ","price":0.92},{"type":"B","date":"2018-03-23T07:53:03.000Z","volume":90000,"label":" ","price":0.92},{"type":"B","date":"2018-03-23T07:53:03.000Z","volume":50000,"label":" ","price":0.92},{"type":"A","date":"2018-03-23T07:53:08.000Z","volume":16000,"label":" ","price":0.92},{"type":"A","date":"2018-03-23T07:53:08.000Z","volume":26000,"label":" ","price":0.92},{"type":"A","date":"2018-03-23T07:54:14.000Z","volume":16000,"label":" ","price":0.92},{"type":"A","date":"2018-03-23T07:55:13.000Z","volume":20000,"label":" ","price":0.92},{"type":"A","date":"2018-03-23T07:56:00.000Z","volume":18000,"label":" ","price":0.92},{"type":"A","date":"2018-03-23T07:59:01.000Z","volume":8000,"label":" ","price":0.93},{"type":"B","date":"2018-03-23T07:59:09.000Z","volume":20000,"label":" ","price":0.92},{"type":"A","date":"2018-03-23T07:59:15.000Z","volume":10000,"label":" ","price":0.93},{"type":"A","date":"2018-03-23T07:59:30.000Z","volume":8000,"label":" ","price":0.93},{"type":"A","date":"2018-03-23T07:59:45.000Z","volume":10000,"label":" ","price":0.93}]