[{"type":"U","date":"2018-04-26T01:20:00.000Z","volume":2000,"label":"U","price":4.07},{"type":"A","date":"2018-04-26T01:41:32.000Z","volume":2000,"label":" ","price":4.06},{"type":"B","date":"2018-04-26T01:41:37.000Z","volume":2000,"label":" ","price":4.01},{"type":"A","date":"2018-04-26T01:43:01.000Z","volume":4000,"label":"Y","price":4.06},{"type":"B","date":"2018-04-26T01:45:10.000Z","volume":6000,"label":"Y","price":4.03},{"type":"B","date":"2018-04-26T01:45:10.000Z","volume":52000,"label":" ","price":4.03},{"type":"B","date":"2018-04-26T01:45:12.000Z","volume":4000,"label":" ","price":4.03},{"type":"B","date":"2018-04-26T01:45:13.000Z","volume":2000,"label":" ","price":4.03},{"type":"A","date":"2018-04-26T01:45:28.000Z","volume":2000,"label":"Y","price":4.06},{"type":"A","date":"2018-04-26T01:45:38.000Z","volume":2000,"label":" ","price":4.06},{"type":"A","date":"2018-04-26T01:46:50.000Z","volume":2000,"label":" ","price":4.06},{"type":"A","date":"2018-04-26T01:48:18.000Z","volume":2000,"label":" ","price":4.06},{"type":"B","date":"2018-04-26T01:49:34.000Z","volume":12000,"label":"Y","price":4.04},{"type":"B","date":"2018-04-26T01:49:34.000Z","volume":8000,"label":" ","price":4.04},{"type":"B","date":"2018-04-26T01:49:34.000Z","volume":2000,"label":" ","price":4.04},{"type":"B","date":"2018-04-26T01:49:34.000Z","volume":2000,"label":" ","price":4.03},{"type":"B","date":"2018-04-26T01:49:35.000Z","volume":2000,"label":" ","price":4.03},{"type":"A","date":"2018-04-26T02:01:38.000Z","volume":2000,"label":" ","price":4.05},{"type":"A","date":"2018-04-26T02:01:54.000Z","volume":2000,"label":" ","price":4.05},{"type":"A","date":"2018-04-26T02:04:10.000Z","volume":2000,"label":" ","price":4.04},{"type":"A","date":"2018-04-26T02:04:10.000Z","volume":2000,"label":" ","price":4.04},{"type":"A","date":"2018-04-26T02:04:10.000Z","volume":2000,"label":" ","price":4.04},{"type":"A","date":"2018-04-26T02:04:10.000Z","volume":2000,"label":" ","price":4.04},{"type":"A","date":"2018-04-26T02:04:10.000Z","volume":2000,"label":" ","price":4.04},{"type":"A","date":"2018-04-26T02:04:10.000Z","volume":2000,"label":" ","price":4.04},{"type":"U","date":"2018-04-26T02:04:10.000Z","volume":2000,"label":"X","price":4.035},{"type":"A","date":"2018-04-26T02:04:16.000Z","volume":2000,"label":" ","price":4.04},{"type":"A","date":"2018-04-26T02:04:35.000Z","volume":2000,"label":" ","price":4.04},{"type":"A","date":"2018-04-26T02:05:07.000Z","volume":6000,"label":" ","price":4.04},{"type":"A","date":"2018-04-26T02:06:58.000Z","volume":2000,"label":" ","price":4.05},{"type":"A","date":"2018-04-26T02:08:47.000Z","volume":2000,"label":" ","price":4.05},{"type":"A","date":"2018-04-26T02:08:47.000Z","volume":4000,"label":" ","price":4.05},{"type":"A","date":"2018-04-26T02:08:59.000Z","volume":2000,"label":" ","price":4.05},{"type":"A","date":"2018-04-26T02:09:38.000Z","volume":2000,"label":" ","price":4.05},{"type":"A","date":"2018-04-26T02:09:38.000Z","volume":2000,"label":"Y","price":4.05},{"type":"B","date":"2018-04-26T02:12:43.000Z","volume":10000,"label":" ","price":4.04},{"type":"B","date":"2018-04-26T02:12:46.000Z","volume":8000,"label":" ","price":4.05},{"type":"B","date":"2018-04-26T02:13:47.000Z","volume":4000,"label":" ","price":4.05},{"type":"B","date":"2018-04-26T02:14:13.000Z","volume":2000,"label":" ","price":4.05},{"type":"A","date":"2018-04-26T02:14:48.000Z","volume":2000,"label":" ","price":4.06},{"type":"B","date":"2018-04-26T02:20:00.000Z","volume":4000,"label":" ","price":4.05},{"type":"A","date":"2018-04-26T02:23:13.000Z","volume":2000,"label":" ","price":4.06},{"type":"B","date":"2018-04-26T02:25:12.000Z","volume":2000,"label":" ","price":4.05},{"type":"A","date":"2018-04-26T02:26:55.000Z","volume":2000,"label":" ","price":4.06},{"type":"B","date":"2018-04-26T02:26:56.000Z","volume":2000,"label":" ","price":4.05},{"type":"A","date":"2018-04-26T02:28:18.000Z","volume":2000,"label":" ","price":4.06},{"type":"B","date":"2018-04-26T02:30:22.000Z","volume":4000,"label":"Y","price":4.05},{"type":"B","date":"2018-04-26T02:30:22.000Z","volume":10000,"label":" ","price":4.05},{"type":"B","date":"2018-04-26T02:30:26.000Z","volume":12000,"label":" ","price":4.05},{"type":"A","date":"2018-04-26T02:30:30.000Z","volume":2000,"label":" ","price":4.06},{"type":"U","date":"2018-04-26T02:31:13.000Z","volume":2000,"label":"X","price":4.04},{"type":"A","date":"2018-04-26T02:32:30.000Z","volume":2000,"label":" ","price":4.06},{"type":"B","date":"2018-04-26T02:33:11.000Z","volume":2000,"label":" ","price":4.04},{"type":"U","date":"2018-04-26T02:38:24.000Z","volume":2000,"label":" ","price":4.05},{"type":"B","date":"2018-04-26T02:38:25.000Z","volume":2000,"label":" ","price":4.05},{"type":"B","date":"2018-04-26T02:38:43.000Z","volume":2000,"label":" ","price":4.05},{"type":"B","date":"2018-04-26T02:45:43.000Z","volume":2000,"label":" ","price":4.05},{"type":"B","date":"2018-04-26T02:48:30.000Z","volume":2000,"label":" ","price":4.05},{"type":"B","date":"2018-04-26T02:52:08.000Z","volume":8000,"label":" ","price":4.05},{"type":"A","date":"2018-04-26T02:54:05.000Z","volume":2000,"label":" ","price":4.06},{"type":"U","date":"2018-04-26T02:55:14.000Z","volume":2000,"label":"X","price":4.05},{"type":"A","date":"2018-04-26T02:56:40.000Z","volume":2000,"label":" ","price":4.06},{"type":"B","date":"2018-04-26T02:57:13.000Z","volume":10000,"label":" ","price":4.05},{"type":"A","date":"2018-04-26T02:59:49.000Z","volume":2000,"label":" ","price":4.06},{"type":"B","date":"2018-04-26T03:00:15.000Z","volume":6000,"label":"Y","price":4.05},{"type":"B","date":"2018-04-26T03:00:15.000Z","volume":18000,"label":" ","price":4.05},{"type":"B","date":"2018-04-26T03:00:15.000Z","volume":4000,"label":" ","price":4.05},{"type":"U","date":"2018-04-26T03:00:15.000Z","volume":8000,"label":"X","price":4.045},{"type":"A","date":"2018-04-26T03:00:15.000Z","volume":2000,"label":"Y","price":4.05},{"type":"A","date":"2018-04-26T03:00:15.000Z","volume":4000,"label":" ","price":4.05},{"type":"A","date":"2018-04-26T03:00:31.000Z","volume":2000,"label":" ","price":4.05},{"type":"B","date":"2018-04-26T03:02:13.000Z","volume":4000,"label":" ","price":4.04},{"type":"B","date":"2018-04-26T03:04:14.000Z","volume":2000,"label":" ","price":4.04},{"type":"B","date":"2018-04-26T03:05:33.000Z","volume":8000,"label":" ","price":4.04},{"type":"A","date":"2018-04-26T03:05:33.000Z","volume":2000,"label":" ","price":4.04},{"type":"B","date":"2018-04-26T03:05:46.000Z","volume":12000,"label":" ","price":4.03},{"type":"B","date":"2018-04-26T03:05:46.000Z","volume":2000,"label":" ","price":4.02},{"type":"B","date":"2018-04-26T03:05:46.000Z","volume":4000,"label":" ","price":4.01},{"type":"B","date":"2018-04-26T03:05:46.000Z","volume":2000,"label":" ","price":4},{"type":"B","date":"2018-04-26T03:08:15.000Z","volume":2000,"label":" ","price":4.02},{"type":"B","date":"2018-04-26T03:13:39.000Z","volume":6000,"label":" ","price":4.02},{"type":"B","date":"2018-04-26T03:13:54.000Z","volume":12000,"label":" ","price":4.03},{"type":"B","date":"2018-04-26T03:16:57.000Z","volume":12000,"label":" ","price":4.03},{"type":"B","date":"2018-04-26T03:17:03.000Z","volume":4000,"label":" ","price":4.03},{"type":"A","date":"2018-04-26T03:19:24.000Z","volume":2000,"label":" ","price":4.04},{"type":"A","date":"2018-04-26T03:27:16.000Z","volume":2000,"label":" ","price":4.04},{"type":"A","date":"2018-04-26T03:30:38.000Z","volume":2000,"label":" ","price":4.04},{"type":"A","date":"2018-04-26T03:30:38.000Z","volume":2000,"label":" ","price":4.04},{"type":"B","date":"2018-04-26T03:31:16.000Z","volume":4000,"label":" ","price":4.03},{"type":"B","date":"2018-04-26T03:36:15.000Z","volume":2000,"label":" ","price":4.03},{"type":"B","date":"2018-04-26T03:37:11.000Z","volume":2000,"label":" ","price":4.03},{"type":"A","date":"2018-04-26T03:39:17.000Z","volume":2000,"label":" ","price":4.04},{"type":"A","date":"2018-04-26T03:39:17.000Z","volume":2000,"label":" ","price":4.04},{"type":"B","date":"2018-04-26T03:41:48.000Z","volume":2000,"label":" ","price":4.03},{"type":"B","date":"2018-04-26T03:43:39.000Z","volume":6000,"label":"Y","price":4.03},{"type":"B","date":"2018-04-26T03:43:39.000Z","volume":4000,"label":" ","price":4.03},{"type":"B","date":"2018-04-26T03:45:15.000Z","volume":2000,"label":" ","price":4.03},{"type":"A","date":"2018-04-26T03:46:32.000Z","volume":2000,"label":" ","price":4.04},{"type":"A","date":"2018-04-26T03:47:40.000Z","volume":2000,"label":" ","price":4.04},{"type":"B","date":"2018-04-26T03:48:05.000Z","volume":10000,"label":" ","price":4.03},{"type":"A","date":"2018-04-26T03:52:17.000Z","volume":2000,"label":" ","price":4.04},{"type":"B","date":"2018-04-26T03:54:15.000Z","volume":2000,"label":" ","price":4.03},{"type":"A","date":"2018-04-26T03:55:32.000Z","volume":2000,"label":" ","price":4.04},{"type":"B","date":"2018-04-26T03:56:14.000Z","volume":4000,"label":" ","price":4.03},{"type":"B","date":"2018-04-26T03:57:15.000Z","volume":2000,"label":"Y","price":4.03},{"type":"B","date":"2018-04-26T03:57:15.000Z","volume":2000,"label":" ","price":4.03},{"type":"A","date":"2018-04-26T03:59:34.000Z","volume":2000,"label":" ","price":4.04},{"type":"B","date":"2018-04-26T05:00:03.000Z","volume":2000,"label":" ","price":4.03},{"type":"A","date":"2018-04-26T05:02:05.000Z","volume":2000,"label":" ","price":4.04},{"type":"A","date":"2018-04-26T05:10:17.000Z","volume":2000,"label":" ","price":4.04},{"type":"A","date":"2018-04-26T05:10:17.000Z","volume":2000,"label":" ","price":4.04},{"type":"A","date":"2018-04-26T05:11:38.000Z","volume":2000,"label":" ","price":4.04},{"type":"A","date":"2018-04-26T05:12:26.000Z","volume":2000,"label":" ","price":4.04},{"type":"A","date":"2018-04-26T05:17:06.000Z","volume":2000,"label":" ","price":4.04},{"type":"A","date":"2018-04-26T05:18:17.000Z","volume":2000,"label":" ","price":4.04},{"type":"A","date":"2018-04-26T05:18:17.000Z","volume":2000,"label":" ","price":4.04},{"type":"A","date":"2018-04-26T05:18:17.000Z","volume":2000,"label":" ","price":4.04},{"type":"A","date":"2018-04-26T05:22:02.000Z","volume":2000,"label":" ","price":4.04},{"type":"A","date":"2018-04-26T05:27:17.000Z","volume":2000,"label":" ","price":4.04},{"type":"A","date":"2018-04-26T05:27:17.000Z","volume":2000,"label":" ","price":4.04},{"type":"A","date":"2018-04-26T05:27:17.000Z","volume":2000,"label":" ","price":4.04},{"type":"A","date":"2018-04-26T05:30:30.000Z","volume":2000,"label":" ","price":4.04},{"type":"A","date":"2018-04-26T05:31:10.000Z","volume":2000,"label":" ","price":4.04},{"type":"B","date":"2018-04-26T05:31:18.000Z","volume":2000,"label":"Y","price":4.03},{"type":"A","date":"2018-04-26T05:31:18.000Z","volume":2000,"label":" ","price":4.04},{"type":"A","date":"2018-04-26T05:34:32.000Z","volume":2000,"label":" ","price":4.04},{"type":"A","date":"2018-04-26T05:34:32.000Z","volume":2000,"label":" ","price":4.04},{"type":"A","date":"2018-04-26T05:34:32.000Z","volume":2000,"label":"Y","price":4.04},{"type":"A","date":"2018-04-26T05:40:17.000Z","volume":2000,"label":" ","price":4.04},{"type":"A","date":"2018-04-26T05:40:31.000Z","volume":2000,"label":" ","price":4.04},{"type":"A","date":"2018-04-26T05:40:31.000Z","volume":2000,"label":" ","price":4.04},{"type":"B","date":"2018-04-26T05:40:48.000Z","volume":2000,"label":" ","price":4.03},{"type":"A","date":"2018-04-26T05:41:02.000Z","volume":2000,"label":" ","price":4.04},{"type":"A","date":"2018-04-26T05:41:02.000Z","volume":2000,"label":" ","price":4.04},{"type":"A","date":"2018-04-26T05:47:17.000Z","volume":2000,"label":" ","price":4.04},{"type":"A","date":"2018-04-26T05:47:17.000Z","volume":2000,"label":" ","price":4.04},{"type":"A","date":"2018-04-26T05:48:17.000Z","volume":2000,"label":" ","price":4.04},{"type":"A","date":"2018-04-26T05:48:18.000Z","volume":2000,"label":" ","price":4.04},{"type":"A","date":"2018-04-26T05:52:24.000Z","volume":2000,"label":" ","price":4.04},{"type":"A","date":"2018-04-26T05:55:17.000Z","volume":2000,"label":" ","price":4.04},{"type":"A","date":"2018-04-26T05:55:17.000Z","volume":2000,"label":" ","price":4.04},{"type":"A","date":"2018-04-26T05:55:17.000Z","volume":2000,"label":" ","price":4.04},{"type":"A","date":"2018-04-26T05:55:38.000Z","volume":2000,"label":" ","price":4.04},{"type":"A","date":"2018-04-26T05:58:52.000Z","volume":2000,"label":" ","price":4.04},{"type":"B","date":"2018-04-26T05:59:19.000Z","volume":2000,"label":" ","price":4.03},{"type":"B","date":"2018-04-26T05:59:19.000Z","volume":12000,"label":" ","price":4.03},{"type":"A","date":"2018-04-26T06:01:55.000Z","volume":2000,"label":" ","price":4.04},{"type":"B","date":"2018-04-26T06:05:04.000Z","volume":2000,"label":" ","price":4.03},{"type":"A","date":"2018-04-26T06:05:32.000Z","volume":2000,"label":" ","price":4.04},{"type":"A","date":"2018-04-26T06:05:32.000Z","volume":2000,"label":" ","price":4.04},{"type":"A","date":"2018-04-26T06:05:32.000Z","volume":2000,"label":" ","price":4.04},{"type":"A","date":"2018-04-26T06:10:43.000Z","volume":2000,"label":" ","price":4.04},{"type":"A","date":"2018-04-26T06:13:13.000Z","volume":2000,"label":" ","price":4.04},{"type":"A","date":"2018-04-26T06:14:02.000Z","volume":2000,"label":" ","price":4.04},{"type":"A","date":"2018-04-26T06:14:02.000Z","volume":2000,"label":" ","price":4.04},{"type":"B","date":"2018-04-26T06:15:49.000Z","volume":32000,"label":" ","price":4.03},{"type":"B","date":"2018-04-26T06:15:49.000Z","volume":6000,"label":" ","price":4.03},{"type":"B","date":"2018-04-26T06:18:32.000Z","volume":2000,"label":" ","price":4.02},{"type":"A","date":"2018-04-26T06:18:32.000Z","volume":2000,"label":" ","price":4.02},{"type":"A","date":"2018-04-26T06:18:32.000Z","volume":8000,"label":" ","price":4.02},{"type":"B","date":"2018-04-26T06:19:10.000Z","volume":2000,"label":" ","price":4.02},{"type":"B","date":"2018-04-26T06:19:49.000Z","volume":4000,"label":" ","price":4.02},{"type":"B","date":"2018-04-26T06:21:45.000Z","volume":4000,"label":" ","price":4.02},{"type":"A","date":"2018-04-26T06:23:47.000Z","volume":2000,"label":" ","price":4.03},{"type":"B","date":"2018-04-26T06:24:06.000Z","volume":2000,"label":" ","price":4.02},{"type":"A","date":"2018-04-26T06:27:17.000Z","volume":2000,"label":" ","price":4.03},{"type":"B","date":"2018-04-26T06:27:45.000Z","volume":4000,"label":" ","price":4.02},{"type":"B","date":"2018-04-26T06:31:23.000Z","volume":6000,"label":" ","price":4.02},{"type":"B","date":"2018-04-26T06:31:41.000Z","volume":10000,"label":" ","price":4.02},{"type":"B","date":"2018-04-26T06:35:18.000Z","volume":6000,"label":" ","price":4.02},{"type":"A","date":"2018-04-26T06:35:18.000Z","volume":2000,"label":" ","price":4.03},{"type":"B","date":"2018-04-26T06:36:55.000Z","volume":16000,"label":" ","price":4.02},{"type":"B","date":"2018-04-26T06:36:55.000Z","volume":22000,"label":" ","price":4.01},{"type":"B","date":"2018-04-26T06:36:55.000Z","volume":2000,"label":" ","price":4},{"type":"A","date":"2018-04-26T06:37:10.000Z","volume":4000,"label":" ","price":4.03},{"type":"B","date":"2018-04-26T06:38:43.000Z","volume":2000,"label":" ","price":4.02},{"type":"B","date":"2018-04-26T06:39:08.000Z","volume":6000,"label":" ","price":4.02},{"type":"U","date":"2018-04-26T06:43:10.000Z","volume":10000,"label":"X","price":4.03},{"type":"U","date":"2018-04-26T06:43:10.000Z","volume":10000,"label":"X","price":4.03},{"type":"U","date":"2018-04-26T06:43:10.000Z","volume":8000,"label":"X","price":4.03},{"type":"U","date":"2018-04-26T06:43:10.000Z","volume":2000,"label":"X","price":4.025},{"type":"U","date":"2018-04-26T06:43:10.000Z","volume":2000,"label":"X","price":4.03},{"type":"U","date":"2018-04-26T06:43:10.000Z","volume":2000,"label":"X","price":4.03},{"type":"A","date":"2018-04-26T06:43:10.000Z","volume":36000,"label":" ","price":4.03},{"type":"A","date":"2018-04-26T06:43:10.000Z","volume":56000,"label":" ","price":4.04},{"type":"U","date":"2018-04-26T06:43:10.000Z","volume":2000,"label":"X","price":4.03},{"type":"A","date":"2018-04-26T06:43:10.000Z","volume":2000,"label":" ","price":4.05},{"type":"A","date":"2018-04-26T06:43:11.000Z","volume":4000,"label":" ","price":4.05},{"type":"B","date":"2018-04-26T06:43:14.000Z","volume":36000,"label":" ","price":4.04},{"type":"A","date":"2018-04-26T06:43:17.000Z","volume":2000,"label":" ","price":4.05},{"type":"A","date":"2018-04-26T06:43:18.000Z","volume":18000,"label":" ","price":4.05},{"type":"A","date":"2018-04-26T06:43:18.000Z","volume":2000,"label":" ","price":4.05},{"type":"A","date":"2018-04-26T06:43:33.000Z","volume":22000,"label":" ","price":4.06},{"type":"U","date":"2018-04-26T06:43:36.000Z","volume":42000,"label":" ","price":4.05},{"type":"U","date":"2018-04-26T06:43:36.000Z","volume":12000,"label":"X","price":4.05},{"type":"A","date":"2018-04-26T06:43:40.000Z","volume":4000,"label":" ","price":4.06},{"type":"A","date":"2018-04-26T06:43:53.000Z","volume":2000,"label":" ","price":4.06},{"type":"A","date":"2018-04-26T06:44:04.000Z","volume":2000,"label":" ","price":4.05},{"type":"A","date":"2018-04-26T06:44:26.000Z","volume":2000,"label":" ","price":4.05},{"type":"B","date":"2018-04-26T06:44:54.000Z","volume":18000,"label":" ","price":4.04},{"type":"A","date":"2018-04-26T06:46:13.000Z","volume":2000,"label":" ","price":4.05},{"type":"A","date":"2018-04-26T06:47:19.000Z","volume":2000,"label":" ","price":4.05},{"type":"A","date":"2018-04-26T06:48:53.000Z","volume":2000,"label":" ","price":4.05},{"type":"A","date":"2018-04-26T06:49:02.000Z","volume":2000,"label":" ","price":4.05},{"type":"A","date":"2018-04-26T06:50:49.000Z","volume":2000,"label":" ","price":4.05},{"type":"A","date":"2018-04-26T06:51:11.000Z","volume":2000,"label":" ","price":4.05},{"type":"A","date":"2018-04-26T06:51:33.000Z","volume":2000,"label":" ","price":4.05},{"type":"A","date":"2018-04-26T06:53:34.000Z","volume":2000,"label":" ","price":4.05},{"type":"A","date":"2018-04-26T06:53:48.000Z","volume":2000,"label":" ","price":4.05},{"type":"A","date":"2018-04-26T06:54:13.000Z","volume":2000,"label":" ","price":4.05},{"type":"A","date":"2018-04-26T06:55:34.000Z","volume":4000,"label":" ","price":4.05},{"type":"A","date":"2018-04-26T06:56:51.000Z","volume":2000,"label":" ","price":4.05},{"type":"A","date":"2018-04-26T06:57:34.000Z","volume":2000,"label":" ","price":4.05},{"type":"A","date":"2018-04-26T06:59:23.000Z","volume":2000,"label":" ","price":4.05},{"type":"A","date":"2018-04-26T07:01:53.000Z","volume":2000,"label":" ","price":4.05},{"type":"A","date":"2018-04-26T07:02:49.000Z","volume":2000,"label":" ","price":4.05},{"type":"A","date":"2018-04-26T07:04:23.000Z","volume":2000,"label":" ","price":4.05},{"type":"A","date":"2018-04-26T07:04:57.000Z","volume":4000,"label":" ","price":4.05},{"type":"A","date":"2018-04-26T07:04:57.000Z","volume":6000,"label":" ","price":4.05},{"type":"A","date":"2018-04-26T07:07:38.000Z","volume":2000,"label":" ","price":4.05},{"type":"A","date":"2018-04-26T07:08:12.000Z","volume":2000,"label":" ","price":4.05},{"type":"A","date":"2018-04-26T07:08:13.000Z","volume":2000,"label":" ","price":4.05},{"type":"A","date":"2018-04-26T07:09:01.000Z","volume":2000,"label":" ","price":4.05},{"type":"A","date":"2018-04-26T07:10:38.000Z","volume":2000,"label":"Y","price":4.05},{"type":"A","date":"2018-04-26T07:10:38.000Z","volume":4000,"label":" ","price":4.05},{"type":"A","date":"2018-04-26T07:11:49.000Z","volume":2000,"label":" ","price":4.05},{"type":"A","date":"2018-04-26T07:13:39.000Z","volume":2000,"label":" ","price":4.05},{"type":"A","date":"2018-04-26T07:14:23.000Z","volume":2000,"label":" ","price":4.05},{"type":"A","date":"2018-04-26T07:14:43.000Z","volume":2000,"label":" ","price":4.05},{"type":"A","date":"2018-04-26T07:15:19.000Z","volume":2000,"label":" ","price":4.05},{"type":"A","date":"2018-04-26T07:16:40.000Z","volume":2000,"label":" ","price":4.05},{"type":"A","date":"2018-04-26T07:16:40.000Z","volume":4000,"label":" ","price":4.05},{"type":"A","date":"2018-04-26T07:16:53.000Z","volume":2000,"label":" ","price":4.06},{"type":"B","date":"2018-04-26T07:17:20.000Z","volume":2000,"label":" ","price":4.05},{"type":"B","date":"2018-04-26T07:17:41.000Z","volume":36000,"label":" ","price":4.05},{"type":"B","date":"2018-04-26T07:17:41.000Z","volume":4000,"label":" ","price":4.05},{"type":"B","date":"2018-04-26T07:17:41.000Z","volume":20000,"label":" ","price":4.05},{"type":"B","date":"2018-04-26T07:17:41.000Z","volume":10000,"label":" ","price":4.05},{"type":"B","date":"2018-04-26T07:19:14.000Z","volume":6000,"label":" ","price":4.05},{"type":"B","date":"2018-04-26T07:23:11.000Z","volume":4000,"label":" ","price":4.05},{"type":"B","date":"2018-04-26T07:24:16.000Z","volume":20000,"label":" ","price":4.05},{"type":"A","date":"2018-04-26T07:24:17.000Z","volume":10000,"label":" ","price":4.05},{"type":"A","date":"2018-04-26T07:24:19.000Z","volume":22000,"label":" ","price":4.05},{"type":"A","date":"2018-04-26T07:24:19.000Z","volume":2000,"label":" ","price":4.05},{"type":"A","date":"2018-04-26T07:24:32.000Z","volume":2000,"label":" ","price":4.05},{"type":"A","date":"2018-04-26T07:24:49.000Z","volume":2000,"label":" ","price":4.05},{"type":"A","date":"2018-04-26T07:26:20.000Z","volume":2000,"label":" ","price":4.05},{"type":"A","date":"2018-04-26T07:27:50.000Z","volume":2000,"label":" ","price":4.05},{"type":"B","date":"2018-04-26T07:28:13.000Z","volume":2000,"label":" ","price":4.04},{"type":"A","date":"2018-04-26T07:29:20.000Z","volume":2000,"label":" ","price":4.05},{"type":"U","date":"2018-04-26T07:29:22.000Z","volume":2000,"label":"X","price":4.04},{"type":"A","date":"2018-04-26T07:32:20.000Z","volume":2000,"label":" ","price":4.05},{"type":"A","date":"2018-04-26T07:35:35.000Z","volume":2000,"label":" ","price":4.05},{"type":"A","date":"2018-04-26T07:35:35.000Z","volume":2000,"label":" ","price":4.05},{"type":"A","date":"2018-04-26T07:36:24.000Z","volume":2000,"label":" ","price":4.05},{"type":"A","date":"2018-04-26T07:37:20.000Z","volume":2000,"label":" ","price":4.05},{"type":"A","date":"2018-04-26T07:39:06.000Z","volume":16000,"label":" ","price":4.05},{"type":"B","date":"2018-04-26T07:39:09.000Z","volume":4000,"label":" ","price":4.05},{"type":"A","date":"2018-04-26T07:40:33.000Z","volume":2000,"label":" ","price":4.06},{"type":"A","date":"2018-04-26T07:41:02.000Z","volume":2000,"label":" ","price":4.06},{"type":"A","date":"2018-04-26T07:44:23.000Z","volume":2000,"label":" ","price":4.06},{"type":"A","date":"2018-04-26T07:44:34.000Z","volume":2000,"label":" ","price":4.06},{"type":"A","date":"2018-04-26T07:44:34.000Z","volume":2000,"label":" ","price":4.06},{"type":"B","date":"2018-04-26T07:46:02.000Z","volume":2000,"label":" ","price":4.05},{"type":"B","date":"2018-04-26T07:46:44.000Z","volume":2000,"label":"Y","price":4.05},{"type":"B","date":"2018-04-26T07:46:44.000Z","volume":18000,"label":" ","price":4.05},{"type":"B","date":"2018-04-26T07:47:03.000Z","volume":2000,"label":"Y","price":4.05},{"type":"B","date":"2018-04-26T07:47:03.000Z","volume":4000,"label":" ","price":4.05},{"type":"A","date":"2018-04-26T07:47:50.000Z","volume":2000,"label":"Y","price":4.05},{"type":"A","date":"2018-04-26T07:48:35.000Z","volume":2000,"label":" ","price":4.05},{"type":"A","date":"2018-04-26T07:49:36.000Z","volume":2000,"label":" ","price":4.05},{"type":"B","date":"2018-04-26T07:50:35.000Z","volume":22000,"label":" ","price":4.04},{"type":"A","date":"2018-04-26T07:51:05.000Z","volume":2000,"label":" ","price":4.05},{"type":"A","date":"2018-04-26T07:51:05.000Z","volume":2000,"label":" ","price":4.06},{"type":"B","date":"2018-04-26T07:51:54.000Z","volume":8000,"label":" ","price":4.04},{"type":"U","date":"2018-04-26T07:51:54.000Z","volume":2000,"label":"X","price":4.045},{"type":"A","date":"2018-04-26T07:52:03.000Z","volume":2000,"label":" ","price":4.05},{"type":"A","date":"2018-04-26T07:52:13.000Z","volume":2000,"label":" ","price":4.05},{"type":"A","date":"2018-04-26T07:53:35.000Z","volume":2000,"label":" ","price":4.05},{"type":"B","date":"2018-04-26T07:54:19.000Z","volume":6000,"label":" ","price":4.04},{"type":"A","date":"2018-04-26T07:55:00.000Z","volume":2000,"label":" ","price":4.05},{"type":"A","date":"2018-04-26T07:55:35.000Z","volume":2000,"label":" ","price":4.05},{"type":"B","date":"2018-04-26T07:56:09.000Z","volume":8000,"label":" ","price":4.04},{"type":"A","date":"2018-04-26T07:56:47.000Z","volume":2000,"label":" ","price":4.05},{"type":"A","date":"2018-04-26T07:57:20.000Z","volume":2000,"label":" ","price":4.05},{"type":"A","date":"2018-04-26T07:58:01.000Z","volume":2000,"label":" ","price":4.05},{"type":"A","date":"2018-04-26T07:58:43.000Z","volume":2000,"label":" ","price":4.05},{"type":"A","date":"2018-04-26T07:58:53.000Z","volume":2000,"label":" ","price":4.05},{"type":"A","date":"2018-04-26T07:59:01.000Z","volume":2000,"label":" ","price":4.05},{"type":"A","date":"2018-04-26T07:59:02.000Z","volume":2000,"label":" ","price":4.06},{"type":"A","date":"2018-04-26T07:59:02.000Z","volume":2000,"label":" ","price":4.06},{"type":"A","date":"2018-04-26T07:59:05.000Z","volume":2000,"label":" ","price":4.05},{"type":"A","date":"2018-04-26T07:59:15.000Z","volume":2000,"label":" ","price":4.06},{"type":"A","date":"2018-04-26T07:59:41.000Z","volume":2000,"label":" ","price":4.05},{"type":"A","date":"2018-04-26T07:59:43.000Z","volume":2000,"label":" ","price":4.06},{"type":"A","date":"2018-04-26T07:59:45.000Z","volume":2000,"label":" ","price":4.06},{"type":"U","date":"2018-04-26T08:08:16.000Z","volume":2000,"label":"U","price":4.06}]