[{"type":"A","date":"2018-04-11T01:34:34.000Z","volume":30000,"label":" ","price":0.63},{"type":"A","date":"2018-04-11T01:45:34.000Z","volume":10000,"label":" ","price":0.63},{"type":"A","date":"2018-04-11T01:45:34.000Z","volume":10000,"label":" ","price":0.63},{"type":"A","date":"2018-04-11T01:51:04.000Z","volume":10000,"label":" ","price":0.63},{"type":"A","date":"2018-04-11T01:57:19.000Z","volume":10000,"label":" ","price":0.63},{"type":"A","date":"2018-04-11T01:57:19.000Z","volume":10000,"label":" ","price":0.63},{"type":"B","date":"2018-04-11T02:03:15.000Z","volume":90000,"label":" ","price":0.62},{"type":"A","date":"2018-04-11T02:05:34.000Z","volume":160000,"label":" ","price":0.62},{"type":"A","date":"2018-04-11T02:07:34.000Z","volume":10000,"label":" ","price":0.63},{"type":"A","date":"2018-04-11T02:07:34.000Z","volume":10000,"label":" ","price":0.63},{"type":"A","date":"2018-04-11T02:13:19.000Z","volume":10000,"label":" ","price":0.63},{"type":"A","date":"2018-04-11T02:13:19.000Z","volume":10000,"label":" ","price":0.63},{"type":"A","date":"2018-04-11T02:17:49.000Z","volume":10000,"label":" ","price":0.63},{"type":"A","date":"2018-04-11T02:17:49.000Z","volume":10000,"label":" ","price":0.63},{"type":"A","date":"2018-04-11T02:24:04.000Z","volume":10000,"label":" ","price":0.63},{"type":"A","date":"2018-04-11T02:25:42.000Z","volume":5000,"label":" ","price":0.63},{"type":"A","date":"2018-04-11T02:28:49.000Z","volume":10000,"label":" ","price":0.63},{"type":"A","date":"2018-04-11T02:34:04.000Z","volume":10000,"label":" ","price":0.63},{"type":"A","date":"2018-04-11T02:34:04.000Z","volume":10000,"label":"Y","price":0.63},{"type":"A","date":"2018-04-11T02:44:19.000Z","volume":5000,"label":"Y","price":0.63},{"type":"A","date":"2018-04-11T02:44:19.000Z","volume":5000,"label":" ","price":0.63},{"type":"A","date":"2018-04-11T02:44:19.000Z","volume":10000,"label":" ","price":0.63},{"type":"A","date":"2018-04-11T02:52:19.000Z","volume":10000,"label":" ","price":0.63},{"type":"A","date":"2018-04-11T02:52:19.000Z","volume":10000,"label":" ","price":0.63},{"type":"A","date":"2018-04-11T02:54:11.000Z","volume":100000,"label":" ","price":0.63},{"type":"A","date":"2018-04-11T02:56:19.000Z","volume":10000,"label":" ","price":0.63},{"type":"A","date":"2018-04-11T02:59:35.000Z","volume":5000,"label":" ","price":0.63},{"type":"B","date":"2018-04-11T02:59:47.000Z","volume":40000,"label":" ","price":0.62},{"type":"A","date":"2018-04-11T02:59:49.000Z","volume":10000,"label":" ","price":0.63},{"type":"A","date":"2018-04-11T03:05:49.000Z","volume":10000,"label":" ","price":0.63},{"type":"A","date":"2018-04-11T03:10:10.000Z","volume":10000,"label":" ","price":0.63},{"type":"A","date":"2018-04-11T03:14:04.000Z","volume":10000,"label":" ","price":0.63},{"type":"A","date":"2018-04-11T03:14:04.000Z","volume":10000,"label":" ","price":0.63},{"type":"A","date":"2018-04-11T03:22:34.000Z","volume":10000,"label":" ","price":0.63},{"type":"A","date":"2018-04-11T03:22:34.000Z","volume":10000,"label":" ","price":0.63},{"type":"A","date":"2018-04-11T03:28:04.000Z","volume":10000,"label":" ","price":0.63},{"type":"A","date":"2018-04-11T03:28:04.000Z","volume":10000,"label":" ","price":0.63},{"type":"B","date":"2018-04-11T03:30:16.000Z","volume":80000,"label":" ","price":0.62},{"type":"A","date":"2018-04-11T03:38:19.000Z","volume":10000,"label":" ","price":0.63},{"type":"A","date":"2018-04-11T03:38:19.000Z","volume":10000,"label":" ","price":0.63},{"type":"A","date":"2018-04-11T03:38:19.000Z","volume":5000,"label":" ","price":0.63},{"type":"A","date":"2018-04-11T03:38:19.000Z","volume":20000,"label":" ","price":0.63},{"type":"A","date":"2018-04-11T03:48:04.000Z","volume":10000,"label":" ","price":0.63},{"type":"A","date":"2018-04-11T03:48:04.000Z","volume":10000,"label":" ","price":0.63},{"type":"A","date":"2018-04-11T03:51:19.000Z","volume":5000,"label":" ","price":0.63},{"type":"A","date":"2018-04-11T03:51:19.000Z","volume":5000,"label":" ","price":0.63},{"type":"A","date":"2018-04-11T03:51:19.000Z","volume":10000,"label":" ","price":0.63},{"type":"A","date":"2018-04-11T03:54:04.000Z","volume":10000,"label":" ","price":0.63},{"type":"A","date":"2018-04-11T03:55:34.000Z","volume":10000,"label":" ","price":0.63},{"type":"A","date":"2018-04-11T03:58:19.000Z","volume":5000,"label":" ","price":0.63},{"type":"B","date":"2018-04-11T05:16:11.000Z","volume":60000,"label":" ","price":0.62},{"type":"A","date":"2018-04-11T05:16:47.000Z","volume":10000,"label":" ","price":0.63},{"type":"A","date":"2018-04-11T05:16:47.000Z","volume":10000,"label":" ","price":0.63},{"type":"B","date":"2018-04-11T05:23:40.000Z","volume":140000,"label":" ","price":0.62},{"type":"B","date":"2018-04-11T05:50:47.000Z","volume":20000,"label":" ","price":0.62},{"type":"A","date":"2018-04-11T05:50:47.000Z","volume":10000,"label":" ","price":0.62},{"type":"B","date":"2018-04-11T05:51:03.000Z","volume":45000,"label":" ","price":0.62},{"type":"B","date":"2018-04-11T05:59:57.000Z","volume":55000,"label":" ","price":0.62},{"type":"B","date":"2018-04-11T06:21:58.000Z","volume":50000,"label":" ","price":0.62},{"type":"A","date":"2018-04-11T06:27:32.000Z","volume":10000,"label":" ","price":0.63},{"type":"A","date":"2018-04-11T06:27:32.000Z","volume":10000,"label":" ","price":0.63},{"type":"A","date":"2018-04-11T06:37:47.000Z","volume":10000,"label":" ","price":0.63},{"type":"A","date":"2018-04-11T06:40:47.000Z","volume":10000,"label":" ","price":0.63},{"type":"A","date":"2018-04-11T06:46:32.000Z","volume":15000,"label":" ","price":0.63},{"type":"A","date":"2018-04-11T06:54:32.000Z","volume":10000,"label":" ","price":0.63},{"type":"A","date":"2018-04-11T06:54:48.000Z","volume":30000,"label":" ","price":0.63},{"type":"A","date":"2018-04-11T06:57:17.000Z","volume":10000,"label":"Y","price":0.63},{"type":"A","date":"2018-04-11T07:03:32.000Z","volume":10000,"label":"Y","price":0.63},{"type":"B","date":"2018-04-11T07:08:25.000Z","volume":35000,"label":" ","price":0.62},{"type":"A","date":"2018-04-11T07:10:32.000Z","volume":10000,"label":" ","price":0.62},{"type":"A","date":"2018-04-11T07:10:32.000Z","volume":10000,"label":" ","price":0.62},{"type":"A","date":"2018-04-11T07:10:32.000Z","volume":10000,"label":" ","price":0.62},{"type":"A","date":"2018-04-11T07:10:32.000Z","volume":10000,"label":" ","price":0.62},{"type":"A","date":"2018-04-11T07:10:32.000Z","volume":10000,"label":" ","price":0.62},{"type":"A","date":"2018-04-11T07:10:32.000Z","volume":5000,"label":" ","price":0.62},{"type":"A","date":"2018-04-11T07:25:19.000Z","volume":100000,"label":" ","price":0.62},{"type":"A","date":"2018-04-11T07:29:32.000Z","volume":10000,"label":" ","price":0.62},{"type":"B","date":"2018-04-11T07:33:45.000Z","volume":5000,"label":" ","price":0.61},{"type":"A","date":"2018-04-11T07:35:02.000Z","volume":15000,"label":" ","price":0.62},{"type":"A","date":"2018-04-11T07:38:47.000Z","volume":10000,"label":" ","price":0.62},{"type":"A","date":"2018-04-11T07:41:17.000Z","volume":10000,"label":" ","price":0.62},{"type":"A","date":"2018-04-11T07:41:17.000Z","volume":10000,"label":" ","price":0.62},{"type":"A","date":"2018-04-11T07:46:17.000Z","volume":10000,"label":" ","price":0.62},{"type":"A","date":"2018-04-11T07:46:17.000Z","volume":15000,"label":" ","price":0.62},{"type":"A","date":"2018-04-11T07:49:32.000Z","volume":10000,"label":" ","price":0.62},{"type":"A","date":"2018-04-11T07:49:32.000Z","volume":10000,"label":" ","price":0.62},{"type":"A","date":"2018-04-11T07:53:02.000Z","volume":5000,"label":" ","price":0.62},{"type":"A","date":"2018-04-11T07:53:02.000Z","volume":5000,"label":" ","price":0.62},{"type":"A","date":"2018-04-11T07:53:02.000Z","volume":5000,"label":" ","price":0.62},{"type":"B","date":"2018-04-11T07:53:20.000Z","volume":1090000,"label":" ","price":0.61},{"type":"A","date":"2018-04-11T07:53:20.000Z","volume":20000,"label":" ","price":0.61},{"type":"A","date":"2018-04-11T07:53:52.000Z","volume":100000,"label":" ","price":0.61},{"type":"A","date":"2018-04-11T07:54:08.000Z","volume":100000,"label":" ","price":0.61},{"type":"A","date":"2018-04-11T07:56:02.000Z","volume":5000,"label":" ","price":0.62},{"type":"A","date":"2018-04-11T07:56:32.000Z","volume":5000,"label":" ","price":0.62},{"type":"A","date":"2018-04-11T07:57:18.000Z","volume":5000,"label":" ","price":0.62},{"type":"A","date":"2018-04-11T07:58:00.000Z","volume":5000,"label":" ","price":0.62},{"type":"A","date":"2018-04-11T07:59:00.000Z","volume":5000,"label":" ","price":0.62}]