[{"type":"A","date":"2018-04-27T01:43:57.000Z","volume":20000,"label":" ","price":0.88},{"type":"A","date":"2018-04-27T01:44:02.000Z","volume":2000,"label":" ","price":0.88},{"type":"A","date":"2018-04-27T01:44:12.000Z","volume":4000,"label":" ","price":0.89},{"type":"A","date":"2018-04-27T01:44:22.000Z","volume":1000,"label":" ","price":0.89},{"type":"A","date":"2018-04-27T01:44:32.000Z","volume":1000,"label":" ","price":0.89},{"type":"A","date":"2018-04-27T02:30:29.000Z","volume":50000,"label":" ","price":0.89},{"type":"A","date":"2018-04-27T02:30:32.000Z","volume":13000,"label":" ","price":0.89},{"type":"B","date":"2018-04-27T02:30:37.000Z","volume":3000,"label":" ","price":0.87},{"type":"A","date":"2018-04-27T02:30:42.000Z","volume":6000,"label":" ","price":0.88},{"type":"A","date":"2018-04-27T02:30:52.000Z","volume":2000,"label":" ","price":0.88},{"type":"A","date":"2018-04-27T02:31:02.000Z","volume":1000,"label":" ","price":0.88},{"type":"B","date":"2018-04-27T02:39:04.000Z","volume":1000,"label":" ","price":0.87},{"type":"A","date":"2018-04-27T02:43:52.000Z","volume":1000,"label":" ","price":0.88},{"type":"B","date":"2018-04-27T02:44:42.000Z","volume":1000,"label":" ","price":0.87},{"type":"B","date":"2018-04-27T03:14:23.000Z","volume":30000,"label":" ","price":0.87},{"type":"B","date":"2018-04-27T03:14:23.000Z","volume":20000,"label":" ","price":0.86},{"type":"B","date":"2018-04-27T03:14:23.000Z","volume":33000,"label":" ","price":0.86},{"type":"A","date":"2018-04-27T03:14:23.000Z","volume":2000,"label":" ","price":0.88},{"type":"A","date":"2018-04-27T03:14:33.000Z","volume":18000,"label":" ","price":0.89},{"type":"A","date":"2018-04-27T03:14:43.000Z","volume":4000,"label":" ","price":0.89},{"type":"A","date":"2018-04-27T03:14:53.000Z","volume":1000,"label":" ","price":0.89},{"type":"A","date":"2018-04-27T03:15:03.000Z","volume":1000,"label":" ","price":0.89},{"type":"A","date":"2018-04-27T03:15:33.000Z","volume":1000,"label":" ","price":0.89},{"type":"B","date":"2018-04-27T03:32:32.000Z","volume":1000,"label":" ","price":0.87},{"type":"B","date":"2018-04-27T03:32:35.000Z","volume":1000,"label":" ","price":0.87},{"type":"B","date":"2018-04-27T05:13:59.000Z","volume":1000,"label":" ","price":0.87},{"type":"B","date":"2018-04-27T05:21:34.000Z","volume":1000,"label":" ","price":0.87},{"type":"A","date":"2018-04-27T05:27:03.000Z","volume":1000,"label":" ","price":0.88},{"type":"B","date":"2018-04-27T05:29:48.000Z","volume":1000,"label":" ","price":0.87},{"type":"B","date":"2018-04-27T07:59:31.000Z","volume":1000,"label":" ","price":0.87},{"type":"B","date":"2018-04-27T07:59:34.000Z","volume":11000,"label":" ","price":0.87},{"type":"A","date":"2018-04-27T07:59:37.000Z","volume":2000,"label":" ","price":0.88},{"type":"B","date":"2018-04-27T07:59:47.000Z","volume":1000,"label":" ","price":0.87},{"type":"A","date":"2018-04-27T07:59:47.000Z","volume":1000,"label":" ","price":0.88},{"type":"A","date":"2018-04-27T07:59:57.000Z","volume":1000,"label":" ","price":0.88},{"type":"B","date":"2018-04-27T07:59:59.000Z","volume":1000,"label":" ","price":0.87}]