[{"type":"A","date":"2018-04-23T01:30:04.000Z","volume":310000,"label":" ","price":0.89},{"type":"A","date":"2018-04-23T01:30:04.000Z","volume":22000,"label":" ","price":0.89},{"type":"A","date":"2018-04-23T01:30:27.000Z","volume":60000,"label":" ","price":0.9},{"type":"A","date":"2018-04-23T01:30:27.000Z","volume":28000,"label":" ","price":0.9},{"type":"A","date":"2018-04-23T01:31:35.000Z","volume":112000,"label":" ","price":0.91},{"type":"B","date":"2018-04-23T01:32:26.000Z","volume":100000,"label":" ","price":0.91},{"type":"B","date":"2018-04-23T01:32:29.000Z","volume":16000,"label":" ","price":0.91},{"type":"A","date":"2018-04-23T01:32:39.000Z","volume":14000,"label":" ","price":0.91},{"type":"B","date":"2018-04-23T01:33:06.000Z","volume":2000,"label":" ","price":0.91},{"type":"B","date":"2018-04-23T01:34:31.000Z","volume":34000,"label":" ","price":0.91},{"type":"B","date":"2018-04-23T01:38:12.000Z","volume":6000,"label":" ","price":0.9},{"type":"B","date":"2018-04-23T01:39:44.000Z","volume":20000,"label":" ","price":0.9},{"type":"A","date":"2018-04-23T01:39:59.000Z","volume":4000,"label":" ","price":0.91},{"type":"A","date":"2018-04-23T01:40:59.000Z","volume":14000,"label":" ","price":0.91},{"type":"A","date":"2018-04-23T01:41:54.000Z","volume":400000,"label":" ","price":0.92},{"type":"A","date":"2018-04-23T01:41:54.000Z","volume":8000,"label":" ","price":0.92},{"type":"A","date":"2018-04-23T01:42:13.000Z","volume":388000,"label":" ","price":0.93},{"type":"A","date":"2018-04-23T01:42:13.000Z","volume":12000,"label":" ","price":0.93},{"type":"A","date":"2018-04-23T01:42:22.000Z","volume":16000,"label":" ","price":0.94},{"type":"B","date":"2018-04-23T01:42:30.000Z","volume":50000,"label":" ","price":0.94},{"type":"B","date":"2018-04-23T01:42:32.000Z","volume":20000,"label":" ","price":0.94},{"type":"B","date":"2018-04-23T01:43:28.000Z","volume":20000,"label":"Y","price":0.94},{"type":"B","date":"2018-04-23T01:43:28.000Z","volume":26000,"label":" ","price":0.94},{"type":"B","date":"2018-04-23T01:44:03.000Z","volume":2000,"label":" ","price":0.93},{"type":"B","date":"2018-04-23T01:45:06.000Z","volume":8000,"label":" ","price":0.93},{"type":"B","date":"2018-04-23T01:45:10.000Z","volume":2000,"label":" ","price":0.93},{"type":"A","date":"2018-04-23T01:45:55.000Z","volume":28000,"label":" ","price":0.94},{"type":"B","date":"2018-04-23T01:46:06.000Z","volume":100000,"label":" ","price":0.93},{"type":"B","date":"2018-04-23T01:46:06.000Z","volume":100000,"label":" ","price":0.92},{"type":"B","date":"2018-04-23T01:53:08.000Z","volume":40000,"label":" ","price":0.93},{"type":"B","date":"2018-04-23T01:57:09.000Z","volume":48000,"label":" ","price":0.93},{"type":"B","date":"2018-04-23T01:59:52.000Z","volume":80000,"label":" ","price":0.93},{"type":"B","date":"2018-04-23T02:00:12.000Z","volume":4000,"label":" ","price":0.93},{"type":"B","date":"2018-04-23T02:01:59.000Z","volume":2000,"label":" ","price":0.93},{"type":"A","date":"2018-04-23T02:02:09.000Z","volume":34000,"label":" ","price":0.93},{"type":"B","date":"2018-04-23T02:16:06.000Z","volume":210000,"label":" ","price":0.92},{"type":"B","date":"2018-04-23T02:16:06.000Z","volume":4000,"label":" ","price":0.92},{"type":"A","date":"2018-04-23T02:23:04.000Z","volume":4000,"label":" ","price":0.92},{"type":"A","date":"2018-04-23T02:31:13.000Z","volume":2000,"label":" ","price":0.92},{"type":"A","date":"2018-04-23T02:33:18.000Z","volume":2000,"label":" ","price":0.92},{"type":"A","date":"2018-04-23T02:39:50.000Z","volume":4000,"label":" ","price":0.92},{"type":"B","date":"2018-04-23T02:45:33.000Z","volume":10000,"label":" ","price":0.92},{"type":"B","date":"2018-04-23T02:47:31.000Z","volume":60000,"label":" ","price":0.92},{"type":"B","date":"2018-04-23T02:48:25.000Z","volume":10000,"label":" ","price":0.92},{"type":"B","date":"2018-04-23T02:52:55.000Z","volume":42000,"label":" ","price":0.92},{"type":"A","date":"2018-04-23T02:53:03.000Z","volume":26000,"label":" ","price":0.92},{"type":"A","date":"2018-04-23T02:53:22.000Z","volume":20000,"label":" ","price":0.92},{"type":"A","date":"2018-04-23T02:53:41.000Z","volume":12000,"label":" ","price":0.92},{"type":"B","date":"2018-04-23T03:08:36.000Z","volume":52000,"label":" ","price":0.92},{"type":"A","date":"2018-04-23T03:08:56.000Z","volume":24000,"label":" ","price":0.92},{"type":"A","date":"2018-04-23T03:09:20.000Z","volume":16000,"label":" ","price":0.92},{"type":"A","date":"2018-04-23T03:33:07.000Z","volume":2000,"label":" ","price":0.92},{"type":"A","date":"2018-04-23T03:58:26.000Z","volume":20000,"label":" ","price":0.92},{"type":"B","date":"2018-04-23T05:00:03.000Z","volume":20000,"label":" ","price":0.91},{"type":"A","date":"2018-04-23T05:37:37.000Z","volume":2000,"label":" ","price":0.92},{"type":"B","date":"2018-04-23T06:06:54.000Z","volume":24000,"label":" ","price":0.91},{"type":"A","date":"2018-04-23T06:08:52.000Z","volume":2000,"label":" ","price":0.92},{"type":"B","date":"2018-04-23T06:24:56.000Z","volume":20000,"label":" ","price":0.91},{"type":"A","date":"2018-04-23T06:35:04.000Z","volume":10000,"label":" ","price":0.92},{"type":"A","date":"2018-04-23T06:37:47.000Z","volume":2000,"label":" ","price":0.92},{"type":"A","date":"2018-04-23T06:50:31.000Z","volume":2000,"label":" ","price":0.92},{"type":"B","date":"2018-04-23T06:55:50.000Z","volume":40000,"label":" ","price":0.91},{"type":"A","date":"2018-04-23T07:05:53.000Z","volume":2000,"label":" ","price":0.92},{"type":"B","date":"2018-04-23T07:19:04.000Z","volume":4000,"label":" ","price":0.91},{"type":"B","date":"2018-04-23T07:22:07.000Z","volume":2000,"label":" ","price":0.91},{"type":"A","date":"2018-04-23T07:26:56.000Z","volume":2000,"label":" ","price":0.92},{"type":"A","date":"2018-04-23T07:30:32.000Z","volume":40000,"label":" ","price":0.92},{"type":"A","date":"2018-04-23T07:47:20.000Z","volume":2000,"label":" ","price":0.92},{"type":"B","date":"2018-04-23T07:52:03.000Z","volume":10000,"label":" ","price":0.91},{"type":"A","date":"2018-04-23T07:52:20.000Z","volume":30000,"label":" ","price":0.92},{"type":"B","date":"2018-04-23T07:58:59.000Z","volume":20000,"label":" ","price":0.91},{"type":"B","date":"2018-04-23T07:59:14.000Z","volume":20000,"label":" ","price":0.91},{"type":"B","date":"2018-04-23T07:59:15.000Z","volume":8000,"label":" ","price":0.91},{"type":"B","date":"2018-04-23T07:59:29.000Z","volume":20000,"label":" ","price":0.91},{"type":"B","date":"2018-04-23T07:59:44.000Z","volume":20000,"label":" ","price":0.91},{"type":"A","date":"2018-04-23T07:59:55.000Z","volume":2000,"label":" ","price":0.92}]