[{"type":"U","date":"2018-04-03T01:20:00.000Z","volume":2000,"label":"U","price":2.71},{"type":"B","date":"2018-04-03T01:30:27.000Z","volume":2000,"label":" ","price":2.71},{"type":"A","date":"2018-04-03T01:34:02.000Z","volume":8000,"label":" ","price":2.73},{"type":"U","date":"2018-04-03T01:36:16.000Z","volume":6000,"label":" ","price":2.73},{"type":"U","date":"2018-04-03T01:36:16.000Z","volume":8000,"label":" ","price":2.73},{"type":"A","date":"2018-04-03T01:36:17.000Z","volume":2000,"label":" ","price":2.74},{"type":"B","date":"2018-04-03T01:36:22.000Z","volume":2000,"label":" ","price":2.73},{"type":"B","date":"2018-04-03T01:37:47.000Z","volume":18000,"label":" ","price":2.73},{"type":"B","date":"2018-04-03T01:37:47.000Z","volume":2000,"label":" ","price":2.72},{"type":"B","date":"2018-04-03T01:37:47.000Z","volume":2000,"label":" ","price":2.72},{"type":"B","date":"2018-04-03T01:37:53.000Z","volume":4000,"label":" ","price":2.72},{"type":"B","date":"2018-04-03T01:37:57.000Z","volume":4000,"label":" ","price":2.72},{"type":"A","date":"2018-04-03T01:37:58.000Z","volume":2000,"label":" ","price":2.73},{"type":"B","date":"2018-04-03T01:38:35.000Z","volume":2000,"label":"Y","price":2.72},{"type":"B","date":"2018-04-03T01:38:38.000Z","volume":10000,"label":" ","price":2.72},{"type":"B","date":"2018-04-03T01:38:38.000Z","volume":4000,"label":" ","price":2.71},{"type":"B","date":"2018-04-03T01:38:38.000Z","volume":2000,"label":" ","price":2.71},{"type":"A","date":"2018-04-03T01:38:39.000Z","volume":2000,"label":" ","price":2.72},{"type":"B","date":"2018-04-03T01:38:50.000Z","volume":4000,"label":" ","price":2.71},{"type":"A","date":"2018-04-03T01:39:46.000Z","volume":28000,"label":" ","price":2.71},{"type":"B","date":"2018-04-03T01:39:46.000Z","volume":4000,"label":" ","price":2.7},{"type":"A","date":"2018-04-03T01:39:46.000Z","volume":14000,"label":" ","price":2.71},{"type":"A","date":"2018-04-03T01:39:46.000Z","volume":12000,"label":" ","price":2.71},{"type":"A","date":"2018-04-03T01:39:47.000Z","volume":2000,"label":" ","price":2.72},{"type":"A","date":"2018-04-03T01:39:47.000Z","volume":2000,"label":" ","price":2.72},{"type":"B","date":"2018-04-03T01:39:47.000Z","volume":2000,"label":" ","price":2.7},{"type":"B","date":"2018-04-03T01:39:47.000Z","volume":2000,"label":" ","price":2.7},{"type":"B","date":"2018-04-03T01:42:38.000Z","volume":20000,"label":" ","price":2.7},{"type":"B","date":"2018-04-03T01:42:38.000Z","volume":2000,"label":" ","price":2.7},{"type":"A","date":"2018-04-03T01:42:39.000Z","volume":2000,"label":" ","price":2.72},{"type":"B","date":"2018-04-03T01:42:49.000Z","volume":4000,"label":" ","price":2.7},{"type":"A","date":"2018-04-03T01:42:50.000Z","volume":2000,"label":" ","price":2.72},{"type":"B","date":"2018-04-03T01:43:23.000Z","volume":2000,"label":"Y","price":2.71},{"type":"A","date":"2018-04-03T01:45:43.000Z","volume":10000,"label":" ","price":2.71},{"type":"A","date":"2018-04-03T01:45:43.000Z","volume":6000,"label":" ","price":2.71},{"type":"A","date":"2018-04-03T01:45:44.000Z","volume":2000,"label":" ","price":2.72},{"type":"B","date":"2018-04-03T01:45:45.000Z","volume":2000,"label":" ","price":2.71},{"type":"B","date":"2018-04-03T01:45:46.000Z","volume":2000,"label":" ","price":2.71},{"type":"A","date":"2018-04-03T01:47:36.000Z","volume":2000,"label":"Y","price":2.72},{"type":"A","date":"2018-04-03T01:47:36.000Z","volume":18000,"label":" ","price":2.72},{"type":"A","date":"2018-04-03T01:47:37.000Z","volume":2000,"label":" ","price":2.72},{"type":"A","date":"2018-04-03T01:47:37.000Z","volume":4000,"label":" ","price":2.72},{"type":"B","date":"2018-04-03T01:47:37.000Z","volume":2000,"label":" ","price":2.71},{"type":"B","date":"2018-04-03T01:56:05.000Z","volume":8000,"label":"Y","price":2.71},{"type":"B","date":"2018-04-03T01:56:05.000Z","volume":4000,"label":" ","price":2.71},{"type":"B","date":"2018-04-03T01:56:05.000Z","volume":22000,"label":" ","price":2.71},{"type":"A","date":"2018-04-03T01:56:05.000Z","volume":2000,"label":" ","price":2.72},{"type":"B","date":"2018-04-03T01:56:05.000Z","volume":2000,"label":" ","price":2.7},{"type":"B","date":"2018-04-03T01:56:05.000Z","volume":2000,"label":" ","price":2.7},{"type":"B","date":"2018-04-03T01:56:05.000Z","volume":2000,"label":" ","price":2.7},{"type":"B","date":"2018-04-03T01:56:15.000Z","volume":4000,"label":" ","price":2.7},{"type":"B","date":"2018-04-03T01:56:21.000Z","volume":2000,"label":" ","price":2.7},{"type":"A","date":"2018-04-03T02:00:23.000Z","volume":20000,"label":" ","price":2.71},{"type":"A","date":"2018-04-03T02:00:23.000Z","volume":2000,"label":"Y","price":2.71},{"type":"A","date":"2018-04-03T02:00:23.000Z","volume":16000,"label":" ","price":2.71},{"type":"B","date":"2018-04-03T02:00:23.000Z","volume":2000,"label":" ","price":2.7},{"type":"A","date":"2018-04-03T02:00:24.000Z","volume":4000,"label":" ","price":2.71},{"type":"B","date":"2018-04-03T02:00:24.000Z","volume":2000,"label":" ","price":2.7},{"type":"B","date":"2018-04-03T02:00:37.000Z","volume":4000,"label":" ","price":2.7},{"type":"B","date":"2018-04-03T02:02:28.000Z","volume":30000,"label":" ","price":2.7},{"type":"B","date":"2018-04-03T02:02:28.000Z","volume":28000,"label":" ","price":2.7},{"type":"B","date":"2018-04-03T02:02:28.000Z","volume":6000,"label":" ","price":2.7},{"type":"B","date":"2018-04-03T02:02:28.000Z","volume":38000,"label":" ","price":2.7},{"type":"A","date":"2018-04-03T02:02:28.000Z","volume":10000,"label":" ","price":2.71},{"type":"B","date":"2018-04-03T02:02:28.000Z","volume":4000,"label":" ","price":2.69},{"type":"B","date":"2018-04-03T02:02:28.000Z","volume":2000,"label":" ","price":2.69},{"type":"B","date":"2018-04-03T02:02:30.000Z","volume":4000,"label":" ","price":2.69},{"type":"B","date":"2018-04-03T02:02:31.000Z","volume":2000,"label":" ","price":2.69},{"type":"B","date":"2018-04-03T02:02:41.000Z","volume":38000,"label":" ","price":2.69},{"type":"B","date":"2018-04-03T02:02:41.000Z","volume":10000,"label":" ","price":2.69},{"type":"B","date":"2018-04-03T02:02:43.000Z","volume":2000,"label":" ","price":2.68},{"type":"B","date":"2018-04-03T02:02:43.000Z","volume":2000,"label":" ","price":2.68},{"type":"B","date":"2018-04-03T02:02:49.000Z","volume":2000,"label":" ","price":2.68},{"type":"B","date":"2018-04-03T02:02:50.000Z","volume":12000,"label":" ","price":2.68},{"type":"B","date":"2018-04-03T02:02:50.000Z","volume":2000,"label":" ","price":2.68},{"type":"B","date":"2018-04-03T02:02:52.000Z","volume":2000,"label":" ","price":2.68},{"type":"B","date":"2018-04-03T02:02:52.000Z","volume":4000,"label":" ","price":2.66},{"type":"B","date":"2018-04-03T02:03:00.000Z","volume":6000,"label":" ","price":2.66},{"type":"A","date":"2018-04-03T02:03:34.000Z","volume":50000,"label":" ","price":2.69},{"type":"B","date":"2018-04-03T02:06:06.000Z","volume":2000,"label":"Y","price":2.66},{"type":"B","date":"2018-04-03T02:06:54.000Z","volume":2000,"label":" ","price":2.66},{"type":"A","date":"2018-04-03T02:09:44.000Z","volume":10000,"label":" ","price":2.68},{"type":"A","date":"2018-04-03T02:10:28.000Z","volume":10000,"label":" ","price":2.68},{"type":"B","date":"2018-04-03T02:10:28.000Z","volume":2000,"label":" ","price":2.67},{"type":"A","date":"2018-04-03T02:10:29.000Z","volume":4000,"label":" ","price":2.68},{"type":"B","date":"2018-04-03T02:10:33.000Z","volume":2000,"label":" ","price":2.67},{"type":"B","date":"2018-04-03T02:10:33.000Z","volume":2000,"label":" ","price":2.67},{"type":"A","date":"2018-04-03T02:13:53.000Z","volume":2000,"label":" ","price":2.67},{"type":"A","date":"2018-04-03T02:13:55.000Z","volume":6000,"label":" ","price":2.67},{"type":"A","date":"2018-04-03T02:13:55.000Z","volume":10000,"label":" ","price":2.67},{"type":"A","date":"2018-04-03T02:14:00.000Z","volume":18000,"label":" ","price":2.67},{"type":"A","date":"2018-04-03T02:14:01.000Z","volume":4000,"label":" ","price":2.67},{"type":"A","date":"2018-04-03T02:14:01.000Z","volume":2000,"label":" ","price":2.67},{"type":"A","date":"2018-04-03T02:15:40.000Z","volume":16000,"label":" ","price":2.67},{"type":"A","date":"2018-04-03T02:15:40.000Z","volume":4000,"label":" ","price":2.67},{"type":"A","date":"2018-04-03T02:15:40.000Z","volume":2000,"label":" ","price":2.67},{"type":"A","date":"2018-04-03T02:17:09.000Z","volume":12000,"label":" ","price":2.68},{"type":"B","date":"2018-04-03T02:17:09.000Z","volume":4000,"label":" ","price":2.68},{"type":"A","date":"2018-04-03T02:17:10.000Z","volume":4000,"label":" ","price":2.69},{"type":"B","date":"2018-04-03T02:17:15.000Z","volume":2000,"label":" ","price":2.67},{"type":"A","date":"2018-04-03T02:17:21.000Z","volume":2000,"label":"Y","price":2.69},{"type":"A","date":"2018-04-03T02:17:21.000Z","volume":18000,"label":" ","price":2.69},{"type":"B","date":"2018-04-03T02:17:38.000Z","volume":2000,"label":" ","price":2.67},{"type":"B","date":"2018-04-03T02:20:35.000Z","volume":34000,"label":" ","price":2.66},{"type":"B","date":"2018-04-03T02:20:35.000Z","volume":16000,"label":" ","price":2.65},{"type":"B","date":"2018-04-03T02:20:35.000Z","volume":10000,"label":" ","price":2.65},{"type":"B","date":"2018-04-03T02:20:47.000Z","volume":8000,"label":" ","price":2.65},{"type":"B","date":"2018-04-03T02:21:31.000Z","volume":20000,"label":" ","price":2.65},{"type":"B","date":"2018-04-03T02:21:31.000Z","volume":6000,"label":" ","price":2.65},{"type":"B","date":"2018-04-03T02:21:32.000Z","volume":2000,"label":" ","price":2.65},{"type":"A","date":"2018-04-03T02:21:32.000Z","volume":8000,"label":" ","price":2.68},{"type":"B","date":"2018-04-03T02:21:39.000Z","volume":8000,"label":" ","price":2.65},{"type":"B","date":"2018-04-03T02:22:04.000Z","volume":4000,"label":" ","price":2.65},{"type":"B","date":"2018-04-03T02:22:04.000Z","volume":4000,"label":" ","price":2.65},{"type":"B","date":"2018-04-03T02:22:05.000Z","volume":2000,"label":" ","price":2.65},{"type":"B","date":"2018-04-03T02:22:25.000Z","volume":10000,"label":" ","price":2.65},{"type":"B","date":"2018-04-03T02:22:25.000Z","volume":6000,"label":" ","price":2.64},{"type":"B","date":"2018-04-03T02:24:41.000Z","volume":2000,"label":" ","price":2.65},{"type":"B","date":"2018-04-03T02:25:16.000Z","volume":2000,"label":" ","price":2.65},{"type":"B","date":"2018-04-03T02:25:16.000Z","volume":2000,"label":" ","price":2.65},{"type":"B","date":"2018-04-03T02:25:16.000Z","volume":12000,"label":" ","price":2.64},{"type":"B","date":"2018-04-03T02:25:26.000Z","volume":6000,"label":" ","price":2.64},{"type":"B","date":"2018-04-03T02:25:29.000Z","volume":2000,"label":" ","price":2.64},{"type":"B","date":"2018-04-03T02:25:30.000Z","volume":4000,"label":" ","price":2.64},{"type":"B","date":"2018-04-03T02:25:37.000Z","volume":4000,"label":" ","price":2.64},{"type":"A","date":"2018-04-03T02:26:17.000Z","volume":20000,"label":" ","price":2.65},{"type":"A","date":"2018-04-03T02:26:25.000Z","volume":8000,"label":" ","price":2.65},{"type":"A","date":"2018-04-03T02:26:25.000Z","volume":6000,"label":" ","price":2.65},{"type":"B","date":"2018-04-03T02:26:25.000Z","volume":6000,"label":" ","price":2.65},{"type":"A","date":"2018-04-03T02:26:26.000Z","volume":8000,"label":" ","price":2.66},{"type":"A","date":"2018-04-03T02:26:26.000Z","volume":8000,"label":" ","price":2.66},{"type":"B","date":"2018-04-03T02:27:03.000Z","volume":2000,"label":" ","price":2.65},{"type":"A","date":"2018-04-03T02:30:45.000Z","volume":4000,"label":" ","price":2.66},{"type":"A","date":"2018-04-03T02:32:15.000Z","volume":10000,"label":" ","price":2.66},{"type":"A","date":"2018-04-03T02:32:16.000Z","volume":2000,"label":" ","price":2.66},{"type":"A","date":"2018-04-03T02:32:48.000Z","volume":4000,"label":" ","price":2.66},{"type":"A","date":"2018-04-03T02:32:48.000Z","volume":10000,"label":" ","price":2.67},{"type":"B","date":"2018-04-03T02:32:48.000Z","volume":2000,"label":" ","price":2.67},{"type":"B","date":"2018-04-03T02:32:48.000Z","volume":2000,"label":" ","price":2.67},{"type":"B","date":"2018-04-03T02:32:48.000Z","volume":4000,"label":" ","price":2.67},{"type":"A","date":"2018-04-03T02:33:01.000Z","volume":20000,"label":" ","price":2.68},{"type":"A","date":"2018-04-03T02:33:02.000Z","volume":6000,"label":" ","price":2.68},{"type":"A","date":"2018-04-03T02:33:02.000Z","volume":2000,"label":" ","price":2.68},{"type":"B","date":"2018-04-03T02:33:04.000Z","volume":2000,"label":" ","price":2.66},{"type":"B","date":"2018-04-03T02:33:34.000Z","volume":2000,"label":"Y","price":2.66},{"type":"A","date":"2018-04-03T02:43:25.000Z","volume":20000,"label":" ","price":2.67},{"type":"A","date":"2018-04-03T02:43:25.000Z","volume":2000,"label":"Y","price":2.67},{"type":"A","date":"2018-04-03T02:43:25.000Z","volume":2000,"label":" ","price":2.67},{"type":"A","date":"2018-04-03T02:43:26.000Z","volume":8000,"label":" ","price":2.67},{"type":"A","date":"2018-04-03T02:43:26.000Z","volume":4000,"label":" ","price":2.67},{"type":"B","date":"2018-04-03T02:43:32.000Z","volume":2000,"label":" ","price":2.67},{"type":"A","date":"2018-04-03T02:44:17.000Z","volume":2000,"label":" ","price":2.68},{"type":"A","date":"2018-04-03T02:48:46.000Z","volume":2000,"label":" ","price":2.67},{"type":"A","date":"2018-04-03T02:50:14.000Z","volume":2000,"label":"Y","price":2.68},{"type":"A","date":"2018-04-03T02:50:14.000Z","volume":8000,"label":" ","price":2.68},{"type":"A","date":"2018-04-03T02:55:02.000Z","volume":2000,"label":" ","price":2.68},{"type":"A","date":"2018-04-03T02:57:53.000Z","volume":2000,"label":" ","price":2.68},{"type":"A","date":"2018-04-03T02:59:18.000Z","volume":6000,"label":" ","price":2.68},{"type":"A","date":"2018-04-03T03:03:52.000Z","volume":2000,"label":" ","price":2.68},{"type":"A","date":"2018-04-03T03:04:02.000Z","volume":2000,"label":" ","price":2.68},{"type":"A","date":"2018-04-03T03:04:59.000Z","volume":2000,"label":" ","price":2.68},{"type":"A","date":"2018-04-03T03:04:59.000Z","volume":24000,"label":" ","price":2.68},{"type":"A","date":"2018-04-03T03:04:59.000Z","volume":10000,"label":" ","price":2.68},{"type":"B","date":"2018-04-03T03:05:02.000Z","volume":2000,"label":"Y","price":2.67},{"type":"A","date":"2018-04-03T03:05:39.000Z","volume":10000,"label":" ","price":2.68},{"type":"A","date":"2018-04-03T03:05:39.000Z","volume":2000,"label":"Y","price":2.68},{"type":"A","date":"2018-04-03T03:05:39.000Z","volume":4000,"label":" ","price":2.68},{"type":"A","date":"2018-04-03T03:05:39.000Z","volume":4000,"label":" ","price":2.68},{"type":"A","date":"2018-04-03T03:06:47.000Z","volume":2000,"label":" ","price":2.68},{"type":"A","date":"2018-04-03T03:06:53.000Z","volume":2000,"label":" ","price":2.68},{"type":"A","date":"2018-04-03T03:07:39.000Z","volume":2000,"label":"Y","price":2.69},{"type":"A","date":"2018-04-03T03:07:39.000Z","volume":4000,"label":" ","price":2.69},{"type":"B","date":"2018-04-03T03:07:39.000Z","volume":2000,"label":" ","price":2.69},{"type":"B","date":"2018-04-03T03:07:40.000Z","volume":2000,"label":" ","price":2.69},{"type":"A","date":"2018-04-03T03:12:32.000Z","volume":2000,"label":" ","price":2.69},{"type":"A","date":"2018-04-03T03:12:32.000Z","volume":2000,"label":" ","price":2.69},{"type":"A","date":"2018-04-03T03:23:45.000Z","volume":2000,"label":" ","price":2.69},{"type":"A","date":"2018-04-03T03:25:47.000Z","volume":2000,"label":" ","price":2.69},{"type":"A","date":"2018-04-03T03:34:24.000Z","volume":2000,"label":" ","price":2.69},{"type":"A","date":"2018-04-03T03:34:32.000Z","volume":2000,"label":" ","price":2.69},{"type":"B","date":"2018-04-03T03:37:22.000Z","volume":4000,"label":" ","price":2.68},{"type":"B","date":"2018-04-03T03:38:13.000Z","volume":10000,"label":" ","price":2.68},{"type":"A","date":"2018-04-03T03:38:17.000Z","volume":2000,"label":" ","price":2.69},{"type":"A","date":"2018-04-03T03:38:23.000Z","volume":8000,"label":" ","price":2.68},{"type":"A","date":"2018-04-03T03:38:23.000Z","volume":16000,"label":" ","price":2.68},{"type":"B","date":"2018-04-03T03:38:26.000Z","volume":2000,"label":" ","price":2.67},{"type":"A","date":"2018-04-03T03:38:32.000Z","volume":2000,"label":" ","price":2.68},{"type":"A","date":"2018-04-03T03:42:18.000Z","volume":10000,"label":" ","price":2.68},{"type":"B","date":"2018-04-03T03:43:34.000Z","volume":2000,"label":" ","price":2.67},{"type":"A","date":"2018-04-03T03:44:48.000Z","volume":10000,"label":" ","price":2.68},{"type":"A","date":"2018-04-03T03:44:48.000Z","volume":2000,"label":"Y","price":2.68},{"type":"A","date":"2018-04-03T03:44:48.000Z","volume":10000,"label":" ","price":2.68},{"type":"A","date":"2018-04-03T03:47:02.000Z","volume":2000,"label":" ","price":2.68},{"type":"A","date":"2018-04-03T03:48:08.000Z","volume":10000,"label":" ","price":2.68},{"type":"A","date":"2018-04-03T03:48:08.000Z","volume":4000,"label":" ","price":2.68},{"type":"B","date":"2018-04-03T03:48:08.000Z","volume":2000,"label":" ","price":2.68},{"type":"A","date":"2018-04-03T05:02:41.000Z","volume":2000,"label":" ","price":2.69},{"type":"U","date":"2018-04-03T05:03:08.000Z","volume":1471,"label":"D","price":2.73},{"type":"B","date":"2018-04-03T05:05:05.000Z","volume":26000,"label":" ","price":2.68},{"type":"B","date":"2018-04-03T05:05:16.000Z","volume":2000,"label":" ","price":2.67},{"type":"B","date":"2018-04-03T05:05:29.000Z","volume":4000,"label":" ","price":2.67},{"type":"B","date":"2018-04-03T05:05:55.000Z","volume":4000,"label":" ","price":2.67},{"type":"B","date":"2018-04-03T05:05:55.000Z","volume":2000,"label":" ","price":2.67},{"type":"B","date":"2018-04-03T05:14:14.000Z","volume":34000,"label":" ","price":2.67},{"type":"B","date":"2018-04-03T05:14:14.000Z","volume":2000,"label":" ","price":2.67},{"type":"B","date":"2018-04-03T05:14:14.000Z","volume":6000,"label":" ","price":2.67},{"type":"B","date":"2018-04-03T05:14:14.000Z","volume":4000,"label":" ","price":2.66},{"type":"B","date":"2018-04-03T05:14:15.000Z","volume":2000,"label":" ","price":2.66},{"type":"B","date":"2018-04-03T05:14:25.000Z","volume":10000,"label":" ","price":2.66},{"type":"B","date":"2018-04-03T05:14:35.000Z","volume":2000,"label":" ","price":2.66},{"type":"B","date":"2018-04-03T05:14:35.000Z","volume":4000,"label":" ","price":2.66},{"type":"B","date":"2018-04-03T05:14:38.000Z","volume":2000,"label":" ","price":2.66},{"type":"B","date":"2018-04-03T05:15:24.000Z","volume":6000,"label":" ","price":2.66},{"type":"B","date":"2018-04-03T05:15:24.000Z","volume":4000,"label":" ","price":2.66},{"type":"B","date":"2018-04-03T05:15:35.000Z","volume":2000,"label":" ","price":2.66},{"type":"B","date":"2018-04-03T05:16:03.000Z","volume":34000,"label":" ","price":2.66},{"type":"B","date":"2018-04-03T05:16:03.000Z","volume":8000,"label":" ","price":2.65},{"type":"B","date":"2018-04-03T05:16:03.000Z","volume":4000,"label":" ","price":2.66},{"type":"B","date":"2018-04-03T05:16:05.000Z","volume":2000,"label":" ","price":2.65},{"type":"B","date":"2018-04-03T05:16:05.000Z","volume":2000,"label":" ","price":2.65},{"type":"B","date":"2018-04-03T05:16:07.000Z","volume":2000,"label":" ","price":2.65},{"type":"A","date":"2018-04-03T05:16:09.000Z","volume":16000,"label":" ","price":2.66},{"type":"B","date":"2018-04-03T05:16:17.000Z","volume":2000,"label":"Y","price":2.65},{"type":"B","date":"2018-04-03T05:16:17.000Z","volume":14000,"label":" ","price":2.65},{"type":"B","date":"2018-04-03T05:16:17.000Z","volume":2000,"label":" ","price":2.65},{"type":"B","date":"2018-04-03T05:16:25.000Z","volume":6000,"label":" ","price":2.65},{"type":"B","date":"2018-04-03T05:16:40.000Z","volume":32000,"label":" ","price":2.65},{"type":"A","date":"2018-04-03T05:16:40.000Z","volume":100000,"label":" ","price":2.65},{"type":"B","date":"2018-04-03T05:16:40.000Z","volume":8000,"label":" ","price":2.64},{"type":"A","date":"2018-04-03T05:16:40.000Z","volume":4000,"label":" ","price":2.65},{"type":"A","date":"2018-04-03T05:16:41.000Z","volume":14000,"label":" ","price":2.65},{"type":"B","date":"2018-04-03T05:16:42.000Z","volume":8000,"label":" ","price":2.64},{"type":"B","date":"2018-04-03T05:16:44.000Z","volume":4000,"label":" ","price":2.64},{"type":"A","date":"2018-04-03T05:16:46.000Z","volume":20000,"label":" ","price":2.65},{"type":"B","date":"2018-04-03T05:16:52.000Z","volume":50000,"label":" ","price":2.64},{"type":"B","date":"2018-04-03T05:16:52.000Z","volume":2000,"label":" ","price":2.64},{"type":"B","date":"2018-04-03T05:17:02.000Z","volume":24000,"label":" ","price":2.64},{"type":"B","date":"2018-04-03T05:17:02.000Z","volume":2000,"label":" ","price":2.64},{"type":"B","date":"2018-04-03T05:17:09.000Z","volume":10000,"label":" ","price":2.64},{"type":"B","date":"2018-04-03T05:17:13.000Z","volume":6000,"label":" ","price":2.64},{"type":"B","date":"2018-04-03T05:17:13.000Z","volume":8000,"label":" ","price":2.64},{"type":"B","date":"2018-04-03T05:17:55.000Z","volume":2000,"label":" ","price":2.64},{"type":"B","date":"2018-04-03T05:17:57.000Z","volume":2000,"label":" ","price":2.64},{"type":"B","date":"2018-04-03T05:18:45.000Z","volume":2000,"label":" ","price":2.64},{"type":"B","date":"2018-04-03T05:20:20.000Z","volume":28000,"label":" ","price":2.64},{"type":"A","date":"2018-04-03T05:20:20.000Z","volume":6000,"label":" ","price":2.64},{"type":"A","date":"2018-04-03T05:20:20.000Z","volume":2000,"label":" ","price":2.64},{"type":"B","date":"2018-04-03T05:20:32.000Z","volume":12000,"label":" ","price":2.63},{"type":"B","date":"2018-04-03T05:20:32.000Z","volume":2000,"label":" ","price":2.63},{"type":"A","date":"2018-04-03T05:20:34.000Z","volume":4000,"label":" ","price":2.64},{"type":"B","date":"2018-04-03T05:20:36.000Z","volume":2000,"label":" ","price":2.63},{"type":"B","date":"2018-04-03T05:20:42.000Z","volume":8000,"label":" ","price":2.63},{"type":"B","date":"2018-04-03T05:21:48.000Z","volume":2000,"label":" ","price":2.63},{"type":"B","date":"2018-04-03T05:25:12.000Z","volume":2000,"label":" ","price":2.63},{"type":"B","date":"2018-04-03T05:25:54.000Z","volume":2000,"label":" ","price":2.63},{"type":"A","date":"2018-04-03T05:26:33.000Z","volume":20000,"label":" ","price":2.64},{"type":"A","date":"2018-04-03T05:26:33.000Z","volume":26000,"label":" ","price":2.64},{"type":"B","date":"2018-04-03T05:26:33.000Z","volume":10000,"label":" ","price":2.63},{"type":"B","date":"2018-04-03T05:26:36.000Z","volume":2000,"label":" ","price":2.63},{"type":"B","date":"2018-04-03T05:26:42.000Z","volume":14000,"label":" ","price":2.63},{"type":"B","date":"2018-04-03T05:26:45.000Z","volume":2000,"label":" ","price":2.63},{"type":"B","date":"2018-04-03T05:26:52.000Z","volume":4000,"label":" ","price":2.63},{"type":"A","date":"2018-04-03T05:26:59.000Z","volume":80000,"label":" ","price":2.64},{"type":"B","date":"2018-04-03T05:26:59.000Z","volume":28000,"label":" ","price":2.63},{"type":"B","date":"2018-04-03T05:27:00.000Z","volume":4000,"label":" ","price":2.63},{"type":"B","date":"2018-04-03T05:27:01.000Z","volume":6000,"label":" ","price":2.63},{"type":"B","date":"2018-04-03T05:27:02.000Z","volume":2000,"label":" ","price":2.63},{"type":"A","date":"2018-04-03T05:27:02.000Z","volume":8000,"label":" ","price":2.64},{"type":"A","date":"2018-04-03T05:27:02.000Z","volume":10000,"label":" ","price":2.64},{"type":"B","date":"2018-04-03T05:27:12.000Z","volume":20000,"label":" ","price":2.63},{"type":"A","date":"2018-04-03T05:27:12.000Z","volume":20000,"label":" ","price":2.64},{"type":"B","date":"2018-04-03T05:27:12.000Z","volume":2000,"label":" ","price":2.63},{"type":"B","date":"2018-04-03T05:27:22.000Z","volume":14000,"label":" ","price":2.63},{"type":"B","date":"2018-04-03T05:27:32.000Z","volume":4000,"label":" ","price":2.63},{"type":"B","date":"2018-04-03T05:27:36.000Z","volume":2000,"label":" ","price":2.63},{"type":"A","date":"2018-04-03T05:28:02.000Z","volume":8000,"label":" ","price":2.64},{"type":"A","date":"2018-04-03T05:28:02.000Z","volume":20000,"label":" ","price":2.64},{"type":"A","date":"2018-04-03T05:28:02.000Z","volume":4000,"label":" ","price":2.64},{"type":"A","date":"2018-04-03T05:28:02.000Z","volume":8000,"label":" ","price":2.64},{"type":"A","date":"2018-04-03T05:28:02.000Z","volume":8000,"label":" ","price":2.64},{"type":"B","date":"2018-04-03T05:28:02.000Z","volume":2000,"label":" ","price":2.63},{"type":"A","date":"2018-04-03T05:28:02.000Z","volume":4000,"label":"Y","price":2.64},{"type":"A","date":"2018-04-03T05:28:02.000Z","volume":26000,"label":" ","price":2.64},{"type":"A","date":"2018-04-03T05:28:02.000Z","volume":2000,"label":"Y","price":2.64},{"type":"A","date":"2018-04-03T05:28:02.000Z","volume":16000,"label":" ","price":2.64},{"type":"A","date":"2018-04-03T05:28:02.000Z","volume":2000,"label":" ","price":2.64},{"type":"B","date":"2018-04-03T05:28:04.000Z","volume":2000,"label":" ","price":2.64},{"type":"A","date":"2018-04-03T05:28:05.000Z","volume":14000,"label":" ","price":2.65},{"type":"A","date":"2018-04-03T05:28:05.000Z","volume":10000,"label":" ","price":2.65},{"type":"A","date":"2018-04-03T05:28:05.000Z","volume":6000,"label":" ","price":2.65},{"type":"B","date":"2018-04-03T05:28:16.000Z","volume":6000,"label":" ","price":2.65},{"type":"B","date":"2018-04-03T05:28:16.000Z","volume":2000,"label":" ","price":2.65},{"type":"A","date":"2018-04-03T05:28:21.000Z","volume":20000,"label":" ","price":2.66},{"type":"A","date":"2018-04-03T05:28:32.000Z","volume":20000,"label":" ","price":2.66},{"type":"A","date":"2018-04-03T05:41:21.000Z","volume":32000,"label":" ","price":2.66},{"type":"U","date":"2018-04-03T05:41:21.000Z","volume":2000,"label":" ","price":2.66},{"type":"B","date":"2018-04-03T05:41:21.000Z","volume":10000,"label":" ","price":2.66},{"type":"B","date":"2018-04-03T05:41:22.000Z","volume":2000,"label":" ","price":2.66},{"type":"B","date":"2018-04-03T05:41:26.000Z","volume":2000,"label":" ","price":2.66},{"type":"B","date":"2018-04-03T05:41:30.000Z","volume":16000,"label":"Y","price":2.66},{"type":"B","date":"2018-04-03T05:41:30.000Z","volume":2000,"label":" ","price":2.66},{"type":"B","date":"2018-04-03T05:43:36.000Z","volume":2000,"label":" ","price":2.66},{"type":"A","date":"2018-04-03T05:43:37.000Z","volume":8000,"label":" ","price":2.66},{"type":"A","date":"2018-04-03T05:43:37.000Z","volume":6000,"label":" ","price":2.66},{"type":"A","date":"2018-04-03T05:43:37.000Z","volume":2000,"label":" ","price":2.66},{"type":"A","date":"2018-04-03T05:43:37.000Z","volume":2000,"label":" ","price":2.66},{"type":"A","date":"2018-04-03T05:46:58.000Z","volume":8000,"label":" ","price":2.66},{"type":"U","date":"2018-04-03T05:46:58.000Z","volume":2000,"label":" ","price":2.66},{"type":"A","date":"2018-04-03T05:46:59.000Z","volume":14000,"label":" ","price":2.67},{"type":"A","date":"2018-04-03T05:46:59.000Z","volume":8000,"label":" ","price":2.68},{"type":"B","date":"2018-04-03T05:47:02.000Z","volume":2000,"label":" ","price":2.66},{"type":"A","date":"2018-04-03T05:57:22.000Z","volume":2000,"label":"Y","price":2.68},{"type":"A","date":"2018-04-03T05:57:22.000Z","volume":18000,"label":" ","price":2.68},{"type":"A","date":"2018-04-03T05:57:32.000Z","volume":2000,"label":" ","price":2.68},{"type":"A","date":"2018-04-03T06:01:47.000Z","volume":10000,"label":" ","price":2.68},{"type":"A","date":"2018-04-03T06:01:47.000Z","volume":2000,"label":" ","price":2.68},{"type":"B","date":"2018-04-03T06:04:40.000Z","volume":10000,"label":" ","price":2.67},{"type":"B","date":"2018-04-03T06:04:40.000Z","volume":4000,"label":" ","price":2.67},{"type":"B","date":"2018-04-03T06:05:28.000Z","volume":2000,"label":" ","price":2.66},{"type":"A","date":"2018-04-03T06:09:58.000Z","volume":6000,"label":"Y","price":2.67},{"type":"A","date":"2018-04-03T06:09:58.000Z","volume":4000,"label":" ","price":2.67},{"type":"A","date":"2018-04-03T06:09:59.000Z","volume":18000,"label":" ","price":2.67},{"type":"B","date":"2018-04-03T06:09:59.000Z","volume":8000,"label":" ","price":2.67},{"type":"A","date":"2018-04-03T06:10:02.000Z","volume":2000,"label":" ","price":2.67},{"type":"A","date":"2018-04-03T06:11:18.000Z","volume":2000,"label":" ","price":2.67},{"type":"A","date":"2018-04-03T06:12:09.000Z","volume":10000,"label":" ","price":2.67},{"type":"A","date":"2018-04-03T06:12:09.000Z","volume":8000,"label":" ","price":2.67},{"type":"B","date":"2018-04-03T06:12:14.000Z","volume":2000,"label":" ","price":2.66},{"type":"A","date":"2018-04-03T06:13:15.000Z","volume":20000,"label":" ","price":2.67},{"type":"A","date":"2018-04-03T06:13:15.000Z","volume":4000,"label":" ","price":2.67},{"type":"B","date":"2018-04-03T06:13:15.000Z","volume":2000,"label":" ","price":2.67},{"type":"B","date":"2018-04-03T06:13:15.000Z","volume":2000,"label":" ","price":2.67},{"type":"A","date":"2018-04-03T06:18:59.000Z","volume":10000,"label":" ","price":2.68},{"type":"A","date":"2018-04-03T06:19:02.000Z","volume":2000,"label":" ","price":2.68},{"type":"A","date":"2018-04-03T06:20:22.000Z","volume":10000,"label":" ","price":2.68},{"type":"A","date":"2018-04-03T06:24:41.000Z","volume":2000,"label":" ","price":2.68},{"type":"A","date":"2018-04-03T06:28:45.000Z","volume":10000,"label":"Y","price":2.68},{"type":"A","date":"2018-04-03T06:28:45.000Z","volume":50000,"label":" ","price":2.68},{"type":"A","date":"2018-04-03T06:28:45.000Z","volume":10000,"label":" ","price":2.68},{"type":"A","date":"2018-04-03T06:28:46.000Z","volume":6000,"label":" ","price":2.68},{"type":"A","date":"2018-04-03T06:28:47.000Z","volume":2000,"label":" ","price":2.69},{"type":"B","date":"2018-04-03T06:28:48.000Z","volume":2000,"label":"Y","price":2.68},{"type":"A","date":"2018-04-03T06:30:46.000Z","volume":20000,"label":" ","price":2.69},{"type":"A","date":"2018-04-03T06:30:56.000Z","volume":10000,"label":" ","price":2.69},{"type":"A","date":"2018-04-03T06:33:18.000Z","volume":2000,"label":" ","price":2.69},{"type":"A","date":"2018-04-03T06:33:32.000Z","volume":2000,"label":" ","price":2.69},{"type":"A","date":"2018-04-03T06:34:02.000Z","volume":2000,"label":" ","price":2.69},{"type":"A","date":"2018-04-03T06:41:47.000Z","volume":6000,"label":" ","price":2.69},{"type":"A","date":"2018-04-03T06:42:56.000Z","volume":2000,"label":"Y","price":2.69},{"type":"A","date":"2018-04-03T06:44:51.000Z","volume":10000,"label":" ","price":2.69},{"type":"A","date":"2018-04-03T06:44:51.000Z","volume":12000,"label":" ","price":2.69},{"type":"A","date":"2018-04-03T06:44:51.000Z","volume":2000,"label":"Y","price":2.69},{"type":"A","date":"2018-04-03T06:44:51.000Z","volume":6000,"label":" ","price":2.69},{"type":"B","date":"2018-04-03T06:44:53.000Z","volume":2000,"label":"Y","price":2.68},{"type":"A","date":"2018-04-03T06:47:47.000Z","volume":54000,"label":" ","price":2.69},{"type":"B","date":"2018-04-03T06:47:47.000Z","volume":14000,"label":" ","price":2.69},{"type":"B","date":"2018-04-03T06:47:47.000Z","volume":8000,"label":" ","price":2.69},{"type":"A","date":"2018-04-03T06:48:15.000Z","volume":2000,"label":"Y","price":2.7},{"type":"A","date":"2018-04-03T06:48:15.000Z","volume":18000,"label":" ","price":2.7},{"type":"B","date":"2018-04-03T06:48:17.000Z","volume":2000,"label":" ","price":2.68},{"type":"U","date":"2018-04-03T06:52:32.000Z","volume":6000,"label":" ","price":2.69},{"type":"U","date":"2018-04-03T06:52:32.000Z","volume":2000,"label":" ","price":2.69},{"type":"A","date":"2018-04-03T06:56:59.000Z","volume":20000,"label":" ","price":2.69},{"type":"B","date":"2018-04-03T07:03:56.000Z","volume":2000,"label":" ","price":2.68},{"type":"B","date":"2018-04-03T07:04:32.000Z","volume":2000,"label":" ","price":2.68},{"type":"B","date":"2018-04-03T07:04:35.000Z","volume":2000,"label":" ","price":2.68},{"type":"B","date":"2018-04-03T07:04:35.000Z","volume":2000,"label":" ","price":2.68},{"type":"B","date":"2018-04-03T07:04:58.000Z","volume":8000,"label":" ","price":2.68},{"type":"B","date":"2018-04-03T07:04:58.000Z","volume":2000,"label":" ","price":2.67},{"type":"A","date":"2018-04-03T07:05:02.000Z","volume":2000,"label":"Y","price":2.68},{"type":"A","date":"2018-04-03T07:05:02.000Z","volume":16000,"label":" ","price":2.68},{"type":"A","date":"2018-04-03T07:05:05.000Z","volume":2000,"label":"Y","price":2.68},{"type":"A","date":"2018-04-03T07:05:05.000Z","volume":22000,"label":" ","price":2.68},{"type":"U","date":"2018-04-03T07:05:05.000Z","volume":8000,"label":" ","price":2.68},{"type":"A","date":"2018-04-03T07:05:05.000Z","volume":2000,"label":" ","price":2.68},{"type":"A","date":"2018-04-03T07:05:21.000Z","volume":2000,"label":"Y","price":2.68},{"type":"A","date":"2018-04-03T07:05:21.000Z","volume":14000,"label":" ","price":2.68},{"type":"A","date":"2018-04-03T07:12:19.000Z","volume":20000,"label":" ","price":2.68},{"type":"B","date":"2018-04-03T07:12:19.000Z","volume":4000,"label":" ","price":2.67},{"type":"B","date":"2018-04-03T07:12:20.000Z","volume":2000,"label":" ","price":2.67},{"type":"A","date":"2018-04-03T07:12:27.000Z","volume":20000,"label":" ","price":2.68},{"type":"A","date":"2018-04-03T07:12:32.000Z","volume":10000,"label":" ","price":2.68},{"type":"A","date":"2018-04-03T07:12:32.000Z","volume":2000,"label":" ","price":2.68},{"type":"A","date":"2018-04-03T07:12:54.000Z","volume":20000,"label":" ","price":2.68},{"type":"B","date":"2018-04-03T07:12:54.000Z","volume":2000,"label":" ","price":2.67},{"type":"B","date":"2018-04-03T07:12:54.000Z","volume":2000,"label":" ","price":2.67},{"type":"B","date":"2018-04-03T07:12:55.000Z","volume":2000,"label":" ","price":2.67},{"type":"B","date":"2018-04-03T07:18:37.000Z","volume":28000,"label":" ","price":2.67},{"type":"B","date":"2018-04-03T07:18:37.000Z","volume":10000,"label":" ","price":2.67},{"type":"B","date":"2018-04-03T07:18:37.000Z","volume":8000,"label":" ","price":2.67},{"type":"B","date":"2018-04-03T07:18:47.000Z","volume":6000,"label":" ","price":2.67},{"type":"B","date":"2018-04-03T07:18:50.000Z","volume":2000,"label":" ","price":2.67},{"type":"A","date":"2018-04-03T07:26:47.000Z","volume":2000,"label":" ","price":2.68},{"type":"A","date":"2018-04-03T07:26:47.000Z","volume":2000,"label":" ","price":2.68},{"type":"B","date":"2018-04-03T07:26:47.000Z","volume":4000,"label":" ","price":2.67},{"type":"B","date":"2018-04-03T07:26:48.000Z","volume":2000,"label":" ","price":2.67},{"type":"A","date":"2018-04-03T07:27:17.000Z","volume":2000,"label":" ","price":2.68},{"type":"B","date":"2018-04-03T07:27:17.000Z","volume":4000,"label":" ","price":2.67},{"type":"B","date":"2018-04-03T07:27:21.000Z","volume":2000,"label":" ","price":2.67},{"type":"A","date":"2018-04-03T07:31:17.000Z","volume":2000,"label":" ","price":2.68},{"type":"B","date":"2018-04-03T07:31:40.000Z","volume":2000,"label":" ","price":2.67},{"type":"B","date":"2018-04-03T07:31:40.000Z","volume":4000,"label":" ","price":2.67},{"type":"B","date":"2018-04-03T07:31:43.000Z","volume":2000,"label":" ","price":2.67},{"type":"B","date":"2018-04-03T07:34:34.000Z","volume":2000,"label":" ","price":2.67},{"type":"B","date":"2018-04-03T07:34:37.000Z","volume":2000,"label":" ","price":2.67},{"type":"B","date":"2018-04-03T07:35:43.000Z","volume":2000,"label":" ","price":2.67},{"type":"B","date":"2018-04-03T07:35:45.000Z","volume":2000,"label":" ","price":2.67},{"type":"B","date":"2018-04-03T07:35:56.000Z","volume":6000,"label":" ","price":2.67},{"type":"B","date":"2018-04-03T07:35:56.000Z","volume":6000,"label":" ","price":2.67},{"type":"B","date":"2018-04-03T07:35:58.000Z","volume":4000,"label":" ","price":2.67},{"type":"B","date":"2018-04-03T07:36:03.000Z","volume":2000,"label":" ","price":2.67},{"type":"B","date":"2018-04-03T07:36:04.000Z","volume":2000,"label":" ","price":2.67},{"type":"B","date":"2018-04-03T07:36:04.000Z","volume":4000,"label":" ","price":2.67},{"type":"B","date":"2018-04-03T07:36:08.000Z","volume":2000,"label":" ","price":2.67},{"type":"B","date":"2018-04-03T07:36:15.000Z","volume":6000,"label":" ","price":2.67},{"type":"B","date":"2018-04-03T07:36:17.000Z","volume":4000,"label":" ","price":2.67},{"type":"B","date":"2018-04-03T07:36:19.000Z","volume":2000,"label":" ","price":2.67},{"type":"A","date":"2018-04-03T07:36:35.000Z","volume":20000,"label":" ","price":2.68},{"type":"A","date":"2018-04-03T07:36:36.000Z","volume":14000,"label":" ","price":2.68},{"type":"B","date":"2018-04-03T07:36:40.000Z","volume":2000,"label":" ","price":2.67},{"type":"A","date":"2018-04-03T07:36:46.000Z","volume":2000,"label":"Y","price":2.68},{"type":"A","date":"2018-04-03T07:36:46.000Z","volume":18000,"label":" ","price":2.68},{"type":"B","date":"2018-04-03T07:36:57.000Z","volume":2000,"label":" ","price":2.67},{"type":"B","date":"2018-04-03T07:36:58.000Z","volume":2000,"label":" ","price":2.67},{"type":"A","date":"2018-04-03T07:37:17.000Z","volume":10000,"label":" ","price":2.68},{"type":"A","date":"2018-04-03T07:37:17.000Z","volume":6000,"label":" ","price":2.68},{"type":"B","date":"2018-04-03T07:37:17.000Z","volume":4000,"label":" ","price":2.67},{"type":"B","date":"2018-04-03T07:37:19.000Z","volume":2000,"label":" ","price":2.67},{"type":"B","date":"2018-04-03T07:37:27.000Z","volume":4000,"label":" ","price":2.67},{"type":"B","date":"2018-04-03T07:37:27.000Z","volume":2000,"label":" ","price":2.67},{"type":"A","date":"2018-04-03T07:39:14.000Z","volume":2000,"label":"Y","price":2.68},{"type":"B","date":"2018-04-03T07:39:35.000Z","volume":2000,"label":" ","price":2.67},{"type":"B","date":"2018-04-03T07:39:35.000Z","volume":4000,"label":" ","price":2.67},{"type":"B","date":"2018-04-03T07:39:35.000Z","volume":2000,"label":" ","price":2.67},{"type":"B","date":"2018-04-03T07:41:55.000Z","volume":2000,"label":" ","price":2.67},{"type":"A","date":"2018-04-03T07:43:21.000Z","volume":2000,"label":"Y","price":2.68},{"type":"B","date":"2018-04-03T07:43:21.000Z","volume":4000,"label":" ","price":2.67},{"type":"B","date":"2018-04-03T07:43:21.000Z","volume":2000,"label":" ","price":2.67},{"type":"B","date":"2018-04-03T07:44:36.000Z","volume":2000,"label":" ","price":2.67},{"type":"B","date":"2018-04-03T07:46:16.000Z","volume":2000,"label":" ","price":2.67},{"type":"B","date":"2018-04-03T07:46:19.000Z","volume":2000,"label":" ","price":2.67},{"type":"A","date":"2018-04-03T07:46:50.000Z","volume":2000,"label":"Y","price":2.68},{"type":"A","date":"2018-04-03T07:47:07.000Z","volume":2000,"label":"Y","price":2.68},{"type":"A","date":"2018-04-03T07:47:09.000Z","volume":2000,"label":" ","price":2.68},{"type":"B","date":"2018-04-03T07:47:56.000Z","volume":2000,"label":" ","price":2.67},{"type":"B","date":"2018-04-03T07:47:56.000Z","volume":6000,"label":" ","price":2.67},{"type":"B","date":"2018-04-03T07:47:57.000Z","volume":2000,"label":" ","price":2.67},{"type":"A","date":"2018-04-03T07:49:01.000Z","volume":2000,"label":" ","price":2.68},{"type":"B","date":"2018-04-03T07:49:02.000Z","volume":4000,"label":" ","price":2.67},{"type":"B","date":"2018-04-03T07:49:04.000Z","volume":2000,"label":" ","price":2.67},{"type":"B","date":"2018-04-03T07:49:07.000Z","volume":2000,"label":" ","price":2.67},{"type":"B","date":"2018-04-03T07:49:08.000Z","volume":2000,"label":" ","price":2.67},{"type":"B","date":"2018-04-03T07:49:11.000Z","volume":2000,"label":" ","price":2.67},{"type":"B","date":"2018-04-03T07:49:12.000Z","volume":2000,"label":" ","price":2.67},{"type":"B","date":"2018-04-03T07:49:34.000Z","volume":2000,"label":" ","price":2.67},{"type":"B","date":"2018-04-03T07:49:34.000Z","volume":2000,"label":" ","price":2.67},{"type":"A","date":"2018-04-03T07:49:52.000Z","volume":12000,"label":"Y","price":2.68},{"type":"A","date":"2018-04-03T07:49:52.000Z","volume":106000,"label":" ","price":2.68},{"type":"B","date":"2018-04-03T07:49:53.000Z","volume":2000,"label":"Y","price":2.68},{"type":"B","date":"2018-04-03T07:49:53.000Z","volume":2000,"label":" ","price":2.68},{"type":"A","date":"2018-04-03T07:50:02.000Z","volume":4000,"label":" ","price":2.71},{"type":"A","date":"2018-04-03T07:50:02.000Z","volume":4000,"label":" ","price":2.71},{"type":"A","date":"2018-04-03T07:50:02.000Z","volume":2000,"label":" ","price":2.71},{"type":"A","date":"2018-04-03T07:50:02.000Z","volume":6000,"label":" ","price":2.71},{"type":"U","date":"2018-04-03T07:50:02.000Z","volume":4000,"label":" ","price":2.7},{"type":"B","date":"2018-04-03T07:50:04.000Z","volume":10000,"label":" ","price":2.7},{"type":"B","date":"2018-04-03T07:50:04.000Z","volume":2000,"label":" ","price":2.7},{"type":"B","date":"2018-04-03T07:50:07.000Z","volume":10000,"label":" ","price":2.69},{"type":"B","date":"2018-04-03T07:50:17.000Z","volume":4000,"label":" ","price":2.68},{"type":"A","date":"2018-04-03T07:50:17.000Z","volume":40000,"label":" ","price":2.71},{"type":"A","date":"2018-04-03T07:50:26.000Z","volume":20000,"label":" ","price":2.71},{"type":"B","date":"2018-04-03T07:50:37.000Z","volume":2000,"label":" ","price":2.68},{"type":"B","date":"2018-04-03T07:51:29.000Z","volume":2000,"label":" ","price":2.7},{"type":"B","date":"2018-04-03T07:51:38.000Z","volume":2000,"label":" ","price":2.7},{"type":"B","date":"2018-04-03T07:52:04.000Z","volume":4000,"label":" ","price":2.7},{"type":"B","date":"2018-04-03T07:52:06.000Z","volume":2000,"label":" ","price":2.7},{"type":"B","date":"2018-04-03T07:52:06.000Z","volume":2000,"label":" ","price":2.7},{"type":"A","date":"2018-04-03T07:54:10.000Z","volume":2000,"label":" ","price":2.71},{"type":"A","date":"2018-04-03T07:54:40.000Z","volume":2000,"label":" ","price":2.71},{"type":"B","date":"2018-04-03T07:55:37.000Z","volume":2000,"label":" ","price":2.7},{"type":"A","date":"2018-04-03T07:55:37.000Z","volume":2000,"label":" ","price":2.71},{"type":"B","date":"2018-04-03T07:55:37.000Z","volume":2000,"label":" ","price":2.7},{"type":"B","date":"2018-04-03T07:56:57.000Z","volume":2000,"label":" ","price":2.7},{"type":"B","date":"2018-04-03T07:56:57.000Z","volume":4000,"label":" ","price":2.7},{"type":"B","date":"2018-04-03T07:57:22.000Z","volume":2000,"label":" ","price":2.69},{"type":"B","date":"2018-04-03T07:57:47.000Z","volume":4000,"label":" ","price":2.69},{"type":"B","date":"2018-04-03T07:57:50.000Z","volume":2000,"label":" ","price":2.69},{"type":"A","date":"2018-04-03T07:57:58.000Z","volume":2000,"label":" ","price":2.7},{"type":"B","date":"2018-04-03T07:58:17.000Z","volume":6000,"label":" ","price":2.69},{"type":"B","date":"2018-04-03T07:58:17.000Z","volume":2000,"label":" ","price":2.69},{"type":"B","date":"2018-04-03T07:58:21.000Z","volume":2000,"label":" ","price":2.69},{"type":"B","date":"2018-04-03T07:58:22.000Z","volume":2000,"label":" ","price":2.69},{"type":"B","date":"2018-04-03T07:58:27.000Z","volume":4000,"label":" ","price":2.69},{"type":"B","date":"2018-04-03T07:58:27.000Z","volume":2000,"label":" ","price":2.69},{"type":"A","date":"2018-04-03T07:58:30.000Z","volume":2000,"label":" ","price":2.7},{"type":"B","date":"2018-04-03T07:58:40.000Z","volume":2000,"label":" ","price":2.69},{"type":"B","date":"2018-04-03T07:58:41.000Z","volume":2000,"label":" ","price":2.69},{"type":"B","date":"2018-04-03T07:58:41.000Z","volume":2000,"label":" ","price":2.69},{"type":"B","date":"2018-04-03T07:58:52.000Z","volume":6000,"label":" ","price":2.69},{"type":"B","date":"2018-04-03T07:58:52.000Z","volume":2000,"label":" ","price":2.69},{"type":"B","date":"2018-04-03T07:58:52.000Z","volume":2000,"label":" ","price":2.69},{"type":"B","date":"2018-04-03T07:58:52.000Z","volume":2000,"label":" ","price":2.69},{"type":"B","date":"2018-04-03T07:58:52.000Z","volume":2000,"label":" ","price":2.69},{"type":"B","date":"2018-04-03T07:58:52.000Z","volume":6000,"label":" ","price":2.69},{"type":"B","date":"2018-04-03T07:58:52.000Z","volume":2000,"label":" ","price":2.68},{"type":"B","date":"2018-04-03T07:58:52.000Z","volume":2000,"label":" ","price":2.68},{"type":"B","date":"2018-04-03T07:58:54.000Z","volume":2000,"label":" ","price":2.68},{"type":"B","date":"2018-04-03T07:59:00.000Z","volume":2000,"label":" ","price":2.68},{"type":"B","date":"2018-04-03T07:59:00.000Z","volume":2000,"label":" ","price":2.68},{"type":"A","date":"2018-04-03T07:59:00.000Z","volume":20000,"label":" ","price":2.7},{"type":"B","date":"2018-04-03T07:59:00.000Z","volume":2000,"label":" ","price":2.69},{"type":"B","date":"2018-04-03T07:59:00.000Z","volume":2000,"label":" ","price":2.69},{"type":"B","date":"2018-04-03T07:59:02.000Z","volume":2000,"label":" ","price":2.69},{"type":"B","date":"2018-04-03T07:59:03.000Z","volume":2000,"label":" ","price":2.69},{"type":"B","date":"2018-04-03T07:59:03.000Z","volume":2000,"label":" ","price":2.69},{"type":"B","date":"2018-04-03T07:59:03.000Z","volume":2000,"label":" ","price":2.69},{"type":"B","date":"2018-04-03T07:59:03.000Z","volume":2000,"label":" ","price":2.69},{"type":"B","date":"2018-04-03T07:59:03.000Z","volume":2000,"label":" ","price":2.69},{"type":"B","date":"2018-04-03T07:59:04.000Z","volume":2000,"label":" ","price":2.69},{"type":"B","date":"2018-04-03T07:59:07.000Z","volume":2000,"label":" ","price":2.69},{"type":"B","date":"2018-04-03T07:59:07.000Z","volume":2000,"label":" ","price":2.68},{"type":"A","date":"2018-04-03T07:59:08.000Z","volume":2000,"label":"Y","price":2.7},{"type":"A","date":"2018-04-03T07:59:08.000Z","volume":4000,"label":" ","price":2.7},{"type":"U","date":"2018-04-03T07:59:08.000Z","volume":2000,"label":" ","price":2.69},{"type":"A","date":"2018-04-03T07:59:08.000Z","volume":10000,"label":" ","price":2.7},{"type":"B","date":"2018-04-03T07:59:08.000Z","volume":2000,"label":" ","price":2.69},{"type":"B","date":"2018-04-03T07:59:10.000Z","volume":2000,"label":"Y","price":2.69},{"type":"B","date":"2018-04-03T07:59:10.000Z","volume":2000,"label":" ","price":2.69},{"type":"B","date":"2018-04-03T07:59:12.000Z","volume":2000,"label":" ","price":2.69},{"type":"B","date":"2018-04-03T07:59:21.000Z","volume":2000,"label":" ","price":2.69},{"type":"B","date":"2018-04-03T07:59:21.000Z","volume":2000,"label":" ","price":2.69},{"type":"B","date":"2018-04-03T07:59:22.000Z","volume":2000,"label":" ","price":2.69},{"type":"A","date":"2018-04-03T07:59:34.000Z","volume":6000,"label":" ","price":2.7},{"type":"B","date":"2018-04-03T07:59:34.000Z","volume":2000,"label":" ","price":2.69},{"type":"B","date":"2018-04-03T07:59:34.000Z","volume":2000,"label":" ","price":2.69},{"type":"B","date":"2018-04-03T07:59:35.000Z","volume":2000,"label":"Y","price":2.69},{"type":"A","date":"2018-04-03T07:59:35.000Z","volume":2000,"label":" ","price":2.7},{"type":"B","date":"2018-04-03T07:59:37.000Z","volume":2000,"label":" ","price":2.69},{"type":"A","date":"2018-04-03T07:59:44.000Z","volume":4000,"label":" ","price":2.7},{"type":"B","date":"2018-04-03T07:59:45.000Z","volume":2000,"label":" ","price":2.69},{"type":"B","date":"2018-04-03T07:59:46.000Z","volume":2000,"label":"Y","price":2.69},{"type":"A","date":"2018-04-03T07:59:51.000Z","volume":6000,"label":" ","price":2.7},{"type":"B","date":"2018-04-03T07:59:51.000Z","volume":2000,"label":" ","price":2.69},{"type":"B","date":"2018-04-03T07:59:51.000Z","volume":2000,"label":" ","price":2.69},{"type":"B","date":"2018-04-03T07:59:51.000Z","volume":2000,"label":"Y","price":2.69}]