[{"type":"U","date":"2018-04-16T01:20:00.000Z","volume":43000,"label":"U","price":16.44},{"type":"B","date":"2018-04-16T01:30:00.000Z","volume":5000,"label":" ","price":16.42},{"type":"A","date":"2018-04-16T01:30:00.000Z","volume":1000,"label":" ","price":16.48},{"type":"A","date":"2018-04-16T01:30:00.000Z","volume":2000,"label":" ","price":16.5},{"type":"A","date":"2018-04-16T01:30:00.000Z","volume":1000,"label":" ","price":16.5},{"type":"A","date":"2018-04-16T01:30:00.000Z","volume":2000,"label":" ","price":16.52},{"type":"A","date":"2018-04-16T01:30:00.000Z","volume":3000,"label":" ","price":16.56},{"type":"U","date":"2018-04-16T01:30:01.000Z","volume":2000,"label":" ","price":16.56},{"type":"A","date":"2018-04-16T01:30:02.000Z","volume":1000,"label":" ","price":16.56},{"type":"A","date":"2018-04-16T01:30:02.000Z","volume":1000,"label":" ","price":16.56},{"type":"A","date":"2018-04-16T01:30:05.000Z","volume":1000,"label":" ","price":16.56},{"type":"A","date":"2018-04-16T01:30:05.000Z","volume":15000,"label":" ","price":16.58},{"type":"A","date":"2018-04-16T01:30:05.000Z","volume":1000,"label":" ","price":16.56},{"type":"A","date":"2018-04-16T01:30:06.000Z","volume":59000,"label":" ","price":16.6},{"type":"A","date":"2018-04-16T01:30:06.000Z","volume":8000,"label":" ","price":16.62},{"type":"A","date":"2018-04-16T01:30:07.000Z","volume":3000,"label":" ","price":16.64},{"type":"A","date":"2018-04-16T01:30:07.000Z","volume":7000,"label":" ","price":16.66},{"type":"A","date":"2018-04-16T01:30:07.000Z","volume":10000,"label":" ","price":16.7},{"type":"A","date":"2018-04-16T01:30:07.000Z","volume":3000,"label":" ","price":16.7},{"type":"A","date":"2018-04-16T01:30:07.000Z","volume":21000,"label":" ","price":16.72},{"type":"A","date":"2018-04-16T01:30:07.000Z","volume":3000,"label":" ","price":16.76},{"type":"B","date":"2018-04-16T01:30:07.000Z","volume":6000,"label":" ","price":16.64},{"type":"A","date":"2018-04-16T01:30:08.000Z","volume":5000,"label":" ","price":16.7},{"type":"A","date":"2018-04-16T01:30:08.000Z","volume":1000,"label":" ","price":16.7},{"type":"B","date":"2018-04-16T01:30:09.000Z","volume":8000,"label":" ","price":16.68},{"type":"A","date":"2018-04-16T01:30:10.000Z","volume":4000,"label":" ","price":16.7},{"type":"A","date":"2018-04-16T01:30:11.000Z","volume":3000,"label":" ","price":16.7},{"type":"A","date":"2018-04-16T01:30:13.000Z","volume":2000,"label":" ","price":16.7},{"type":"A","date":"2018-04-16T01:30:18.000Z","volume":3000,"label":" ","price":16.7},{"type":"A","date":"2018-04-16T01:30:18.000Z","volume":4000,"label":" ","price":16.72},{"type":"B","date":"2018-04-16T01:30:26.000Z","volume":11000,"label":" ","price":16.72},{"type":"B","date":"2018-04-16T01:30:26.000Z","volume":5000,"label":" ","price":16.72},{"type":"U","date":"2018-04-16T01:30:27.000Z","volume":1000,"label":" ","price":16.72},{"type":"B","date":"2018-04-16T01:30:27.000Z","volume":1000,"label":" ","price":16.72},{"type":"B","date":"2018-04-16T01:30:28.000Z","volume":3000,"label":" ","price":16.7},{"type":"B","date":"2018-04-16T01:30:28.000Z","volume":3000,"label":" ","price":16.68},{"type":"B","date":"2018-04-16T01:30:28.000Z","volume":6000,"label":" ","price":16.6},{"type":"B","date":"2018-04-16T01:30:28.000Z","volume":4000,"label":" ","price":16.58},{"type":"B","date":"2018-04-16T01:30:28.000Z","volume":2000,"label":" ","price":16.56},{"type":"B","date":"2018-04-16T01:30:28.000Z","volume":9000,"label":" ","price":16.5},{"type":"B","date":"2018-04-16T01:30:28.000Z","volume":1000,"label":" ","price":16.66},{"type":"B","date":"2018-04-16T01:30:28.000Z","volume":1000,"label":" ","price":16.66},{"type":"A","date":"2018-04-16T01:30:29.000Z","volume":3000,"label":"Y","price":16.68},{"type":"B","date":"2018-04-16T01:30:32.000Z","volume":4000,"label":"Y","price":16.6},{"type":"B","date":"2018-04-16T01:30:32.000Z","volume":10000,"label":" ","price":16.6},{"type":"B","date":"2018-04-16T01:30:32.000Z","volume":6000,"label":" ","price":16.5},{"type":"B","date":"2018-04-16T01:30:32.000Z","volume":2000,"label":" ","price":16.6},{"type":"B","date":"2018-04-16T01:30:32.000Z","volume":1000,"label":" ","price":16.6},{"type":"A","date":"2018-04-16T01:30:33.000Z","volume":4000,"label":" ","price":16.6},{"type":"A","date":"2018-04-16T01:30:37.000Z","volume":3000,"label":" ","price":16.6},{"type":"A","date":"2018-04-16T01:30:43.000Z","volume":1000,"label":" ","price":16.58},{"type":"B","date":"2018-04-16T01:30:48.000Z","volume":1000,"label":" ","price":16.48},{"type":"A","date":"2018-04-16T01:30:53.000Z","volume":1000,"label":" ","price":16.54},{"type":"A","date":"2018-04-16T01:30:53.000Z","volume":2000,"label":" ","price":16.56},{"type":"U","date":"2018-04-16T01:30:53.000Z","volume":1000,"label":" ","price":16.52},{"type":"A","date":"2018-04-16T01:31:01.000Z","volume":1000,"label":" ","price":16.56},{"type":"A","date":"2018-04-16T01:31:02.000Z","volume":1000,"label":" ","price":16.56},{"type":"A","date":"2018-04-16T01:31:03.000Z","volume":3000,"label":" ","price":16.58},{"type":"A","date":"2018-04-16T01:31:03.000Z","volume":1000,"label":" ","price":16.6},{"type":"A","date":"2018-04-16T01:31:05.000Z","volume":1000,"label":" ","price":16.62},{"type":"A","date":"2018-04-16T01:31:11.000Z","volume":1000,"label":" ","price":16.62},{"type":"A","date":"2018-04-16T01:31:18.000Z","volume":1000,"label":" ","price":16.62},{"type":"U","date":"2018-04-16T01:31:26.000Z","volume":1000,"label":" ","price":16.56},{"type":"A","date":"2018-04-16T01:31:27.000Z","volume":1000,"label":" ","price":16.6},{"type":"A","date":"2018-04-16T01:31:35.000Z","volume":1000,"label":" ","price":16.6},{"type":"A","date":"2018-04-16T01:31:41.000Z","volume":1000,"label":" ","price":16.6},{"type":"A","date":"2018-04-16T01:31:45.000Z","volume":3000,"label":" ","price":16.6},{"type":"A","date":"2018-04-16T01:31:45.000Z","volume":1000,"label":" ","price":16.6},{"type":"A","date":"2018-04-16T01:31:51.000Z","volume":1000,"label":" ","price":16.6},{"type":"A","date":"2018-04-16T01:31:52.000Z","volume":1000,"label":" ","price":16.6},{"type":"A","date":"2018-04-16T01:31:54.000Z","volume":1000,"label":" ","price":16.6},{"type":"A","date":"2018-04-16T01:31:57.000Z","volume":1000,"label":" ","price":16.6},{"type":"A","date":"2018-04-16T01:31:58.000Z","volume":1000,"label":" ","price":16.6},{"type":"A","date":"2018-04-16T01:31:59.000Z","volume":1000,"label":" ","price":16.6},{"type":"A","date":"2018-04-16T01:31:59.000Z","volume":4000,"label":" ","price":16.62},{"type":"A","date":"2018-04-16T01:32:01.000Z","volume":1000,"label":" ","price":16.62},{"type":"A","date":"2018-04-16T01:32:11.000Z","volume":1000,"label":" ","price":16.62},{"type":"B","date":"2018-04-16T01:32:14.000Z","volume":10000,"label":" ","price":16.6},{"type":"B","date":"2018-04-16T01:32:14.000Z","volume":6000,"label":" ","price":16.6},{"type":"B","date":"2018-04-16T01:32:14.000Z","volume":1000,"label":" ","price":16.6},{"type":"B","date":"2018-04-16T01:32:18.000Z","volume":1000,"label":" ","price":16.6},{"type":"A","date":"2018-04-16T01:32:19.000Z","volume":6000,"label":" ","price":16.62},{"type":"A","date":"2018-04-16T01:32:29.000Z","volume":1000,"label":" ","price":16.62},{"type":"B","date":"2018-04-16T01:32:34.000Z","volume":10000,"label":" ","price":16.6},{"type":"B","date":"2018-04-16T01:32:35.000Z","volume":5000,"label":" ","price":16.6},{"type":"B","date":"2018-04-16T01:32:35.000Z","volume":1000,"label":" ","price":16.6},{"type":"B","date":"2018-04-16T01:32:35.000Z","volume":1000,"label":" ","price":16.58},{"type":"B","date":"2018-04-16T01:32:36.000Z","volume":1000,"label":" ","price":16.6},{"type":"B","date":"2018-04-16T01:32:39.000Z","volume":5000,"label":" ","price":16.6},{"type":"A","date":"2018-04-16T01:32:45.000Z","volume":2000,"label":" ","price":16.6},{"type":"B","date":"2018-04-16T01:32:48.000Z","volume":6000,"label":" ","price":16.56},{"type":"U","date":"2018-04-16T01:32:48.000Z","volume":1000,"label":" ","price":16.58},{"type":"A","date":"2018-04-16T01:32:56.000Z","volume":10000,"label":" ","price":16.6},{"type":"A","date":"2018-04-16T01:32:57.000Z","volume":9000,"label":" ","price":16.58},{"type":"A","date":"2018-04-16T01:32:58.000Z","volume":2000,"label":"Y","price":16.58},{"type":"A","date":"2018-04-16T01:32:58.000Z","volume":1000,"label":" ","price":16.58},{"type":"B","date":"2018-04-16T01:33:16.000Z","volume":1000,"label":" ","price":16.56},{"type":"A","date":"2018-04-16T01:33:19.000Z","volume":1000,"label":" ","price":16.58},{"type":"A","date":"2018-04-16T01:33:31.000Z","volume":1000,"label":" ","price":16.58},{"type":"B","date":"2018-04-16T01:33:33.000Z","volume":4000,"label":" ","price":16.56},{"type":"B","date":"2018-04-16T01:33:33.000Z","volume":1000,"label":" ","price":16.54},{"type":"B","date":"2018-04-16T01:33:35.000Z","volume":4000,"label":" ","price":16.52},{"type":"B","date":"2018-04-16T01:33:41.000Z","volume":1000,"label":" ","price":16.52},{"type":"A","date":"2018-04-16T01:34:05.000Z","volume":1000,"label":" ","price":16.54},{"type":"B","date":"2018-04-16T01:34:07.000Z","volume":1000,"label":" ","price":16.52},{"type":"A","date":"2018-04-16T01:34:13.000Z","volume":50000,"label":" ","price":16.54},{"type":"A","date":"2018-04-16T01:34:13.000Z","volume":14000,"label":" ","price":16.54},{"type":"A","date":"2018-04-16T01:34:14.000Z","volume":9000,"label":" ","price":16.56},{"type":"A","date":"2018-04-16T01:34:14.000Z","volume":6000,"label":" ","price":16.56},{"type":"A","date":"2018-04-16T01:34:14.000Z","volume":4000,"label":" ","price":16.56},{"type":"A","date":"2018-04-16T01:34:14.000Z","volume":1000,"label":" ","price":16.56},{"type":"A","date":"2018-04-16T01:34:14.000Z","volume":4000,"label":" ","price":16.56},{"type":"A","date":"2018-04-16T01:34:14.000Z","volume":2000,"label":" ","price":16.56},{"type":"A","date":"2018-04-16T01:34:14.000Z","volume":1000,"label":" ","price":16.58},{"type":"A","date":"2018-04-16T01:34:14.000Z","volume":1000,"label":" ","price":16.58},{"type":"A","date":"2018-04-16T01:34:15.000Z","volume":5000,"label":" ","price":16.6},{"type":"A","date":"2018-04-16T01:34:25.000Z","volume":1000,"label":" ","price":16.6},{"type":"B","date":"2018-04-16T01:34:31.000Z","volume":5000,"label":" ","price":16.54},{"type":"B","date":"2018-04-16T01:34:33.000Z","volume":1000,"label":" ","price":16.54},{"type":"A","date":"2018-04-16T01:34:35.000Z","volume":1000,"label":" ","price":16.6},{"type":"B","date":"2018-04-16T01:34:43.000Z","volume":13000,"label":" ","price":16.54},{"type":"B","date":"2018-04-16T01:34:54.000Z","volume":4000,"label":" ","price":16.54},{"type":"A","date":"2018-04-16T01:34:58.000Z","volume":30000,"label":" ","price":16.58},{"type":"A","date":"2018-04-16T01:35:04.000Z","volume":1000,"label":" ","price":16.58},{"type":"A","date":"2018-04-16T01:35:04.000Z","volume":1000,"label":" ","price":16.58},{"type":"U","date":"2018-04-16T01:35:06.000Z","volume":7000,"label":" ","price":16.56},{"type":"A","date":"2018-04-16T01:35:12.000Z","volume":1000,"label":" ","price":16.58},{"type":"A","date":"2018-04-16T01:35:15.000Z","volume":1000,"label":" ","price":16.58},{"type":"B","date":"2018-04-16T01:35:21.000Z","volume":4000,"label":" ","price":16.56},{"type":"A","date":"2018-04-16T01:35:24.000Z","volume":8000,"label":"Y","price":16.6},{"type":"U","date":"2018-04-16T01:35:42.000Z","volume":10000,"label":" ","price":16.58},{"type":"A","date":"2018-04-16T01:35:43.000Z","volume":1000,"label":" ","price":16.6},{"type":"A","date":"2018-04-16T01:35:43.000Z","volume":50000,"label":" ","price":16.6},{"type":"A","date":"2018-04-16T01:35:53.000Z","volume":1000,"label":" ","price":16.6},{"type":"B","date":"2018-04-16T01:36:01.000Z","volume":21000,"label":" ","price":16.56},{"type":"B","date":"2018-04-16T01:36:02.000Z","volume":2000,"label":" ","price":16.56},{"type":"A","date":"2018-04-16T01:36:07.000Z","volume":1000,"label":" ","price":16.58},{"type":"A","date":"2018-04-16T01:36:12.000Z","volume":5000,"label":" ","price":16.58},{"type":"B","date":"2018-04-16T01:36:24.000Z","volume":15000,"label":"Y","price":16.5},{"type":"B","date":"2018-04-16T01:36:24.000Z","volume":5000,"label":" ","price":16.5},{"type":"A","date":"2018-04-16T01:36:49.000Z","volume":1000,"label":" ","price":16.58},{"type":"A","date":"2018-04-16T01:37:01.000Z","volume":1000,"label":" ","price":16.56},{"type":"A","date":"2018-04-16T01:37:11.000Z","volume":1000,"label":" ","price":16.56},{"type":"A","date":"2018-04-16T01:37:21.000Z","volume":1000,"label":" ","price":16.56},{"type":"A","date":"2018-04-16T01:37:33.000Z","volume":2000,"label":" ","price":16.56},{"type":"A","date":"2018-04-16T01:37:34.000Z","volume":10000,"label":" ","price":16.56},{"type":"B","date":"2018-04-16T01:37:38.000Z","volume":10000,"label":" ","price":16.52},{"type":"B","date":"2018-04-16T01:37:39.000Z","volume":4000,"label":" ","price":16.52},{"type":"A","date":"2018-04-16T01:37:40.000Z","volume":1000,"label":" ","price":16.56},{"type":"A","date":"2018-04-16T01:37:41.000Z","volume":2000,"label":" ","price":16.56},{"type":"A","date":"2018-04-16T01:37:48.000Z","volume":2000,"label":" ","price":16.56},{"type":"A","date":"2018-04-16T01:38:07.000Z","volume":1000,"label":" ","price":16.56},{"type":"A","date":"2018-04-16T01:38:17.000Z","volume":2000,"label":" ","price":16.56},{"type":"B","date":"2018-04-16T01:38:27.000Z","volume":3000,"label":" ","price":16.5},{"type":"A","date":"2018-04-16T01:38:27.000Z","volume":1000,"label":" ","price":16.56},{"type":"B","date":"2018-04-16T01:38:28.000Z","volume":32000,"label":" ","price":16.5},{"type":"B","date":"2018-04-16T01:38:45.000Z","volume":6000,"label":" ","price":16.48},{"type":"B","date":"2018-04-16T01:38:45.000Z","volume":2000,"label":" ","price":16.48},{"type":"A","date":"2018-04-16T01:38:46.000Z","volume":5000,"label":" ","price":16.5},{"type":"A","date":"2018-04-16T01:38:55.000Z","volume":1000,"label":" ","price":16.5},{"type":"B","date":"2018-04-16T01:38:59.000Z","volume":5000,"label":" ","price":16.48},{"type":"B","date":"2018-04-16T01:39:02.000Z","volume":2000,"label":" ","price":16.48},{"type":"A","date":"2018-04-16T01:39:16.000Z","volume":1000,"label":" ","price":16.48},{"type":"B","date":"2018-04-16T01:39:23.000Z","volume":10000,"label":" ","price":16.44},{"type":"B","date":"2018-04-16T01:39:28.000Z","volume":5000,"label":" ","price":16.44},{"type":"B","date":"2018-04-16T01:39:32.000Z","volume":10000,"label":" ","price":16.44},{"type":"B","date":"2018-04-16T01:39:33.000Z","volume":1000,"label":" ","price":16.44},{"type":"B","date":"2018-04-16T01:39:43.000Z","volume":7000,"label":" ","price":16.42},{"type":"B","date":"2018-04-16T01:39:43.000Z","volume":7000,"label":" ","price":16.42},{"type":"B","date":"2018-04-16T01:39:51.000Z","volume":1000,"label":" ","price":16.42},{"type":"B","date":"2018-04-16T01:40:02.000Z","volume":14000,"label":" ","price":16.4},{"type":"B","date":"2018-04-16T01:40:10.000Z","volume":6000,"label":" ","price":16.36},{"type":"B","date":"2018-04-16T01:40:10.000Z","volume":2000,"label":"Y","price":16.34},{"type":"B","date":"2018-04-16T01:40:10.000Z","volume":2000,"label":" ","price":16.34},{"type":"B","date":"2018-04-16T01:40:22.000Z","volume":5000,"label":" ","price":16.34},{"type":"B","date":"2018-04-16T01:40:23.000Z","volume":3000,"label":" ","price":16.34},{"type":"B","date":"2018-04-16T01:40:23.000Z","volume":2000,"label":" ","price":16.34},{"type":"B","date":"2018-04-16T01:40:23.000Z","volume":2000,"label":" ","price":16.34},{"type":"B","date":"2018-04-16T01:40:33.000Z","volume":6000,"label":" ","price":16.3},{"type":"A","date":"2018-04-16T01:40:34.000Z","volume":1000,"label":" ","price":16.34},{"type":"B","date":"2018-04-16T01:40:38.000Z","volume":10000,"label":" ","price":16.3},{"type":"U","date":"2018-04-16T01:40:41.000Z","volume":1000,"label":" ","price":16.3},{"type":"B","date":"2018-04-16T01:40:43.000Z","volume":1000,"label":" ","price":16.28},{"type":"B","date":"2018-04-16T01:40:45.000Z","volume":5000,"label":" ","price":16.28},{"type":"B","date":"2018-04-16T01:40:45.000Z","volume":5000,"label":" ","price":16.28},{"type":"A","date":"2018-04-16T01:40:47.000Z","volume":1000,"label":" ","price":16.32},{"type":"B","date":"2018-04-16T01:40:50.000Z","volume":1000,"label":" ","price":16.26},{"type":"B","date":"2018-04-16T01:40:53.000Z","volume":2000,"label":" ","price":16.26},{"type":"A","date":"2018-04-16T01:40:57.000Z","volume":1000,"label":" ","price":16.28},{"type":"B","date":"2018-04-16T01:41:01.000Z","volume":4000,"label":" ","price":16.26},{"type":"B","date":"2018-04-16T01:41:03.000Z","volume":3000,"label":" ","price":16.26},{"type":"A","date":"2018-04-16T01:41:07.000Z","volume":4000,"label":" ","price":16.28},{"type":"A","date":"2018-04-16T01:41:07.000Z","volume":7000,"label":"Y","price":16.28},{"type":"A","date":"2018-04-16T01:41:07.000Z","volume":2000,"label":" ","price":16.28},{"type":"B","date":"2018-04-16T01:41:12.000Z","volume":7000,"label":" ","price":16.26},{"type":"B","date":"2018-04-16T01:41:12.000Z","volume":3000,"label":" ","price":16.24},{"type":"B","date":"2018-04-16T01:41:13.000Z","volume":5000,"label":" ","price":16.24},{"type":"B","date":"2018-04-16T01:41:23.000Z","volume":2000,"label":" ","price":16.24},{"type":"B","date":"2018-04-16T01:41:23.000Z","volume":5000,"label":" ","price":16.24},{"type":"U","date":"2018-04-16T01:41:27.000Z","volume":1000,"label":" ","price":16.26},{"type":"U","date":"2018-04-16T01:41:32.000Z","volume":1000,"label":" ","price":16.26},{"type":"B","date":"2018-04-16T01:41:33.000Z","volume":4000,"label":" ","price":16.24},{"type":"A","date":"2018-04-16T01:41:33.000Z","volume":1000,"label":" ","price":16.28},{"type":"A","date":"2018-04-16T01:41:33.000Z","volume":1000,"label":" ","price":16.3},{"type":"B","date":"2018-04-16T01:41:36.000Z","volume":11000,"label":" ","price":16.26},{"type":"B","date":"2018-04-16T01:41:36.000Z","volume":1000,"label":" ","price":16.24},{"type":"B","date":"2018-04-16T01:41:43.000Z","volume":3000,"label":" ","price":16.24},{"type":"B","date":"2018-04-16T01:41:44.000Z","volume":1000,"label":" ","price":16.24},{"type":"B","date":"2018-04-16T01:41:53.000Z","volume":6000,"label":" ","price":16.24},{"type":"A","date":"2018-04-16T01:41:55.000Z","volume":3000,"label":" ","price":16.3},{"type":"B","date":"2018-04-16T01:41:56.000Z","volume":1000,"label":" ","price":16.26},{"type":"B","date":"2018-04-16T01:41:59.000Z","volume":3000,"label":"Y","price":16.3},{"type":"B","date":"2018-04-16T01:41:59.000Z","volume":1000,"label":" ","price":16.3},{"type":"B","date":"2018-04-16T01:41:59.000Z","volume":1000,"label":" ","price":16.28},{"type":"B","date":"2018-04-16T01:41:59.000Z","volume":8000,"label":" ","price":16.26},{"type":"B","date":"2018-04-16T01:41:59.000Z","volume":1000,"label":" ","price":16.24},{"type":"B","date":"2018-04-16T01:42:00.000Z","volume":1000,"label":" ","price":16.3},{"type":"U","date":"2018-04-16T01:42:03.000Z","volume":5000,"label":" ","price":16.26},{"type":"B","date":"2018-04-16T01:42:13.000Z","volume":3000,"label":" ","price":16.24},{"type":"B","date":"2018-04-16T01:42:13.000Z","volume":1000,"label":" ","price":16.24},{"type":"B","date":"2018-04-16T01:42:23.000Z","volume":1000,"label":" ","price":16.24},{"type":"B","date":"2018-04-16T01:42:23.000Z","volume":1000,"label":"Y","price":16.24},{"type":"B","date":"2018-04-16T01:42:23.000Z","volume":1000,"label":" ","price":16.24},{"type":"B","date":"2018-04-16T01:42:33.000Z","volume":1000,"label":" ","price":16.24},{"type":"B","date":"2018-04-16T01:42:34.000Z","volume":2000,"label":" ","price":16.24},{"type":"B","date":"2018-04-16T01:42:38.000Z","volume":4000,"label":" ","price":16.24},{"type":"U","date":"2018-04-16T01:42:41.000Z","volume":12000,"label":" ","price":16.24},{"type":"B","date":"2018-04-16T01:42:43.000Z","volume":6000,"label":" ","price":16.24},{"type":"B","date":"2018-04-16T01:42:52.000Z","volume":6000,"label":" ","price":16.22},{"type":"B","date":"2018-04-16T01:42:52.000Z","volume":14000,"label":" ","price":16.2},{"type":"B","date":"2018-04-16T01:42:53.000Z","volume":3000,"label":" ","price":16.22},{"type":"A","date":"2018-04-16T01:42:57.000Z","volume":6000,"label":" ","price":16.24},{"type":"B","date":"2018-04-16T01:43:02.000Z","volume":1000,"label":" ","price":16.22},{"type":"B","date":"2018-04-16T01:43:03.000Z","volume":3000,"label":" ","price":16.22},{"type":"B","date":"2018-04-16T01:43:04.000Z","volume":2000,"label":" ","price":16.22},{"type":"A","date":"2018-04-16T01:43:04.000Z","volume":1000,"label":" ","price":16.24},{"type":"A","date":"2018-04-16T01:43:04.000Z","volume":1000,"label":" ","price":16.24},{"type":"A","date":"2018-04-16T01:43:04.000Z","volume":7000,"label":" ","price":16.24},{"type":"A","date":"2018-04-16T01:43:05.000Z","volume":3000,"label":" ","price":16.26},{"type":"B","date":"2018-04-16T01:43:13.000Z","volume":2000,"label":" ","price":16.24},{"type":"B","date":"2018-04-16T01:43:20.000Z","volume":3000,"label":" ","price":16.24},{"type":"B","date":"2018-04-16T01:43:22.000Z","volume":1000,"label":" ","price":16.24},{"type":"A","date":"2018-04-16T01:43:27.000Z","volume":1000,"label":" ","price":16.24},{"type":"A","date":"2018-04-16T01:43:27.000Z","volume":4000,"label":" ","price":16.24},{"type":"U","date":"2018-04-16T01:43:28.000Z","volume":700,"label":"D","price":16.12},{"type":"B","date":"2018-04-16T01:43:38.000Z","volume":1000,"label":" ","price":16.22},{"type":"A","date":"2018-04-16T01:43:46.000Z","volume":17000,"label":" ","price":16.24},{"type":"A","date":"2018-04-16T01:43:46.000Z","volume":25000,"label":" ","price":16.26},{"type":"A","date":"2018-04-16T01:43:46.000Z","volume":1000,"label":" ","price":16.3},{"type":"A","date":"2018-04-16T01:43:47.000Z","volume":3000,"label":" ","price":16.3},{"type":"B","date":"2018-04-16T01:43:50.000Z","volume":11000,"label":" ","price":16.26},{"type":"B","date":"2018-04-16T01:43:50.000Z","volume":19000,"label":" ","price":16.24},{"type":"B","date":"2018-04-16T01:43:55.000Z","volume":2000,"label":" ","price":16.24},{"type":"B","date":"2018-04-16T01:43:57.000Z","volume":12000,"label":" ","price":16.24},{"type":"B","date":"2018-04-16T01:43:57.000Z","volume":1000,"label":" ","price":16.22},{"type":"B","date":"2018-04-16T01:43:57.000Z","volume":1000,"label":"Y","price":16.2},{"type":"B","date":"2018-04-16T01:43:57.000Z","volume":1000,"label":" ","price":16.2},{"type":"B","date":"2018-04-16T01:44:04.000Z","volume":5000,"label":" ","price":16.24},{"type":"A","date":"2018-04-16T01:44:30.000Z","volume":1000,"label":" ","price":16.32},{"type":"A","date":"2018-04-16T01:44:30.000Z","volume":1000,"label":" ","price":16.32},{"type":"B","date":"2018-04-16T01:44:38.000Z","volume":9000,"label":" ","price":16.28},{"type":"B","date":"2018-04-16T01:44:38.000Z","volume":1000,"label":" ","price":16.28},{"type":"B","date":"2018-04-16T01:44:41.000Z","volume":7000,"label":" ","price":16.28},{"type":"B","date":"2018-04-16T01:44:41.000Z","volume":3000,"label":" ","price":16.26},{"type":"B","date":"2018-04-16T01:44:44.000Z","volume":1000,"label":" ","price":16.26},{"type":"A","date":"2018-04-16T01:45:19.000Z","volume":1000,"label":" ","price":16.3},{"type":"A","date":"2018-04-16T01:45:19.000Z","volume":7000,"label":" ","price":16.3},{"type":"B","date":"2018-04-16T01:45:22.000Z","volume":15000,"label":" ","price":16.28},{"type":"B","date":"2018-04-16T01:45:45.000Z","volume":10000,"label":" ","price":16.28},{"type":"B","date":"2018-04-16T01:45:58.000Z","volume":8000,"label":" ","price":16.28},{"type":"A","date":"2018-04-16T01:46:26.000Z","volume":1000,"label":" ","price":16.32},{"type":"B","date":"2018-04-16T01:46:32.000Z","volume":5000,"label":" ","price":16.3},{"type":"A","date":"2018-04-16T01:46:37.000Z","volume":1000,"label":" ","price":16.32},{"type":"B","date":"2018-04-16T01:46:49.000Z","volume":1000,"label":" ","price":16.3},{"type":"A","date":"2018-04-16T01:47:09.000Z","volume":1000,"label":" ","price":16.32},{"type":"B","date":"2018-04-16T01:47:17.000Z","volume":6000,"label":" ","price":16.3},{"type":"A","date":"2018-04-16T01:47:23.000Z","volume":1000,"label":" ","price":16.32},{"type":"A","date":"2018-04-16T01:47:23.000Z","volume":25000,"label":" ","price":16.32},{"type":"B","date":"2018-04-16T01:47:32.000Z","volume":1000,"label":" ","price":16.32},{"type":"A","date":"2018-04-16T01:47:37.000Z","volume":1000,"label":" ","price":16.36},{"type":"A","date":"2018-04-16T01:47:44.000Z","volume":1000,"label":" ","price":16.36},{"type":"A","date":"2018-04-16T01:47:49.000Z","volume":1000,"label":" ","price":16.36},{"type":"A","date":"2018-04-16T01:48:05.000Z","volume":1000,"label":" ","price":16.38},{"type":"B","date":"2018-04-16T01:48:06.000Z","volume":18000,"label":" ","price":16.36},{"type":"B","date":"2018-04-16T01:48:07.000Z","volume":1000,"label":" ","price":16.34},{"type":"B","date":"2018-04-16T01:48:07.000Z","volume":1000,"label":" ","price":16.34},{"type":"A","date":"2018-04-16T01:48:10.000Z","volume":2000,"label":" ","price":16.38},{"type":"B","date":"2018-04-16T01:48:26.000Z","volume":5000,"label":" ","price":16.36},{"type":"A","date":"2018-04-16T01:48:45.000Z","volume":1000,"label":" ","price":16.38},{"type":"A","date":"2018-04-16T01:48:46.000Z","volume":1000,"label":" ","price":16.38},{"type":"B","date":"2018-04-16T01:48:47.000Z","volume":8000,"label":" ","price":16.36},{"type":"B","date":"2018-04-16T01:48:47.000Z","volume":1000,"label":" ","price":16.32},{"type":"B","date":"2018-04-16T01:48:56.000Z","volume":4000,"label":" ","price":16.32},{"type":"B","date":"2018-04-16T01:49:13.000Z","volume":13000,"label":" ","price":16.3},{"type":"A","date":"2018-04-16T01:49:14.000Z","volume":1000,"label":" ","price":16.32},{"type":"B","date":"2018-04-16T01:49:20.000Z","volume":2000,"label":" ","price":16.28},{"type":"B","date":"2018-04-16T01:49:25.000Z","volume":2000,"label":" ","price":16.28},{"type":"B","date":"2018-04-16T01:49:26.000Z","volume":10000,"label":" ","price":16.28},{"type":"B","date":"2018-04-16T01:49:33.000Z","volume":5000,"label":" ","price":16.26},{"type":"A","date":"2018-04-16T01:49:53.000Z","volume":4000,"label":" ","price":16.28},{"type":"A","date":"2018-04-16T01:50:02.000Z","volume":1000,"label":" ","price":16.28},{"type":"B","date":"2018-04-16T01:50:07.000Z","volume":1000,"label":" ","price":16.26},{"type":"A","date":"2018-04-16T01:50:09.000Z","volume":1000,"label":" ","price":16.28},{"type":"A","date":"2018-04-16T01:50:23.000Z","volume":1000,"label":" ","price":16.28},{"type":"A","date":"2018-04-16T01:50:24.000Z","volume":4000,"label":" ","price":16.28},{"type":"A","date":"2018-04-16T01:50:24.000Z","volume":1000,"label":" ","price":16.28},{"type":"A","date":"2018-04-16T01:50:42.000Z","volume":1000,"label":" ","price":16.3},{"type":"A","date":"2018-04-16T01:50:51.000Z","volume":1000,"label":" ","price":16.3},{"type":"B","date":"2018-04-16T01:50:53.000Z","volume":10000,"label":" ","price":16.28},{"type":"A","date":"2018-04-16T01:51:14.000Z","volume":7000,"label":" ","price":16.3},{"type":"B","date":"2018-04-16T01:51:32.000Z","volume":11000,"label":" ","price":16.32},{"type":"A","date":"2018-04-16T01:51:52.000Z","volume":1000,"label":" ","price":16.34},{"type":"B","date":"2018-04-16T01:52:06.000Z","volume":6000,"label":" ","price":16.3},{"type":"A","date":"2018-04-16T01:52:13.000Z","volume":1000,"label":" ","price":16.34},{"type":"A","date":"2018-04-16T01:52:13.000Z","volume":3000,"label":" ","price":16.34},{"type":"A","date":"2018-04-16T01:52:23.000Z","volume":1000,"label":" ","price":16.34},{"type":"B","date":"2018-04-16T01:52:25.000Z","volume":10000,"label":" ","price":16.32},{"type":"A","date":"2018-04-16T01:52:32.000Z","volume":6000,"label":" ","price":16.34},{"type":"A","date":"2018-04-16T01:53:03.000Z","volume":6000,"label":" ","price":16.34},{"type":"A","date":"2018-04-16T01:53:03.000Z","volume":1000,"label":" ","price":16.34},{"type":"A","date":"2018-04-16T01:53:04.000Z","volume":30000,"label":" ","price":16.34},{"type":"B","date":"2018-04-16T01:53:18.000Z","volume":4000,"label":" ","price":16.34},{"type":"A","date":"2018-04-16T01:53:20.000Z","volume":1000,"label":" ","price":16.36},{"type":"B","date":"2018-04-16T01:53:30.000Z","volume":3000,"label":"Y","price":16.34},{"type":"B","date":"2018-04-16T01:53:30.000Z","volume":22000,"label":" ","price":16.34},{"type":"B","date":"2018-04-16T01:53:32.000Z","volume":2000,"label":" ","price":16.32},{"type":"B","date":"2018-04-16T01:53:55.000Z","volume":1000,"label":"Y","price":16.3},{"type":"B","date":"2018-04-16T01:53:55.000Z","volume":25000,"label":" ","price":16.3},{"type":"B","date":"2018-04-16T01:53:55.000Z","volume":1000,"label":" ","price":16.28},{"type":"B","date":"2018-04-16T01:53:55.000Z","volume":15000,"label":" ","price":16.26},{"type":"B","date":"2018-04-16T01:53:55.000Z","volume":3000,"label":" ","price":16.24},{"type":"B","date":"2018-04-16T01:53:55.000Z","volume":4000,"label":" ","price":16.22},{"type":"B","date":"2018-04-16T01:53:55.000Z","volume":19000,"label":" ","price":16.22},{"type":"A","date":"2018-04-16T01:54:21.000Z","volume":1000,"label":" ","price":16.3},{"type":"A","date":"2018-04-16T01:54:36.000Z","volume":1000,"label":" ","price":16.3},{"type":"A","date":"2018-04-16T01:54:36.000Z","volume":18000,"label":" ","price":16.3},{"type":"B","date":"2018-04-16T01:54:44.000Z","volume":13000,"label":" ","price":16.26},{"type":"B","date":"2018-04-16T01:54:44.000Z","volume":2000,"label":" ","price":16.24},{"type":"B","date":"2018-04-16T01:54:44.000Z","volume":19000,"label":" ","price":16.22},{"type":"B","date":"2018-04-16T01:54:44.000Z","volume":16000,"label":" ","price":16.2},{"type":"B","date":"2018-04-16T01:54:44.000Z","volume":1000,"label":" ","price":16.22},{"type":"B","date":"2018-04-16T01:54:46.000Z","volume":2000,"label":" ","price":16.22},{"type":"B","date":"2018-04-16T01:54:46.000Z","volume":9000,"label":" ","price":16.22},{"type":"A","date":"2018-04-16T01:55:09.000Z","volume":4000,"label":" ","price":16.32},{"type":"A","date":"2018-04-16T01:55:16.000Z","volume":3000,"label":" ","price":16.32},{"type":"B","date":"2018-04-16T01:55:17.000Z","volume":1000,"label":" ","price":16.3},{"type":"A","date":"2018-04-16T01:55:23.000Z","volume":1000,"label":" ","price":16.34},{"type":"A","date":"2018-04-16T01:55:26.000Z","volume":2000,"label":" ","price":16.32},{"type":"B","date":"2018-04-16T01:55:27.000Z","volume":24000,"label":" ","price":16.3},{"type":"B","date":"2018-04-16T01:55:27.000Z","volume":3000,"label":" ","price":16.24},{"type":"B","date":"2018-04-16T01:55:27.000Z","volume":9000,"label":" ","price":16.22},{"type":"B","date":"2018-04-16T01:55:27.000Z","volume":14000,"label":" ","price":16.2},{"type":"B","date":"2018-04-16T01:55:27.000Z","volume":1000,"label":" ","price":16.3},{"type":"B","date":"2018-04-16T01:55:29.000Z","volume":5000,"label":" ","price":16.22},{"type":"B","date":"2018-04-16T01:55:31.000Z","volume":4000,"label":" ","price":16.22},{"type":"B","date":"2018-04-16T01:55:31.000Z","volume":4000,"label":" ","price":16.22},{"type":"B","date":"2018-04-16T01:55:38.000Z","volume":7000,"label":" ","price":16.22},{"type":"B","date":"2018-04-16T01:55:41.000Z","volume":1000,"label":" ","price":16.22},{"type":"B","date":"2018-04-16T01:55:43.000Z","volume":5000,"label":" ","price":16.22},{"type":"B","date":"2018-04-16T01:55:44.000Z","volume":1000,"label":" ","price":16.22},{"type":"B","date":"2018-04-16T01:56:11.000Z","volume":1000,"label":" ","price":16.22},{"type":"B","date":"2018-04-16T01:56:14.000Z","volume":1000,"label":" ","price":16.22},{"type":"A","date":"2018-04-16T01:56:20.000Z","volume":1000,"label":" ","price":16.26},{"type":"A","date":"2018-04-16T01:56:33.000Z","volume":1000,"label":" ","price":16.3},{"type":"U","date":"2018-04-16T01:56:34.000Z","volume":2000,"label":" ","price":16.26},{"type":"A","date":"2018-04-16T01:56:49.000Z","volume":1000,"label":" ","price":16.3},{"type":"A","date":"2018-04-16T01:57:05.000Z","volume":1000,"label":" ","price":16.3},{"type":"B","date":"2018-04-16T01:57:09.000Z","volume":17000,"label":" ","price":16.26},{"type":"B","date":"2018-04-16T01:57:09.000Z","volume":4000,"label":" ","price":16.24},{"type":"B","date":"2018-04-16T01:57:09.000Z","volume":29000,"label":" ","price":16.22},{"type":"B","date":"2018-04-16T01:57:11.000Z","volume":2000,"label":" ","price":16.22},{"type":"B","date":"2018-04-16T01:57:13.000Z","volume":8000,"label":" ","price":16.22},{"type":"B","date":"2018-04-16T01:57:13.000Z","volume":3000,"label":" ","price":16.22},{"type":"U","date":"2018-04-16T01:57:15.000Z","volume":2000,"label":" ","price":16.24},{"type":"B","date":"2018-04-16T01:57:18.000Z","volume":1000,"label":" ","price":16.22},{"type":"A","date":"2018-04-16T01:57:29.000Z","volume":6000,"label":" ","price":16.24},{"type":"A","date":"2018-04-16T01:57:36.000Z","volume":3000,"label":" ","price":16.26},{"type":"A","date":"2018-04-16T01:57:37.000Z","volume":9000,"label":" ","price":16.26},{"type":"B","date":"2018-04-16T01:57:49.000Z","volume":5000,"label":" ","price":16.26},{"type":"B","date":"2018-04-16T01:57:50.000Z","volume":2000,"label":" ","price":16.26},{"type":"A","date":"2018-04-16T01:58:03.000Z","volume":2000,"label":" ","price":16.28},{"type":"A","date":"2018-04-16T01:58:13.000Z","volume":8000,"label":"Y","price":16.28},{"type":"A","date":"2018-04-16T01:58:13.000Z","volume":6000,"label":" ","price":16.28},{"type":"A","date":"2018-04-16T01:58:13.000Z","volume":6000,"label":"Y","price":16.3},{"type":"A","date":"2018-04-16T01:58:25.000Z","volume":1000,"label":" ","price":16.3},{"type":"B","date":"2018-04-16T01:58:29.000Z","volume":1000,"label":" ","price":16.28},{"type":"B","date":"2018-04-16T01:58:29.000Z","volume":3000,"label":" ","price":16.28},{"type":"B","date":"2018-04-16T01:58:30.000Z","volume":1000,"label":" ","price":16.28},{"type":"A","date":"2018-04-16T01:58:41.000Z","volume":1000,"label":" ","price":16.3},{"type":"A","date":"2018-04-16T01:58:42.000Z","volume":1000,"label":" ","price":16.3},{"type":"B","date":"2018-04-16T01:58:42.000Z","volume":11000,"label":" ","price":16.28},{"type":"B","date":"2018-04-16T01:58:44.000Z","volume":1000,"label":" ","price":16.26},{"type":"B","date":"2018-04-16T01:58:47.000Z","volume":3000,"label":" ","price":16.24},{"type":"A","date":"2018-04-16T01:59:12.000Z","volume":3000,"label":" ","price":16.26},{"type":"A","date":"2018-04-16T01:59:20.000Z","volume":1000,"label":" ","price":16.26},{"type":"A","date":"2018-04-16T01:59:21.000Z","volume":1000,"label":" ","price":16.26},{"type":"B","date":"2018-04-16T01:59:24.000Z","volume":12000,"label":" ","price":16.26},{"type":"B","date":"2018-04-16T01:59:24.000Z","volume":2000,"label":" ","price":16.24},{"type":"B","date":"2018-04-16T01:59:24.000Z","volume":6000,"label":" ","price":16.22},{"type":"B","date":"2018-04-16T01:59:26.000Z","volume":1000,"label":" ","price":16.22},{"type":"B","date":"2018-04-16T01:59:46.000Z","volume":15000,"label":" ","price":16.22},{"type":"B","date":"2018-04-16T01:59:46.000Z","volume":5000,"label":" ","price":16.2},{"type":"B","date":"2018-04-16T01:59:47.000Z","volume":4000,"label":" ","price":16.2},{"type":"B","date":"2018-04-16T01:59:49.000Z","volume":5000,"label":" ","price":16.2},{"type":"B","date":"2018-04-16T01:59:52.000Z","volume":6000,"label":" ","price":16.2},{"type":"B","date":"2018-04-16T01:59:52.000Z","volume":1000,"label":" ","price":16.2},{"type":"A","date":"2018-04-16T02:00:12.000Z","volume":1000,"label":" ","price":16.26},{"type":"A","date":"2018-04-16T02:00:27.000Z","volume":1000,"label":" ","price":16.26},{"type":"A","date":"2018-04-16T02:00:28.000Z","volume":1000,"label":" ","price":16.26},{"type":"B","date":"2018-04-16T02:00:34.000Z","volume":33000,"label":" ","price":16.22},{"type":"B","date":"2018-04-16T02:00:34.000Z","volume":37000,"label":" ","price":16.2},{"type":"B","date":"2018-04-16T02:00:37.000Z","volume":4000,"label":" ","price":16.2},{"type":"B","date":"2018-04-16T02:00:56.000Z","volume":1000,"label":" ","price":16.18},{"type":"B","date":"2018-04-16T02:01:08.000Z","volume":12000,"label":" ","price":16.18},{"type":"B","date":"2018-04-16T02:01:08.000Z","volume":6000,"label":" ","price":16.18},{"type":"B","date":"2018-04-16T02:01:08.000Z","volume":1000,"label":" ","price":16.18},{"type":"B","date":"2018-04-16T02:01:18.000Z","volume":12000,"label":" ","price":16.2},{"type":"B","date":"2018-04-16T02:01:18.000Z","volume":6000,"label":" ","price":16.2},{"type":"A","date":"2018-04-16T02:01:22.000Z","volume":5000,"label":" ","price":16.2},{"type":"A","date":"2018-04-16T02:01:22.000Z","volume":8000,"label":" ","price":16.2},{"type":"A","date":"2018-04-16T02:01:22.000Z","volume":3000,"label":" ","price":16.22},{"type":"B","date":"2018-04-16T02:01:22.000Z","volume":2000,"label":" ","price":16.18},{"type":"U","date":"2018-04-16T02:01:22.000Z","volume":12000,"label":" ","price":16.2},{"type":"U","date":"2018-04-16T02:01:24.000Z","volume":13000,"label":" ","price":16.2},{"type":"A","date":"2018-04-16T02:01:25.000Z","volume":1000,"label":" ","price":16.24},{"type":"B","date":"2018-04-16T02:01:27.000Z","volume":4000,"label":" ","price":16.22},{"type":"B","date":"2018-04-16T02:01:28.000Z","volume":2000,"label":" ","price":16.22},{"type":"B","date":"2018-04-16T02:01:28.000Z","volume":10000,"label":" ","price":16.2},{"type":"B","date":"2018-04-16T02:01:28.000Z","volume":1000,"label":" ","price":16.18},{"type":"B","date":"2018-04-16T02:01:28.000Z","volume":5000,"label":" ","price":16.18},{"type":"B","date":"2018-04-16T02:01:31.000Z","volume":1000,"label":" ","price":16.22},{"type":"U","date":"2018-04-16T02:01:38.000Z","volume":18000,"label":" ","price":16.18},{"type":"B","date":"2018-04-16T02:01:45.000Z","volume":6000,"label":" ","price":16.18},{"type":"B","date":"2018-04-16T02:01:45.000Z","volume":4000,"label":" ","price":16.16},{"type":"B","date":"2018-04-16T02:01:45.000Z","volume":6000,"label":" ","price":16.14},{"type":"B","date":"2018-04-16T02:01:45.000Z","volume":14000,"label":" ","price":16.12},{"type":"B","date":"2018-04-16T02:01:47.000Z","volume":3000,"label":" ","price":16.14},{"type":"U","date":"2018-04-16T02:01:50.000Z","volume":2000,"label":"X","price":16.16},{"type":"U","date":"2018-04-16T02:01:51.000Z","volume":1000,"label":" ","price":16.16},{"type":"A","date":"2018-04-16T02:02:09.000Z","volume":2000,"label":" ","price":16.18},{"type":"A","date":"2018-04-16T02:02:12.000Z","volume":17000,"label":" ","price":16.18},{"type":"A","date":"2018-04-16T02:02:12.000Z","volume":10000,"label":" ","price":16.18},{"type":"A","date":"2018-04-16T02:02:15.000Z","volume":1000,"label":" ","price":16.2},{"type":"B","date":"2018-04-16T02:02:17.000Z","volume":7000,"label":" ","price":16.2},{"type":"B","date":"2018-04-16T02:02:17.000Z","volume":3000,"label":" ","price":16.18},{"type":"B","date":"2018-04-16T02:02:27.000Z","volume":8000,"label":" ","price":16.18},{"type":"B","date":"2018-04-16T02:02:27.000Z","volume":2000,"label":" ","price":16.18},{"type":"B","date":"2018-04-16T02:02:37.000Z","volume":1000,"label":" ","price":16.2},{"type":"B","date":"2018-04-16T02:02:41.000Z","volume":4000,"label":" ","price":16.2},{"type":"A","date":"2018-04-16T02:02:48.000Z","volume":1000,"label":" ","price":16.2},{"type":"A","date":"2018-04-16T02:02:48.000Z","volume":3000,"label":" ","price":16.2},{"type":"B","date":"2018-04-16T02:02:49.000Z","volume":11000,"label":" ","price":16.18},{"type":"A","date":"2018-04-16T02:02:51.000Z","volume":2000,"label":" ","price":16.18},{"type":"A","date":"2018-04-16T02:02:51.000Z","volume":5000,"label":" ","price":16.18},{"type":"B","date":"2018-04-16T02:02:57.000Z","volume":10000,"label":" ","price":16.18},{"type":"A","date":"2018-04-16T02:03:09.000Z","volume":2000,"label":" ","price":16.18},{"type":"A","date":"2018-04-16T02:03:13.000Z","volume":6000,"label":" ","price":16.18},{"type":"A","date":"2018-04-16T02:03:13.000Z","volume":19000,"label":" ","price":16.18},{"type":"A","date":"2018-04-16T02:03:19.000Z","volume":14000,"label":" ","price":16.22},{"type":"A","date":"2018-04-16T02:03:21.000Z","volume":6000,"label":" ","price":16.24},{"type":"B","date":"2018-04-16T02:03:21.000Z","volume":1000,"label":" ","price":16.2},{"type":"B","date":"2018-04-16T02:03:28.000Z","volume":10000,"label":" ","price":16.2},{"type":"A","date":"2018-04-16T02:03:28.000Z","volume":5000,"label":" ","price":16.24},{"type":"A","date":"2018-04-16T02:03:45.000Z","volume":20000,"label":" ","price":16.22},{"type":"B","date":"2018-04-16T02:03:46.000Z","volume":1000,"label":" ","price":16.2},{"type":"B","date":"2018-04-16T02:03:48.000Z","volume":8000,"label":" ","price":16.2},{"type":"B","date":"2018-04-16T02:04:01.000Z","volume":4000,"label":" ","price":16.2},{"type":"B","date":"2018-04-16T02:04:01.000Z","volume":1000,"label":" ","price":16.2},{"type":"B","date":"2018-04-16T02:04:01.000Z","volume":1000,"label":" ","price":16.2},{"type":"A","date":"2018-04-16T02:04:02.000Z","volume":1000,"label":" ","price":16.2},{"type":"A","date":"2018-04-16T02:04:03.000Z","volume":2000,"label":" ","price":16.2},{"type":"A","date":"2018-04-16T02:04:07.000Z","volume":4000,"label":" ","price":16.2},{"type":"A","date":"2018-04-16T02:04:11.000Z","volume":4000,"label":" ","price":16.2},{"type":"A","date":"2018-04-16T02:04:17.000Z","volume":4000,"label":" ","price":16.2},{"type":"A","date":"2018-04-16T02:04:17.000Z","volume":4000,"label":" ","price":16.2},{"type":"A","date":"2018-04-16T02:04:19.000Z","volume":22000,"label":" ","price":16.2},{"type":"A","date":"2018-04-16T02:04:19.000Z","volume":38000,"label":" ","price":16.2},{"type":"A","date":"2018-04-16T02:04:22.000Z","volume":4000,"label":" ","price":16.22},{"type":"A","date":"2018-04-16T02:04:22.000Z","volume":17000,"label":" ","price":16.22},{"type":"A","date":"2018-04-16T02:04:29.000Z","volume":1000,"label":" ","price":16.24},{"type":"A","date":"2018-04-16T02:04:29.000Z","volume":1000,"label":" ","price":16.24},{"type":"B","date":"2018-04-16T02:04:30.000Z","volume":8000,"label":" ","price":16.24},{"type":"B","date":"2018-04-16T02:04:30.000Z","volume":8000,"label":" ","price":16.22},{"type":"B","date":"2018-04-16T02:04:30.000Z","volume":40000,"label":" ","price":16.22},{"type":"B","date":"2018-04-16T02:04:31.000Z","volume":1000,"label":" ","price":16.24},{"type":"A","date":"2018-04-16T02:04:31.000Z","volume":1000,"label":" ","price":16.24},{"type":"U","date":"2018-04-16T02:04:31.000Z","volume":1000,"label":" ","price":16.2},{"type":"A","date":"2018-04-16T02:04:35.000Z","volume":2000,"label":" ","price":16.2},{"type":"A","date":"2018-04-16T02:04:35.000Z","volume":10000,"label":" ","price":16.2},{"type":"B","date":"2018-04-16T02:04:48.000Z","volume":2000,"label":" ","price":16.2},{"type":"B","date":"2018-04-16T02:04:49.000Z","volume":6000,"label":"Y","price":16.18},{"type":"B","date":"2018-04-16T02:04:49.000Z","volume":2000,"label":" ","price":16.18},{"type":"A","date":"2018-04-16T02:04:51.000Z","volume":6000,"label":" ","price":16.18},{"type":"A","date":"2018-04-16T02:04:51.000Z","volume":2000,"label":" ","price":16.18},{"type":"A","date":"2018-04-16T02:04:54.000Z","volume":2000,"label":" ","price":16.2},{"type":"B","date":"2018-04-16T02:04:57.000Z","volume":10000,"label":" ","price":16.2},{"type":"A","date":"2018-04-16T02:05:04.000Z","volume":10000,"label":" ","price":16.22},{"type":"A","date":"2018-04-16T02:05:05.000Z","volume":47000,"label":" ","price":16.22},{"type":"A","date":"2018-04-16T02:05:05.000Z","volume":3000,"label":" ","price":16.24},{"type":"A","date":"2018-04-16T02:05:05.000Z","volume":2000,"label":" ","price":16.26},{"type":"A","date":"2018-04-16T02:05:05.000Z","volume":2000,"label":" ","price":16.28},{"type":"B","date":"2018-04-16T02:05:07.000Z","volume":8000,"label":" ","price":16.22},{"type":"U","date":"2018-04-16T02:05:20.000Z","volume":2000,"label":"X","price":16.26},{"type":"B","date":"2018-04-16T02:05:32.000Z","volume":10000,"label":" ","price":16.24},{"type":"B","date":"2018-04-16T02:05:32.000Z","volume":4000,"label":" ","price":16.24},{"type":"B","date":"2018-04-16T02:05:32.000Z","volume":2000,"label":" ","price":16.22},{"type":"B","date":"2018-04-16T02:05:36.000Z","volume":2000,"label":"Y","price":16.22},{"type":"B","date":"2018-04-16T02:05:36.000Z","volume":8000,"label":" ","price":16.22},{"type":"B","date":"2018-04-16T02:05:39.000Z","volume":4000,"label":"Y","price":16.22},{"type":"B","date":"2018-04-16T02:05:39.000Z","volume":6000,"label":" ","price":16.22},{"type":"B","date":"2018-04-16T02:05:40.000Z","volume":1000,"label":" ","price":16.22},{"type":"U","date":"2018-04-16T02:05:41.000Z","volume":1000,"label":"X","price":16.26},{"type":"B","date":"2018-04-16T02:05:46.000Z","volume":8000,"label":" ","price":16.22},{"type":"B","date":"2018-04-16T02:05:46.000Z","volume":1000,"label":" ","price":16.22},{"type":"B","date":"2018-04-16T02:05:46.000Z","volume":1000,"label":" ","price":16.22},{"type":"B","date":"2018-04-16T02:05:46.000Z","volume":9000,"label":" ","price":16.2},{"type":"B","date":"2018-04-16T02:05:55.000Z","volume":1000,"label":"Y","price":16.2},{"type":"B","date":"2018-04-16T02:05:55.000Z","volume":29000,"label":" ","price":16.2},{"type":"A","date":"2018-04-16T02:06:11.000Z","volume":2000,"label":" ","price":16.22},{"type":"A","date":"2018-04-16T02:06:11.000Z","volume":1000,"label":" ","price":16.22},{"type":"B","date":"2018-04-16T02:06:16.000Z","volume":20000,"label":" ","price":16.2},{"type":"B","date":"2018-04-16T02:06:16.000Z","volume":3000,"label":" ","price":16.2},{"type":"A","date":"2018-04-16T02:06:17.000Z","volume":4000,"label":" ","price":16.2},{"type":"A","date":"2018-04-16T02:06:18.000Z","volume":2000,"label":" ","price":16.24},{"type":"A","date":"2018-04-16T02:06:18.000Z","volume":22000,"label":" ","price":16.3},{"type":"A","date":"2018-04-16T02:06:18.000Z","volume":1000,"label":" ","price":16.32},{"type":"B","date":"2018-04-16T02:06:21.000Z","volume":2000,"label":" ","price":16.28},{"type":"A","date":"2018-04-16T02:06:40.000Z","volume":8000,"label":" ","price":16.3},{"type":"A","date":"2018-04-16T02:06:40.000Z","volume":5000,"label":" ","price":16.3},{"type":"A","date":"2018-04-16T02:06:53.000Z","volume":2000,"label":" ","price":16.24},{"type":"A","date":"2018-04-16T02:06:58.000Z","volume":4000,"label":" ","price":16.24},{"type":"A","date":"2018-04-16T02:07:09.000Z","volume":16000,"label":" ","price":16.24},{"type":"A","date":"2018-04-16T02:07:09.000Z","volume":7000,"label":" ","price":16.24},{"type":"A","date":"2018-04-16T02:07:20.000Z","volume":1000,"label":" ","price":16.26},{"type":"A","date":"2018-04-16T02:07:20.000Z","volume":1000,"label":" ","price":16.26},{"type":"A","date":"2018-04-16T02:07:23.000Z","volume":4000,"label":" ","price":16.26},{"type":"A","date":"2018-04-16T02:07:23.000Z","volume":1000,"label":" ","price":16.32},{"type":"U","date":"2018-04-16T02:07:29.000Z","volume":2000,"label":"X","price":16.29},{"type":"A","date":"2018-04-16T02:07:36.000Z","volume":1000,"label":" ","price":16.32},{"type":"A","date":"2018-04-16T02:07:37.000Z","volume":1000,"label":" ","price":16.32},{"type":"U","date":"2018-04-16T02:07:45.000Z","volume":1000,"label":"X","price":16.29},{"type":"B","date":"2018-04-16T02:07:46.000Z","volume":1000,"label":" ","price":16.26},{"type":"A","date":"2018-04-16T02:07:50.000Z","volume":1000,"label":" ","price":16.32},{"type":"A","date":"2018-04-16T02:07:51.000Z","volume":2000,"label":" ","price":16.32},{"type":"A","date":"2018-04-16T02:07:55.000Z","volume":2000,"label":" ","price":16.32},{"type":"A","date":"2018-04-16T02:07:55.000Z","volume":2000,"label":" ","price":16.34},{"type":"A","date":"2018-04-16T02:08:14.000Z","volume":1000,"label":" ","price":16.34},{"type":"A","date":"2018-04-16T02:08:15.000Z","volume":3000,"label":" ","price":16.34},{"type":"A","date":"2018-04-16T02:08:23.000Z","volume":1000,"label":" ","price":16.32},{"type":"B","date":"2018-04-16T02:08:27.000Z","volume":26000,"label":" ","price":16.28},{"type":"B","date":"2018-04-16T02:08:39.000Z","volume":9000,"label":" ","price":16.26},{"type":"A","date":"2018-04-16T02:08:40.000Z","volume":4000,"label":" ","price":16.28},{"type":"A","date":"2018-04-16T02:08:50.000Z","volume":4000,"label":" ","price":16.28},{"type":"B","date":"2018-04-16T02:09:08.000Z","volume":20000,"label":" ","price":16.26},{"type":"B","date":"2018-04-16T02:09:08.000Z","volume":3000,"label":" ","price":16.26},{"type":"A","date":"2018-04-16T02:09:21.000Z","volume":1000,"label":" ","price":16.26},{"type":"B","date":"2018-04-16T02:09:24.000Z","volume":3000,"label":" ","price":16.24},{"type":"A","date":"2018-04-16T02:09:40.000Z","volume":4000,"label":" ","price":16.22},{"type":"A","date":"2018-04-16T02:09:40.000Z","volume":16000,"label":" ","price":16.22},{"type":"A","date":"2018-04-16T02:09:40.000Z","volume":1000,"label":" ","price":16.22},{"type":"A","date":"2018-04-16T02:09:40.000Z","volume":1000,"label":" ","price":16.22},{"type":"B","date":"2018-04-16T02:09:42.000Z","volume":12000,"label":" ","price":16.2},{"type":"B","date":"2018-04-16T02:09:42.000Z","volume":4000,"label":" ","price":16.2},{"type":"B","date":"2018-04-16T02:09:42.000Z","volume":3000,"label":" ","price":16.2},{"type":"B","date":"2018-04-16T02:09:42.000Z","volume":1000,"label":" ","price":16.2},{"type":"B","date":"2018-04-16T02:09:42.000Z","volume":5000,"label":" ","price":16.2},{"type":"U","date":"2018-04-16T02:09:47.000Z","volume":20000,"label":" ","price":16.2},{"type":"B","date":"2018-04-16T02:09:47.000Z","volume":8000,"label":" ","price":16.18},{"type":"B","date":"2018-04-16T02:09:47.000Z","volume":2000,"label":" ","price":16.18},{"type":"U","date":"2018-04-16T02:09:47.000Z","volume":5000,"label":" ","price":16.2},{"type":"U","date":"2018-04-16T02:09:48.000Z","volume":1000,"label":" ","price":16.2},{"type":"U","date":"2018-04-16T02:10:04.000Z","volume":3000,"label":" ","price":16.2},{"type":"B","date":"2018-04-16T02:10:04.000Z","volume":2000,"label":" ","price":16.2},{"type":"B","date":"2018-04-16T02:10:05.000Z","volume":2000,"label":" ","price":16.2},{"type":"B","date":"2018-04-16T02:10:05.000Z","volume":2000,"label":"Y","price":16.2},{"type":"A","date":"2018-04-16T02:10:08.000Z","volume":4000,"label":" ","price":16.2},{"type":"A","date":"2018-04-16T02:10:37.000Z","volume":1000,"label":" ","price":16.22},{"type":"B","date":"2018-04-16T02:10:46.000Z","volume":10000,"label":" ","price":16.18},{"type":"B","date":"2018-04-16T02:10:48.000Z","volume":1000,"label":"Y","price":16.18},{"type":"B","date":"2018-04-16T02:10:48.000Z","volume":1000,"label":"Y","price":16.18},{"type":"B","date":"2018-04-16T02:10:48.000Z","volume":9000,"label":" ","price":16.18},{"type":"A","date":"2018-04-16T02:10:50.000Z","volume":4000,"label":" ","price":16.22},{"type":"A","date":"2018-04-16T02:10:57.000Z","volume":10000,"label":" ","price":16.2},{"type":"B","date":"2018-04-16T02:11:00.000Z","volume":2000,"label":" ","price":16.2},{"type":"B","date":"2018-04-16T02:11:09.000Z","volume":8000,"label":" ","price":16.2},{"type":"B","date":"2018-04-16T02:11:10.000Z","volume":1000,"label":" ","price":16.2},{"type":"U","date":"2018-04-16T02:11:26.000Z","volume":2000,"label":" ","price":16.2},{"type":"B","date":"2018-04-16T02:11:31.000Z","volume":1000,"label":" ","price":16.2},{"type":"U","date":"2018-04-16T02:11:36.000Z","volume":1000,"label":"X","price":16.21},{"type":"U","date":"2018-04-16T02:11:37.000Z","volume":1000,"label":"X","price":16.21},{"type":"B","date":"2018-04-16T02:11:41.000Z","volume":5000,"label":" ","price":16.2},{"type":"B","date":"2018-04-16T02:11:43.000Z","volume":7000,"label":" ","price":16.2},{"type":"A","date":"2018-04-16T02:11:47.000Z","volume":3000,"label":" ","price":16.22},{"type":"B","date":"2018-04-16T02:11:50.000Z","volume":2000,"label":" ","price":16.2},{"type":"B","date":"2018-04-16T02:11:51.000Z","volume":8000,"label":" ","price":16.2},{"type":"A","date":"2018-04-16T02:11:51.000Z","volume":2000,"label":" ","price":16.2},{"type":"U","date":"2018-04-16T02:12:10.000Z","volume":1000,"label":"X","price":16.2},{"type":"A","date":"2018-04-16T02:12:16.000Z","volume":4000,"label":" ","price":16.2},{"type":"B","date":"2018-04-16T02:12:27.000Z","volume":5000,"label":" ","price":16.18},{"type":"B","date":"2018-04-16T02:12:36.000Z","volume":1000,"label":" ","price":16.18},{"type":"B","date":"2018-04-16T02:12:55.000Z","volume":7000,"label":" ","price":16.18},{"type":"A","date":"2018-04-16T02:13:02.000Z","volume":1000,"label":" ","price":16.22},{"type":"U","date":"2018-04-16T02:13:05.000Z","volume":1000,"label":"X","price":16.21},{"type":"A","date":"2018-04-16T02:13:19.000Z","volume":1000,"label":" ","price":16.22},{"type":"A","date":"2018-04-16T02:13:19.000Z","volume":1000,"label":" ","price":16.22},{"type":"B","date":"2018-04-16T02:13:22.000Z","volume":1000,"label":" ","price":16.2},{"type":"B","date":"2018-04-16T02:13:24.000Z","volume":1000,"label":" ","price":16.2},{"type":"A","date":"2018-04-16T02:13:32.000Z","volume":4000,"label":" ","price":16.22},{"type":"A","date":"2018-04-16T02:13:32.000Z","volume":5000,"label":" ","price":16.22},{"type":"A","date":"2018-04-16T02:13:32.000Z","volume":6000,"label":" ","price":16.22},{"type":"U","date":"2018-04-16T02:13:33.000Z","volume":2000,"label":"X","price":16.24},{"type":"A","date":"2018-04-16T02:13:35.000Z","volume":2000,"label":" ","price":16.24},{"type":"A","date":"2018-04-16T02:13:35.000Z","volume":1000,"label":" ","price":16.24},{"type":"A","date":"2018-04-16T02:13:35.000Z","volume":5000,"label":" ","price":16.24},{"type":"A","date":"2018-04-16T02:13:35.000Z","volume":2000,"label":" ","price":16.24},{"type":"A","date":"2018-04-16T02:13:35.000Z","volume":1000,"label":" ","price":16.3},{"type":"A","date":"2018-04-16T02:13:35.000Z","volume":1000,"label":" ","price":16.3},{"type":"A","date":"2018-04-16T02:13:39.000Z","volume":1000,"label":" ","price":16.32},{"type":"A","date":"2018-04-16T02:13:58.000Z","volume":14000,"label":" ","price":16.28},{"type":"A","date":"2018-04-16T02:13:58.000Z","volume":11000,"label":" ","price":16.3},{"type":"A","date":"2018-04-16T02:13:58.000Z","volume":1000,"label":" ","price":16.3},{"type":"A","date":"2018-04-16T02:13:58.000Z","volume":1000,"label":" ","price":16.32},{"type":"B","date":"2018-04-16T02:14:07.000Z","volume":20000,"label":" ","price":16.28},{"type":"B","date":"2018-04-16T02:14:07.000Z","volume":1000,"label":" ","price":16.28},{"type":"B","date":"2018-04-16T02:14:37.000Z","volume":1000,"label":"Y","price":16.26},{"type":"B","date":"2018-04-16T02:14:37.000Z","volume":8000,"label":" ","price":16.26},{"type":"B","date":"2018-04-16T02:15:44.000Z","volume":15000,"label":" ","price":16.26},{"type":"B","date":"2018-04-16T02:15:44.000Z","volume":1000,"label":" ","price":16.26},{"type":"A","date":"2018-04-16T02:15:44.000Z","volume":1000,"label":" ","price":16.26},{"type":"B","date":"2018-04-16T02:16:07.000Z","volume":1000,"label":" ","price":16.24},{"type":"A","date":"2018-04-16T02:16:15.000Z","volume":3000,"label":" ","price":16.26},{"type":"A","date":"2018-04-16T02:16:16.000Z","volume":2000,"label":" ","price":16.26},{"type":"B","date":"2018-04-16T02:16:17.000Z","volume":1000,"label":" ","price":16.26},{"type":"A","date":"2018-04-16T02:16:31.000Z","volume":1000,"label":" ","price":16.28},{"type":"B","date":"2018-04-16T02:16:34.000Z","volume":11000,"label":" ","price":16.26},{"type":"B","date":"2018-04-16T02:16:34.000Z","volume":1000,"label":" ","price":16.24},{"type":"B","date":"2018-04-16T02:16:34.000Z","volume":8000,"label":" ","price":16.24},{"type":"A","date":"2018-04-16T02:17:05.000Z","volume":2000,"label":" ","price":16.28},{"type":"A","date":"2018-04-16T02:17:05.000Z","volume":1000,"label":" ","price":16.28},{"type":"B","date":"2018-04-16T02:17:07.000Z","volume":2000,"label":"Y","price":16.26},{"type":"B","date":"2018-04-16T02:17:07.000Z","volume":2000,"label":" ","price":16.26},{"type":"B","date":"2018-04-16T02:17:07.000Z","volume":6000,"label":"Y","price":16.26},{"type":"B","date":"2018-04-16T02:17:07.000Z","volume":6000,"label":" ","price":16.26},{"type":"A","date":"2018-04-16T02:17:09.000Z","volume":8000,"label":" ","price":16.26},{"type":"A","date":"2018-04-16T02:17:09.000Z","volume":2000,"label":" ","price":16.28},{"type":"A","date":"2018-04-16T02:17:19.000Z","volume":5000,"label":" ","price":16.28},{"type":"B","date":"2018-04-16T02:17:32.000Z","volume":1000,"label":"Y","price":16.28},{"type":"B","date":"2018-04-16T02:17:32.000Z","volume":3000,"label":" ","price":16.28},{"type":"A","date":"2018-04-16T02:17:32.000Z","volume":5000,"label":" ","price":16.3},{"type":"A","date":"2018-04-16T02:17:36.000Z","volume":15000,"label":"Y","price":16.3},{"type":"A","date":"2018-04-16T02:17:36.000Z","volume":2000,"label":" ","price":16.3},{"type":"A","date":"2018-04-16T02:17:36.000Z","volume":7000,"label":" ","price":16.32},{"type":"A","date":"2018-04-16T02:17:56.000Z","volume":2000,"label":" ","price":16.3},{"type":"A","date":"2018-04-16T02:17:56.000Z","volume":18000,"label":" ","price":16.32},{"type":"A","date":"2018-04-16T02:17:56.000Z","volume":1000,"label":" ","price":16.32},{"type":"B","date":"2018-04-16T02:18:21.000Z","volume":7000,"label":" ","price":16.3},{"type":"B","date":"2018-04-16T02:18:33.000Z","volume":14000,"label":" ","price":16.3},{"type":"A","date":"2018-04-16T02:18:38.000Z","volume":2000,"label":" ","price":16.3},{"type":"A","date":"2018-04-16T02:18:44.000Z","volume":5000,"label":" ","price":16.3},{"type":"B","date":"2018-04-16T02:18:58.000Z","volume":40000,"label":" ","price":16.3},{"type":"B","date":"2018-04-16T02:19:08.000Z","volume":18000,"label":" ","price":16.3},{"type":"A","date":"2018-04-16T02:19:27.000Z","volume":1000,"label":" ","price":16.3},{"type":"A","date":"2018-04-16T02:19:29.000Z","volume":1000,"label":" ","price":16.3},{"type":"A","date":"2018-04-16T02:19:29.000Z","volume":1000,"label":" ","price":16.3},{"type":"A","date":"2018-04-16T02:19:35.000Z","volume":1000,"label":" ","price":16.3},{"type":"B","date":"2018-04-16T02:19:43.000Z","volume":3000,"label":" ","price":16.28},{"type":"B","date":"2018-04-16T02:19:50.000Z","volume":40000,"label":" ","price":16.28},{"type":"A","date":"2018-04-16T02:20:00.000Z","volume":1000,"label":" ","price":16.3},{"type":"A","date":"2018-04-16T02:20:03.000Z","volume":1000,"label":" ","price":16.3},{"type":"A","date":"2018-04-16T02:20:12.000Z","volume":20000,"label":" ","price":16.3},{"type":"B","date":"2018-04-16T02:20:23.000Z","volume":20000,"label":" ","price":16.28},{"type":"B","date":"2018-04-16T02:20:39.000Z","volume":20000,"label":" ","price":16.28},{"type":"B","date":"2018-04-16T02:20:52.000Z","volume":13000,"label":" ","price":16.28},{"type":"A","date":"2018-04-16T02:21:05.000Z","volume":2000,"label":" ","price":16.28},{"type":"A","date":"2018-04-16T02:21:06.000Z","volume":10000,"label":" ","price":16.28},{"type":"A","date":"2018-04-16T02:21:06.000Z","volume":1000,"label":" ","price":16.28},{"type":"A","date":"2018-04-16T02:21:44.000Z","volume":2000,"label":" ","price":16.3},{"type":"B","date":"2018-04-16T02:21:46.000Z","volume":20000,"label":" ","price":16.28},{"type":"B","date":"2018-04-16T02:22:11.000Z","volume":2000,"label":"Y","price":16.28},{"type":"B","date":"2018-04-16T02:22:11.000Z","volume":15000,"label":" ","price":16.28},{"type":"A","date":"2018-04-16T02:22:12.000Z","volume":5000,"label":" ","price":16.28},{"type":"A","date":"2018-04-16T02:22:13.000Z","volume":5000,"label":" ","price":16.3},{"type":"U","date":"2018-04-16T02:22:19.000Z","volume":1000,"label":"X","price":16.3},{"type":"B","date":"2018-04-16T02:22:19.000Z","volume":10000,"label":" ","price":16.28},{"type":"A","date":"2018-04-16T02:22:21.000Z","volume":10000,"label":" ","price":16.28},{"type":"B","date":"2018-04-16T02:22:38.000Z","volume":7000,"label":" ","price":16.28},{"type":"A","date":"2018-04-16T02:22:46.000Z","volume":2000,"label":" ","price":16.3},{"type":"A","date":"2018-04-16T02:22:54.000Z","volume":2000,"label":" ","price":16.3},{"type":"A","date":"2018-04-16T02:22:54.000Z","volume":5000,"label":" ","price":16.3},{"type":"A","date":"2018-04-16T02:22:54.000Z","volume":13000,"label":" ","price":16.3},{"type":"A","date":"2018-04-16T02:23:05.000Z","volume":1000,"label":" ","price":16.32},{"type":"A","date":"2018-04-16T02:23:06.000Z","volume":9000,"label":" ","price":16.32},{"type":"A","date":"2018-04-16T02:23:06.000Z","volume":1000,"label":" ","price":16.34},{"type":"A","date":"2018-04-16T02:23:06.000Z","volume":34000,"label":" ","price":16.34},{"type":"A","date":"2018-04-16T02:23:06.000Z","volume":5000,"label":" ","price":16.36},{"type":"A","date":"2018-04-16T02:23:06.000Z","volume":3000,"label":" ","price":16.36},{"type":"A","date":"2018-04-16T02:23:14.000Z","volume":3000,"label":" ","price":16.38},{"type":"A","date":"2018-04-16T02:23:14.000Z","volume":5000,"label":" ","price":16.38},{"type":"A","date":"2018-04-16T02:23:16.000Z","volume":1000,"label":" ","price":16.38},{"type":"A","date":"2018-04-16T02:23:16.000Z","volume":5000,"label":" ","price":16.38},{"type":"A","date":"2018-04-16T02:23:16.000Z","volume":16000,"label":" ","price":16.38},{"type":"B","date":"2018-04-16T02:23:21.000Z","volume":2000,"label":" ","price":16.38},{"type":"A","date":"2018-04-16T02:23:21.000Z","volume":1000,"label":" ","price":16.4},{"type":"B","date":"2018-04-16T02:23:21.000Z","volume":6000,"label":" ","price":16.38},{"type":"B","date":"2018-04-16T02:23:21.000Z","volume":8000,"label":" ","price":16.36},{"type":"B","date":"2018-04-16T02:23:21.000Z","volume":6000,"label":" ","price":16.34},{"type":"B","date":"2018-04-16T02:23:30.000Z","volume":6000,"label":" ","price":16.34},{"type":"B","date":"2018-04-16T02:23:31.000Z","volume":2000,"label":" ","price":16.34},{"type":"B","date":"2018-04-16T02:23:33.000Z","volume":7000,"label":" ","price":16.34},{"type":"B","date":"2018-04-16T02:23:33.000Z","volume":8000,"label":" ","price":16.32},{"type":"B","date":"2018-04-16T02:23:33.000Z","volume":5000,"label":" ","price":16.32},{"type":"A","date":"2018-04-16T02:23:36.000Z","volume":20000,"label":" ","price":16.36},{"type":"A","date":"2018-04-16T02:23:40.000Z","volume":1000,"label":" ","price":16.4},{"type":"B","date":"2018-04-16T02:23:49.000Z","volume":13000,"label":" ","price":16.36},{"type":"A","date":"2018-04-16T02:23:49.000Z","volume":1000,"label":" ","price":16.36},{"type":"A","date":"2018-04-16T02:23:53.000Z","volume":3000,"label":" ","price":16.36},{"type":"A","date":"2018-04-16T02:23:54.000Z","volume":1000,"label":" ","price":16.36},{"type":"U","date":"2018-04-16T02:24:00.000Z","volume":2000,"label":"X","price":16.34},{"type":"A","date":"2018-04-16T02:24:06.000Z","volume":1000,"label":" ","price":16.36},{"type":"U","date":"2018-04-16T02:24:11.000Z","volume":1000,"label":"X","price":16.34},{"type":"U","date":"2018-04-16T02:24:12.000Z","volume":1000,"label":"X","price":16.34},{"type":"A","date":"2018-04-16T02:24:18.000Z","volume":1000,"label":" ","price":16.36},{"type":"A","date":"2018-04-16T02:24:23.000Z","volume":1000,"label":" ","price":16.38},{"type":"B","date":"2018-04-16T02:24:38.000Z","volume":6000,"label":" ","price":16.38},{"type":"B","date":"2018-04-16T02:24:38.000Z","volume":24000,"label":" ","price":16.36},{"type":"B","date":"2018-04-16T02:24:38.000Z","volume":2000,"label":" ","price":16.38},{"type":"B","date":"2018-04-16T02:24:38.000Z","volume":10000,"label":" ","price":16.36},{"type":"A","date":"2018-04-16T02:24:53.000Z","volume":10000,"label":" ","price":16.36},{"type":"B","date":"2018-04-16T02:24:54.000Z","volume":20000,"label":" ","price":16.34},{"type":"B","date":"2018-04-16T02:25:01.000Z","volume":7000,"label":" ","price":16.34},{"type":"A","date":"2018-04-16T02:25:10.000Z","volume":1000,"label":" ","price":16.34},{"type":"A","date":"2018-04-16T02:25:12.000Z","volume":2000,"label":" ","price":16.34},{"type":"A","date":"2018-04-16T02:25:31.000Z","volume":12000,"label":" ","price":16.34},{"type":"A","date":"2018-04-16T02:25:31.000Z","volume":2000,"label":" ","price":16.36},{"type":"A","date":"2018-04-16T02:25:49.000Z","volume":2000,"label":"Y","price":16.36},{"type":"A","date":"2018-04-16T02:25:49.000Z","volume":8000,"label":" ","price":16.36},{"type":"A","date":"2018-04-16T02:25:49.000Z","volume":18000,"label":" ","price":16.36},{"type":"A","date":"2018-04-16T02:25:49.000Z","volume":1000,"label":" ","price":16.38},{"type":"A","date":"2018-04-16T02:26:00.000Z","volume":2000,"label":" ","price":16.36},{"type":"A","date":"2018-04-16T02:26:13.000Z","volume":1000,"label":" ","price":16.36},{"type":"A","date":"2018-04-16T02:26:25.000Z","volume":1000,"label":" ","price":16.36},{"type":"A","date":"2018-04-16T02:26:31.000Z","volume":10000,"label":" ","price":16.36},{"type":"A","date":"2018-04-16T02:26:35.000Z","volume":1000,"label":" ","price":16.36},{"type":"A","date":"2018-04-16T02:26:54.000Z","volume":20000,"label":" ","price":16.36},{"type":"A","date":"2018-04-16T02:26:55.000Z","volume":1000,"label":" ","price":16.36},{"type":"A","date":"2018-04-16T02:26:55.000Z","volume":10000,"label":" ","price":16.36},{"type":"A","date":"2018-04-16T02:26:59.000Z","volume":1000,"label":" ","price":16.36},{"type":"A","date":"2018-04-16T02:27:15.000Z","volume":1000,"label":" ","price":16.36},{"type":"A","date":"2018-04-16T02:27:16.000Z","volume":1000,"label":" ","price":16.36},{"type":"B","date":"2018-04-16T02:27:16.000Z","volume":3000,"label":" ","price":16.34},{"type":"A","date":"2018-04-16T02:27:16.000Z","volume":2000,"label":" ","price":16.36},{"type":"A","date":"2018-04-16T02:27:31.000Z","volume":1000,"label":" ","price":16.36},{"type":"A","date":"2018-04-16T02:27:45.000Z","volume":49000,"label":" ","price":16.36},{"type":"A","date":"2018-04-16T02:27:46.000Z","volume":2000,"label":" ","price":16.36},{"type":"A","date":"2018-04-16T02:27:46.000Z","volume":5000,"label":" ","price":16.36},{"type":"A","date":"2018-04-16T02:27:46.000Z","volume":5000,"label":" ","price":16.36},{"type":"A","date":"2018-04-16T02:27:46.000Z","volume":18000,"label":" ","price":16.36},{"type":"A","date":"2018-04-16T02:27:47.000Z","volume":1000,"label":" ","price":16.36},{"type":"A","date":"2018-04-16T02:27:48.000Z","volume":26000,"label":" ","price":16.36},{"type":"A","date":"2018-04-16T02:27:48.000Z","volume":1000,"label":" ","price":16.36},{"type":"A","date":"2018-04-16T02:27:48.000Z","volume":2000,"label":" ","price":16.36},{"type":"B","date":"2018-04-16T02:27:49.000Z","volume":10000,"label":" ","price":16.36},{"type":"B","date":"2018-04-16T02:27:49.000Z","volume":4000,"label":" ","price":16.36},{"type":"A","date":"2018-04-16T02:27:50.000Z","volume":4000,"label":" ","price":16.36},{"type":"A","date":"2018-04-16T02:27:50.000Z","volume":1000,"label":" ","price":16.36},{"type":"A","date":"2018-04-16T02:27:50.000Z","volume":5000,"label":" ","price":16.36},{"type":"A","date":"2018-04-16T02:27:56.000Z","volume":2000,"label":" ","price":16.36},{"type":"A","date":"2018-04-16T02:27:56.000Z","volume":4000,"label":" ","price":16.36},{"type":"U","date":"2018-04-16T02:28:07.000Z","volume":1000,"label":"X","price":16.36},{"type":"A","date":"2018-04-16T02:28:07.000Z","volume":3000,"label":" ","price":16.36},{"type":"B","date":"2018-04-16T02:28:26.000Z","volume":70000,"label":" ","price":16.34},{"type":"A","date":"2018-04-16T02:28:26.000Z","volume":2000,"label":" ","price":16.36},{"type":"U","date":"2018-04-16T02:28:28.000Z","volume":1000,"label":"X","price":16.35},{"type":"U","date":"2018-04-16T02:28:28.000Z","volume":1000,"label":"X","price":16.35},{"type":"B","date":"2018-04-16T02:28:32.000Z","volume":3000,"label":" ","price":16.34},{"type":"A","date":"2018-04-16T02:28:34.000Z","volume":1000,"label":" ","price":16.36},{"type":"B","date":"2018-04-16T02:28:35.000Z","volume":2000,"label":" ","price":16.34},{"type":"B","date":"2018-04-16T02:28:41.000Z","volume":1000,"label":" ","price":16.34},{"type":"B","date":"2018-04-16T02:28:55.000Z","volume":1000,"label":" ","price":16.34},{"type":"B","date":"2018-04-16T02:28:55.000Z","volume":2000,"label":" ","price":16.34},{"type":"B","date":"2018-04-16T02:29:13.000Z","volume":20000,"label":" ","price":16.32},{"type":"B","date":"2018-04-16T02:29:19.000Z","volume":10000,"label":" ","price":16.32},{"type":"B","date":"2018-04-16T02:29:19.000Z","volume":4000,"label":" ","price":16.32},{"type":"B","date":"2018-04-16T02:29:19.000Z","volume":4000,"label":" ","price":16.32},{"type":"B","date":"2018-04-16T02:29:19.000Z","volume":2000,"label":" ","price":16.32},{"type":"B","date":"2018-04-16T02:29:19.000Z","volume":2000,"label":" ","price":16.32},{"type":"B","date":"2018-04-16T02:29:21.000Z","volume":6000,"label":" ","price":16.32},{"type":"A","date":"2018-04-16T02:29:21.000Z","volume":2000,"label":" ","price":16.32},{"type":"A","date":"2018-04-16T02:29:21.000Z","volume":2000,"label":" ","price":16.32},{"type":"B","date":"2018-04-16T02:29:29.000Z","volume":5000,"label":" ","price":16.32},{"type":"A","date":"2018-04-16T02:29:31.000Z","volume":1000,"label":" ","price":16.34},{"type":"B","date":"2018-04-16T02:29:32.000Z","volume":1000,"label":" ","price":16.32},{"type":"A","date":"2018-04-16T02:29:34.000Z","volume":10000,"label":" ","price":16.34},{"type":"U","date":"2018-04-16T02:29:35.000Z","volume":2000,"label":"X","price":16.35},{"type":"B","date":"2018-04-16T02:29:45.000Z","volume":17000,"label":" ","price":16.34},{"type":"A","date":"2018-04-16T02:29:45.000Z","volume":1000,"label":" ","price":16.34},{"type":"A","date":"2018-04-16T02:29:50.000Z","volume":6000,"label":" ","price":16.34},{"type":"A","date":"2018-04-16T02:31:05.000Z","volume":3000,"label":" ","price":16.36},{"type":"A","date":"2018-04-16T02:31:09.000Z","volume":27000,"label":" ","price":16.36},{"type":"B","date":"2018-04-16T02:31:10.000Z","volume":11000,"label":" ","price":16.36},{"type":"B","date":"2018-04-16T02:31:10.000Z","volume":3000,"label":" ","price":16.36},{"type":"B","date":"2018-04-16T02:31:10.000Z","volume":3000,"label":" ","price":16.36},{"type":"A","date":"2018-04-16T02:31:17.000Z","volume":1000,"label":" ","price":16.36},{"type":"B","date":"2018-04-16T02:31:21.000Z","volume":1000,"label":"Y","price":16.34},{"type":"B","date":"2018-04-16T02:31:21.000Z","volume":79000,"label":" ","price":16.34},{"type":"A","date":"2018-04-16T02:31:24.000Z","volume":2000,"label":" ","price":16.36},{"type":"A","date":"2018-04-16T02:31:30.000Z","volume":4000,"label":" ","price":16.36},{"type":"A","date":"2018-04-16T02:31:30.000Z","volume":1000,"label":" ","price":16.36},{"type":"B","date":"2018-04-16T02:31:44.000Z","volume":60000,"label":" ","price":16.34},{"type":"B","date":"2018-04-16T02:31:48.000Z","volume":5000,"label":" ","price":16.34},{"type":"A","date":"2018-04-16T02:31:50.000Z","volume":2000,"label":" ","price":16.36},{"type":"B","date":"2018-04-16T02:32:10.000Z","volume":17000,"label":" ","price":16.34},{"type":"A","date":"2018-04-16T02:32:20.000Z","volume":1000,"label":" ","price":16.34},{"type":"A","date":"2018-04-16T02:32:21.000Z","volume":1000,"label":" ","price":16.34},{"type":"U","date":"2018-04-16T02:32:21.000Z","volume":2000,"label":"X","price":16.34},{"type":"A","date":"2018-04-16T02:32:25.000Z","volume":1000,"label":" ","price":16.34},{"type":"B","date":"2018-04-16T02:32:37.000Z","volume":11000,"label":" ","price":16.34},{"type":"B","date":"2018-04-16T02:32:37.000Z","volume":3000,"label":" ","price":16.34},{"type":"A","date":"2018-04-16T02:32:37.000Z","volume":1000,"label":" ","price":16.34},{"type":"A","date":"2018-04-16T02:32:38.000Z","volume":8000,"label":" ","price":16.34},{"type":"A","date":"2018-04-16T02:32:38.000Z","volume":2000,"label":" ","price":16.36},{"type":"B","date":"2018-04-16T02:32:54.000Z","volume":4000,"label":" ","price":16.34},{"type":"U","date":"2018-04-16T02:33:35.000Z","volume":2000,"label":"X","price":16.34},{"type":"A","date":"2018-04-16T02:33:35.000Z","volume":1000,"label":" ","price":16.34},{"type":"A","date":"2018-04-16T02:33:45.000Z","volume":2000,"label":" ","price":16.34},{"type":"A","date":"2018-04-16T02:33:48.000Z","volume":5000,"label":" ","price":16.34},{"type":"A","date":"2018-04-16T02:33:48.000Z","volume":5000,"label":" ","price":16.34},{"type":"B","date":"2018-04-16T02:33:55.000Z","volume":4000,"label":" ","price":16.34},{"type":"B","date":"2018-04-16T02:34:03.000Z","volume":12000,"label":" ","price":16.34},{"type":"A","date":"2018-04-16T02:34:03.000Z","volume":1000,"label":" ","price":16.34},{"type":"A","date":"2018-04-16T02:34:37.000Z","volume":3000,"label":" ","price":16.34},{"type":"B","date":"2018-04-16T02:34:48.000Z","volume":1000,"label":" ","price":16.32},{"type":"B","date":"2018-04-16T02:34:55.000Z","volume":4000,"label":" ","price":16.32},{"type":"B","date":"2018-04-16T02:35:03.000Z","volume":50000,"label":"Y","price":16.32},{"type":"B","date":"2018-04-16T02:35:03.000Z","volume":30000,"label":" ","price":16.32},{"type":"U","date":"2018-04-16T02:35:06.000Z","volume":1000,"label":"X","price":16.32},{"type":"A","date":"2018-04-16T02:35:11.000Z","volume":1000,"label":"Y","price":16.32},{"type":"A","date":"2018-04-16T02:35:12.000Z","volume":1000,"label":" ","price":16.32},{"type":"B","date":"2018-04-16T02:35:22.000Z","volume":7000,"label":" ","price":16.3},{"type":"A","date":"2018-04-16T02:35:23.000Z","volume":1000,"label":" ","price":16.32},{"type":"A","date":"2018-04-16T02:35:23.000Z","volume":2000,"label":" ","price":16.32},{"type":"U","date":"2018-04-16T02:35:23.000Z","volume":3000,"label":"X","price":16.32},{"type":"B","date":"2018-04-16T02:35:30.000Z","volume":100000,"label":" ","price":16.3},{"type":"B","date":"2018-04-16T02:35:30.000Z","volume":101000,"label":" ","price":16.3},{"type":"B","date":"2018-04-16T02:35:55.000Z","volume":4000,"label":"Y","price":16.3},{"type":"B","date":"2018-04-16T02:36:02.000Z","volume":1000,"label":" ","price":16.3},{"type":"B","date":"2018-04-16T02:36:02.000Z","volume":1000,"label":" ","price":16.3},{"type":"B","date":"2018-04-16T02:36:02.000Z","volume":3000,"label":" ","price":16.3},{"type":"B","date":"2018-04-16T02:36:02.000Z","volume":1000,"label":" ","price":16.3},{"type":"B","date":"2018-04-16T02:36:09.000Z","volume":1000,"label":" ","price":16.3},{"type":"B","date":"2018-04-16T02:36:10.000Z","volume":30000,"label":" ","price":16.3},{"type":"B","date":"2018-04-16T02:36:11.000Z","volume":30000,"label":" ","price":16.3},{"type":"B","date":"2018-04-16T02:36:11.000Z","volume":20000,"label":" ","price":16.3},{"type":"B","date":"2018-04-16T02:36:12.000Z","volume":1000,"label":" ","price":16.3},{"type":"B","date":"2018-04-16T02:36:25.000Z","volume":4000,"label":" ","price":16.28},{"type":"B","date":"2018-04-16T02:36:56.000Z","volume":4000,"label":" ","price":16.28},{"type":"B","date":"2018-04-16T02:37:27.000Z","volume":2000,"label":" ","price":16.28},{"type":"B","date":"2018-04-16T02:37:38.000Z","volume":3000,"label":"Y","price":16.28},{"type":"B","date":"2018-04-16T02:37:38.000Z","volume":11000,"label":" ","price":16.28},{"type":"B","date":"2018-04-16T02:37:38.000Z","volume":1000,"label":" ","price":16.28},{"type":"B","date":"2018-04-16T02:37:38.000Z","volume":2000,"label":" ","price":16.28},{"type":"A","date":"2018-04-16T02:37:41.000Z","volume":3000,"label":" ","price":16.28},{"type":"B","date":"2018-04-16T02:37:56.000Z","volume":3000,"label":"Y","price":16.28},{"type":"B","date":"2018-04-16T02:37:56.000Z","volume":1000,"label":" ","price":16.28},{"type":"A","date":"2018-04-16T02:38:01.000Z","volume":16000,"label":" ","price":16.3},{"type":"A","date":"2018-04-16T02:38:02.000Z","volume":16000,"label":" ","price":16.3},{"type":"B","date":"2018-04-16T02:38:02.000Z","volume":1000,"label":"Y","price":16.3},{"type":"B","date":"2018-04-16T02:38:02.000Z","volume":10000,"label":" ","price":16.3},{"type":"B","date":"2018-04-16T02:38:57.000Z","volume":2000,"label":"Y","price":16.28},{"type":"B","date":"2018-04-16T02:38:57.000Z","volume":2000,"label":" ","price":16.28},{"type":"A","date":"2018-04-16T02:39:13.000Z","volume":1000,"label":" ","price":16.3},{"type":"U","date":"2018-04-16T02:39:21.000Z","volume":3000,"label":"X","price":16.3},{"type":"A","date":"2018-04-16T02:39:33.000Z","volume":1000,"label":" ","price":16.3},{"type":"A","date":"2018-04-16T02:39:53.000Z","volume":10000,"label":" ","price":16.3},{"type":"A","date":"2018-04-16T02:39:53.000Z","volume":1000,"label":" ","price":16.3},{"type":"A","date":"2018-04-16T02:39:53.000Z","volume":1000,"label":" ","price":16.3},{"type":"B","date":"2018-04-16T02:39:57.000Z","volume":1000,"label":" ","price":16.28},{"type":"B","date":"2018-04-16T02:39:57.000Z","volume":4000,"label":"Y","price":16.28},{"type":"A","date":"2018-04-16T02:40:19.000Z","volume":1000,"label":" ","price":16.3},{"type":"B","date":"2018-04-16T02:40:22.000Z","volume":10000,"label":" ","price":16.28},{"type":"B","date":"2018-04-16T02:40:29.000Z","volume":20000,"label":" ","price":16.28},{"type":"B","date":"2018-04-16T02:40:30.000Z","volume":1000,"label":" ","price":16.28},{"type":"B","date":"2018-04-16T02:40:59.000Z","volume":1000,"label":"Y","price":16.28},{"type":"B","date":"2018-04-16T02:40:59.000Z","volume":3000,"label":" ","price":16.28},{"type":"B","date":"2018-04-16T02:41:05.000Z","volume":1000,"label":" ","price":16.28},{"type":"B","date":"2018-04-16T02:41:20.000Z","volume":10000,"label":" ","price":16.28},{"type":"B","date":"2018-04-16T02:41:27.000Z","volume":7000,"label":" ","price":16.28},{"type":"B","date":"2018-04-16T02:41:31.000Z","volume":10000,"label":" ","price":16.28},{"type":"A","date":"2018-04-16T02:41:53.000Z","volume":6000,"label":" ","price":16.3},{"type":"B","date":"2018-04-16T02:41:59.000Z","volume":1000,"label":"Y","price":16.28},{"type":"B","date":"2018-04-16T02:41:59.000Z","volume":3000,"label":" ","price":16.28},{"type":"B","date":"2018-04-16T02:42:06.000Z","volume":1000,"label":" ","price":16.28},{"type":"U","date":"2018-04-16T02:42:17.000Z","volume":1000,"label":"X","price":16.3},{"type":"B","date":"2018-04-16T02:42:20.000Z","volume":9000,"label":"Y","price":16.28},{"type":"B","date":"2018-04-16T02:42:20.000Z","volume":11000,"label":" ","price":16.28},{"type":"B","date":"2018-04-16T02:42:51.000Z","volume":4000,"label":" ","price":16.28},{"type":"B","date":"2018-04-16T02:42:52.000Z","volume":3000,"label":" ","price":16.28},{"type":"B","date":"2018-04-16T02:43:00.000Z","volume":4000,"label":" ","price":16.28},{"type":"B","date":"2018-04-16T02:43:05.000Z","volume":3000,"label":" ","price":16.28},{"type":"B","date":"2018-04-16T02:43:06.000Z","volume":1000,"label":"Y","price":16.28},{"type":"B","date":"2018-04-16T02:43:06.000Z","volume":2000,"label":" ","price":16.28},{"type":"B","date":"2018-04-16T02:43:06.000Z","volume":1000,"label":"Y","price":16.28},{"type":"B","date":"2018-04-16T02:43:08.000Z","volume":6000,"label":" ","price":16.28},{"type":"B","date":"2018-04-16T02:43:19.000Z","volume":2000,"label":"Y","price":16.28},{"type":"B","date":"2018-04-16T02:43:19.000Z","volume":1000,"label":" ","price":16.28},{"type":"B","date":"2018-04-16T02:44:00.000Z","volume":3000,"label":"Y","price":16.28},{"type":"B","date":"2018-04-16T02:44:00.000Z","volume":1000,"label":" ","price":16.28},{"type":"B","date":"2018-04-16T02:44:06.000Z","volume":1000,"label":" ","price":16.28},{"type":"A","date":"2018-04-16T02:44:40.000Z","volume":10000,"label":" ","price":16.3},{"type":"A","date":"2018-04-16T02:44:47.000Z","volume":1000,"label":" ","price":16.3},{"type":"U","date":"2018-04-16T02:44:53.000Z","volume":2000,"label":"X","price":16.3},{"type":"B","date":"2018-04-16T02:45:01.000Z","volume":4000,"label":" ","price":16.28},{"type":"B","date":"2018-04-16T02:45:07.000Z","volume":1000,"label":" ","price":16.28},{"type":"B","date":"2018-04-16T02:45:26.000Z","volume":3000,"label":"Y","price":16.28},{"type":"B","date":"2018-04-16T02:45:26.000Z","volume":13000,"label":" ","price":16.28},{"type":"B","date":"2018-04-16T02:45:44.000Z","volume":3000,"label":" ","price":16.28},{"type":"B","date":"2018-04-16T02:45:46.000Z","volume":1000,"label":" ","price":16.28},{"type":"B","date":"2018-04-16T02:45:46.000Z","volume":1000,"label":" ","price":16.28},{"type":"B","date":"2018-04-16T02:45:46.000Z","volume":3000,"label":" ","price":16.28},{"type":"A","date":"2018-04-16T02:46:01.000Z","volume":1000,"label":" ","price":16.3},{"type":"B","date":"2018-04-16T02:46:01.000Z","volume":4000,"label":" ","price":16.28},{"type":"B","date":"2018-04-16T02:46:08.000Z","volume":1000,"label":" ","price":16.28},{"type":"B","date":"2018-04-16T02:46:11.000Z","volume":25000,"label":" ","price":16.28},{"type":"B","date":"2018-04-16T02:46:23.000Z","volume":2000,"label":" ","price":16.28},{"type":"A","date":"2018-04-16T02:46:59.000Z","volume":2000,"label":"Y","price":16.3},{"type":"B","date":"2018-04-16T02:47:02.000Z","volume":4000,"label":"Y","price":16.28},{"type":"B","date":"2018-04-16T02:47:08.000Z","volume":1000,"label":"Y","price":16.28},{"type":"A","date":"2018-04-16T02:47:14.000Z","volume":3000,"label":"Y","price":16.3},{"type":"B","date":"2018-04-16T02:47:40.000Z","volume":1000,"label":" ","price":16.28},{"type":"B","date":"2018-04-16T02:47:41.000Z","volume":8000,"label":" ","price":16.28},{"type":"A","date":"2018-04-16T02:47:43.000Z","volume":1000,"label":" ","price":16.3},{"type":"A","date":"2018-04-16T02:47:57.000Z","volume":14000,"label":" ","price":16.3},{"type":"B","date":"2018-04-16T02:48:02.000Z","volume":4000,"label":"Y","price":16.28},{"type":"B","date":"2018-04-16T02:48:07.000Z","volume":4000,"label":" ","price":16.28},{"type":"B","date":"2018-04-16T02:48:08.000Z","volume":1000,"label":" ","price":16.28},{"type":"A","date":"2018-04-16T02:48:21.000Z","volume":1000,"label":" ","price":16.3},{"type":"B","date":"2018-04-16T02:48:29.000Z","volume":5000,"label":" ","price":16.28},{"type":"B","date":"2018-04-16T02:48:39.000Z","volume":4000,"label":" ","price":16.28},{"type":"B","date":"2018-04-16T02:48:39.000Z","volume":1000,"label":" ","price":16.28},{"type":"B","date":"2018-04-16T02:49:02.000Z","volume":3000,"label":"Y","price":16.28},{"type":"B","date":"2018-04-16T02:49:02.000Z","volume":1000,"label":" ","price":16.28},{"type":"B","date":"2018-04-16T02:49:08.000Z","volume":1000,"label":" ","price":16.28},{"type":"B","date":"2018-04-16T02:49:14.000Z","volume":18000,"label":" ","price":16.28},{"type":"B","date":"2018-04-16T02:50:03.000Z","volume":4000,"label":"Y","price":16.28},{"type":"B","date":"2018-04-16T02:50:09.000Z","volume":1000,"label":"Y","price":16.28},{"type":"B","date":"2018-04-16T02:50:23.000Z","volume":9000,"label":"Y","price":16.28},{"type":"B","date":"2018-04-16T02:50:23.000Z","volume":21000,"label":" ","price":16.28},{"type":"A","date":"2018-04-16T02:50:24.000Z","volume":4000,"label":" ","price":16.28},{"type":"B","date":"2018-04-16T02:50:29.000Z","volume":1000,"label":" ","price":16.26},{"type":"B","date":"2018-04-16T02:51:03.000Z","volume":4000,"label":" ","price":16.26},{"type":"B","date":"2018-04-16T02:51:03.000Z","volume":1000,"label":" ","price":16.26},{"type":"B","date":"2018-04-16T02:51:07.000Z","volume":2000,"label":" ","price":16.26},{"type":"B","date":"2018-04-16T02:51:09.000Z","volume":1000,"label":" ","price":16.26},{"type":"B","date":"2018-04-16T02:51:23.000Z","volume":27000,"label":" ","price":16.26},{"type":"B","date":"2018-04-16T02:51:40.000Z","volume":7000,"label":" ","price":16.24},{"type":"B","date":"2018-04-16T02:51:41.000Z","volume":30000,"label":" ","price":16.24},{"type":"A","date":"2018-04-16T02:51:41.000Z","volume":14000,"label":" ","price":16.24},{"type":"U","date":"2018-04-16T02:51:41.000Z","volume":6000,"label":"X","price":16.24},{"type":"B","date":"2018-04-16T02:51:51.000Z","volume":50000,"label":" ","price":16.22},{"type":"A","date":"2018-04-16T02:52:01.000Z","volume":2000,"label":" ","price":16.24},{"type":"B","date":"2018-04-16T02:52:04.000Z","volume":4000,"label":" ","price":16.22},{"type":"B","date":"2018-04-16T02:52:05.000Z","volume":35000,"label":" ","price":16.22},{"type":"B","date":"2018-04-16T02:52:05.000Z","volume":4000,"label":" ","price":16.22},{"type":"A","date":"2018-04-16T02:52:15.000Z","volume":2000,"label":" ","price":16.22},{"type":"B","date":"2018-04-16T02:52:24.000Z","volume":3000,"label":" ","price":16.2},{"type":"A","date":"2018-04-16T02:52:33.000Z","volume":2000,"label":" ","price":16.22},{"type":"B","date":"2018-04-16T02:52:58.000Z","volume":150000,"label":" ","price":16.2},{"type":"B","date":"2018-04-16T02:52:58.000Z","volume":29000,"label":" ","price":16.2},{"type":"B","date":"2018-04-16T02:53:00.000Z","volume":1000,"label":" ","price":16.18},{"type":"A","date":"2018-04-16T02:53:00.000Z","volume":1000,"label":" ","price":16.2},{"type":"B","date":"2018-04-16T02:53:00.000Z","volume":1000,"label":" ","price":16.2},{"type":"A","date":"2018-04-16T02:53:00.000Z","volume":2000,"label":"Y","price":16.22},{"type":"B","date":"2018-04-16T02:53:02.000Z","volume":1000,"label":" ","price":16.2},{"type":"B","date":"2018-04-16T02:53:02.000Z","volume":2000,"label":" ","price":16.2},{"type":"B","date":"2018-04-16T02:53:02.000Z","volume":1000,"label":" ","price":16.2},{"type":"B","date":"2018-04-16T02:53:02.000Z","volume":1000,"label":" ","price":16.2},{"type":"B","date":"2018-04-16T02:53:05.000Z","volume":4000,"label":" ","price":16.2},{"type":"U","date":"2018-04-16T02:53:05.000Z","volume":1000,"label":"X","price":16.22},{"type":"A","date":"2018-04-16T02:53:09.000Z","volume":2000,"label":" ","price":16.22},{"type":"B","date":"2018-04-16T02:53:10.000Z","volume":1000,"label":" ","price":16.2},{"type":"B","date":"2018-04-16T02:53:30.000Z","volume":22000,"label":" ","price":16.2},{"type":"B","date":"2018-04-16T02:53:30.000Z","volume":9000,"label":" ","price":16.2},{"type":"A","date":"2018-04-16T02:53:30.000Z","volume":19000,"label":" ","price":16.2},{"type":"B","date":"2018-04-16T02:53:32.000Z","volume":1000,"label":" ","price":16.2},{"type":"B","date":"2018-04-16T02:53:32.000Z","volume":2000,"label":" ","price":16.2},{"type":"B","date":"2018-04-16T02:53:32.000Z","volume":1000,"label":" ","price":16.2},{"type":"B","date":"2018-04-16T02:53:32.000Z","volume":1000,"label":" ","price":16.2},{"type":"B","date":"2018-04-16T02:53:33.000Z","volume":13000,"label":" ","price":16.2},{"type":"B","date":"2018-04-16T02:53:33.000Z","volume":1000,"label":" ","price":16.2},{"type":"A","date":"2018-04-16T02:53:33.000Z","volume":6000,"label":" ","price":16.2},{"type":"A","date":"2018-04-16T02:53:34.000Z","volume":5000,"label":" ","price":16.22},{"type":"A","date":"2018-04-16T02:53:41.000Z","volume":1000,"label":" ","price":16.22},{"type":"B","date":"2018-04-16T02:54:05.000Z","volume":4000,"label":" ","price":16.2},{"type":"B","date":"2018-04-16T02:54:11.000Z","volume":1000,"label":" ","price":16.2},{"type":"B","date":"2018-04-16T02:54:16.000Z","volume":1000,"label":" ","price":16.2},{"type":"A","date":"2018-04-16T02:54:19.000Z","volume":11000,"label":" ","price":16.22},{"type":"A","date":"2018-04-16T02:54:21.000Z","volume":1000,"label":" ","price":16.22},{"type":"A","date":"2018-04-16T02:54:41.000Z","volume":1000,"label":" ","price":16.22},{"type":"A","date":"2018-04-16T02:54:45.000Z","volume":1000,"label":" ","price":16.22},{"type":"A","date":"2018-04-16T02:55:00.000Z","volume":1000,"label":" ","price":16.22},{"type":"A","date":"2018-04-16T02:55:00.000Z","volume":1000,"label":"Y","price":16.22},{"type":"A","date":"2018-04-16T02:55:00.000Z","volume":97000,"label":" ","price":16.22},{"type":"A","date":"2018-04-16T02:55:00.000Z","volume":2000,"label":" ","price":16.24},{"type":"A","date":"2018-04-16T02:55:02.000Z","volume":9000,"label":"Y","price":16.24},{"type":"A","date":"2018-04-16T02:55:02.000Z","volume":3000,"label":" ","price":16.24},{"type":"B","date":"2018-04-16T02:55:05.000Z","volume":4000,"label":" ","price":16.22},{"type":"A","date":"2018-04-16T02:55:09.000Z","volume":4000,"label":" ","price":16.26},{"type":"B","date":"2018-04-16T02:55:11.000Z","volume":1000,"label":" ","price":16.22},{"type":"B","date":"2018-04-16T02:55:16.000Z","volume":4000,"label":" ","price":16.24},{"type":"A","date":"2018-04-16T02:55:20.000Z","volume":1000,"label":" ","price":16.26},{"type":"A","date":"2018-04-16T02:55:23.000Z","volume":1000,"label":" ","price":16.26},{"type":"A","date":"2018-04-16T02:55:26.000Z","volume":10000,"label":" ","price":16.26},{"type":"A","date":"2018-04-16T02:55:26.000Z","volume":10000,"label":" ","price":16.26},{"type":"A","date":"2018-04-16T02:55:26.000Z","volume":1000,"label":" ","price":16.26},{"type":"A","date":"2018-04-16T02:55:26.000Z","volume":10000,"label":" ","price":16.26},{"type":"A","date":"2018-04-16T02:55:36.000Z","volume":1000,"label":" ","price":16.26},{"type":"A","date":"2018-04-16T02:55:36.000Z","volume":10000,"label":" ","price":16.26},{"type":"A","date":"2018-04-16T02:55:39.000Z","volume":1000,"label":" ","price":16.26},{"type":"A","date":"2018-04-16T02:55:39.000Z","volume":10000,"label":" ","price":16.26},{"type":"B","date":"2018-04-16T02:55:45.000Z","volume":30000,"label":" ","price":16.24},{"type":"A","date":"2018-04-16T02:55:50.000Z","volume":1000,"label":" ","price":16.26},{"type":"U","date":"2018-04-16T02:55:56.000Z","volume":1000,"label":"X","price":16.26},{"type":"U","date":"2018-04-16T02:55:58.000Z","volume":1000,"label":"X","price":16.26},{"type":"B","date":"2018-04-16T02:56:06.000Z","volume":3000,"label":"Y","price":16.24},{"type":"B","date":"2018-04-16T02:56:06.000Z","volume":1000,"label":" ","price":16.24},{"type":"A","date":"2018-04-16T02:56:07.000Z","volume":1000,"label":" ","price":16.26},{"type":"B","date":"2018-04-16T02:56:11.000Z","volume":1000,"label":" ","price":16.26},{"type":"A","date":"2018-04-16T02:56:15.000Z","volume":7000,"label":" ","price":16.28},{"type":"A","date":"2018-04-16T02:56:20.000Z","volume":1000,"label":" ","price":16.28},{"type":"B","date":"2018-04-16T02:56:27.000Z","volume":3000,"label":"Y","price":16.26},{"type":"B","date":"2018-04-16T02:56:27.000Z","volume":14000,"label":" ","price":16.26},{"type":"A","date":"2018-04-16T02:56:45.000Z","volume":1000,"label":" ","price":16.26},{"type":"B","date":"2018-04-16T02:57:06.000Z","volume":4000,"label":"Y","price":16.24},{"type":"B","date":"2018-04-16T02:57:11.000Z","volume":1000,"label":"Y","price":16.24},{"type":"A","date":"2018-04-16T02:57:20.000Z","volume":7000,"label":" ","price":16.26},{"type":"A","date":"2018-04-16T02:57:39.000Z","volume":1000,"label":" ","price":16.28},{"type":"A","date":"2018-04-16T02:57:53.000Z","volume":4000,"label":" ","price":16.28},{"type":"A","date":"2018-04-16T02:58:01.000Z","volume":1000,"label":" ","price":16.28},{"type":"B","date":"2018-04-16T02:58:07.000Z","volume":4000,"label":" ","price":16.26},{"type":"A","date":"2018-04-16T02:58:12.000Z","volume":8000,"label":" ","price":16.28},{"type":"B","date":"2018-04-16T02:58:13.000Z","volume":1000,"label":" ","price":16.26},{"type":"B","date":"2018-04-16T02:58:13.000Z","volume":11000,"label":"Y","price":16.28},{"type":"B","date":"2018-04-16T02:58:13.000Z","volume":1000,"label":" ","price":16.28},{"type":"B","date":"2018-04-16T02:58:13.000Z","volume":5000,"label":"Y","price":16.26},{"type":"B","date":"2018-04-16T02:58:13.000Z","volume":3000,"label":" ","price":16.26},{"type":"A","date":"2018-04-16T02:58:50.000Z","volume":20000,"label":"Y","price":16.28},{"type":"A","date":"2018-04-16T02:58:50.000Z","volume":4000,"label":" ","price":16.28},{"type":"A","date":"2018-04-16T02:58:53.000Z","volume":2000,"label":" ","price":16.3},{"type":"B","date":"2018-04-16T02:58:54.000Z","volume":10000,"label":" ","price":16.28},{"type":"B","date":"2018-04-16T02:59:02.000Z","volume":47000,"label":" ","price":16.28},{"type":"B","date":"2018-04-16T02:59:13.000Z","volume":1000,"label":"Y","price":16.26},{"type":"B","date":"2018-04-16T02:59:20.000Z","volume":28000,"label":" ","price":16.26},{"type":"A","date":"2018-04-16T02:59:20.000Z","volume":3000,"label":" ","price":16.28},{"type":"A","date":"2018-04-16T02:59:20.000Z","volume":1000,"label":" ","price":16.28},{"type":"B","date":"2018-04-16T02:59:21.000Z","volume":1000,"label":" ","price":16.26},{"type":"B","date":"2018-04-16T02:59:41.000Z","volume":6000,"label":" ","price":16.26},{"type":"B","date":"2018-04-16T02:59:41.000Z","volume":1000,"label":" ","price":16.26},{"type":"B","date":"2018-04-16T03:00:08.000Z","volume":4000,"label":" ","price":16.24},{"type":"B","date":"2018-04-16T03:00:08.000Z","volume":8000,"label":" ","price":16.24},{"type":"U","date":"2018-04-16T03:00:08.000Z","volume":1000,"label":" ","price":16.24},{"type":"B","date":"2018-04-16T03:00:13.000Z","volume":1000,"label":" ","price":16.22},{"type":"U","date":"2018-04-16T03:00:16.000Z","volume":3000,"label":" ","price":16.24},{"type":"B","date":"2018-04-16T03:00:58.000Z","volume":6000,"label":"Y","price":16.24},{"type":"B","date":"2018-04-16T03:00:58.000Z","volume":15000,"label":" ","price":16.24},{"type":"B","date":"2018-04-16T03:00:58.000Z","volume":4000,"label":" ","price":16.22},{"type":"B","date":"2018-04-16T03:01:08.000Z","volume":4000,"label":" ","price":16.22},{"type":"B","date":"2018-04-16T03:01:14.000Z","volume":1000,"label":" ","price":16.22},{"type":"B","date":"2018-04-16T03:01:19.000Z","volume":5000,"label":" ","price":16.24},{"type":"B","date":"2018-04-16T03:01:19.000Z","volume":19000,"label":" ","price":16.22},{"type":"A","date":"2018-04-16T03:01:19.000Z","volume":9000,"label":" ","price":16.22},{"type":"A","date":"2018-04-16T03:01:19.000Z","volume":1000,"label":" ","price":16.22},{"type":"A","date":"2018-04-16T03:01:19.000Z","volume":2000,"label":" ","price":16.22},{"type":"U","date":"2018-04-16T03:01:35.000Z","volume":3000,"label":"X","price":16.24},{"type":"A","date":"2018-04-16T03:01:41.000Z","volume":1000,"label":" ","price":16.24},{"type":"B","date":"2018-04-16T03:01:42.000Z","volume":3000,"label":" ","price":16.22},{"type":"B","date":"2018-04-16T03:01:54.000Z","volume":3000,"label":" ","price":16.22},{"type":"B","date":"2018-04-16T03:01:54.000Z","volume":13000,"label":" ","price":16.22},{"type":"B","date":"2018-04-16T03:02:04.000Z","volume":7000,"label":" ","price":16.22},{"type":"B","date":"2018-04-16T03:02:08.000Z","volume":2000,"label":" ","price":16.22},{"type":"A","date":"2018-04-16T03:02:11.000Z","volume":3000,"label":" ","price":16.22},{"type":"B","date":"2018-04-16T03:02:12.000Z","volume":7000,"label":" ","price":16.22},{"type":"B","date":"2018-04-16T03:02:14.000Z","volume":1000,"label":" ","price":16.2},{"type":"A","date":"2018-04-16T03:02:37.000Z","volume":3000,"label":" ","price":16.22},{"type":"B","date":"2018-04-16T03:02:44.000Z","volume":31000,"label":" ","price":16.2},{"type":"A","date":"2018-04-16T03:02:55.000Z","volume":2000,"label":" ","price":16.22},{"type":"B","date":"2018-04-16T03:02:56.000Z","volume":3000,"label":"Y","price":16.2},{"type":"B","date":"2018-04-16T03:02:56.000Z","volume":14000,"label":" ","price":16.2},{"type":"B","date":"2018-04-16T03:02:56.000Z","volume":8000,"label":" ","price":16.18},{"type":"U","date":"2018-04-16T03:03:03.000Z","volume":3000,"label":" ","price":16.2},{"type":"B","date":"2018-04-16T03:03:09.000Z","volume":4000,"label":" ","price":16.18},{"type":"B","date":"2018-04-16T03:03:14.000Z","volume":1000,"label":" ","price":16.18},{"type":"B","date":"2018-04-16T03:03:38.000Z","volume":4000,"label":" ","price":16.2},{"type":"B","date":"2018-04-16T03:03:58.000Z","volume":4000,"label":" ","price":16.2},{"type":"B","date":"2018-04-16T03:04:09.000Z","volume":3000,"label":"Y","price":16.2},{"type":"B","date":"2018-04-16T03:04:09.000Z","volume":1000,"label":" ","price":16.2},{"type":"B","date":"2018-04-16T03:04:15.000Z","volume":1000,"label":" ","price":16.2},{"type":"U","date":"2018-04-16T03:04:15.000Z","volume":1000,"label":"X","price":16.22},{"type":"B","date":"2018-04-16T03:04:24.000Z","volume":6000,"label":" ","price":16.2},{"type":"B","date":"2018-04-16T03:04:24.000Z","volume":1000,"label":" ","price":16.2},{"type":"B","date":"2018-04-16T03:04:24.000Z","volume":16000,"label":" ","price":16.2},{"type":"B","date":"2018-04-16T03:04:37.000Z","volume":1000,"label":" ","price":16.2},{"type":"B","date":"2018-04-16T03:04:37.000Z","volume":1000,"label":" ","price":16.2},{"type":"B","date":"2018-04-16T03:04:37.000Z","volume":1000,"label":" ","price":16.2},{"type":"B","date":"2018-04-16T03:04:37.000Z","volume":2000,"label":" ","price":16.2},{"type":"B","date":"2018-04-16T03:04:42.000Z","volume":1000,"label":" ","price":16.2},{"type":"B","date":"2018-04-16T03:04:43.000Z","volume":3000,"label":"Y","price":16.2},{"type":"B","date":"2018-04-16T03:04:43.000Z","volume":17000,"label":" ","price":16.2},{"type":"A","date":"2018-04-16T03:04:51.000Z","volume":13000,"label":" ","price":16.22},{"type":"B","date":"2018-04-16T03:05:10.000Z","volume":4000,"label":" ","price":16.2},{"type":"B","date":"2018-04-16T03:05:16.000Z","volume":1000,"label":" ","price":16.2},{"type":"B","date":"2018-04-16T03:05:22.000Z","volume":1000,"label":" ","price":16.2},{"type":"A","date":"2018-04-16T03:05:23.000Z","volume":6000,"label":" ","price":16.22},{"type":"A","date":"2018-04-16T03:05:44.000Z","volume":1000,"label":" ","price":16.22},{"type":"B","date":"2018-04-16T03:05:50.000Z","volume":6000,"label":"Y","price":16.2},{"type":"B","date":"2018-04-16T03:05:50.000Z","volume":24000,"label":" ","price":16.2},{"type":"B","date":"2018-04-16T03:05:57.000Z","volume":1000,"label":" ","price":16.2},{"type":"B","date":"2018-04-16T03:05:57.000Z","volume":1000,"label":" ","price":16.2},{"type":"B","date":"2018-04-16T03:05:57.000Z","volume":1000,"label":" ","price":16.2},{"type":"B","date":"2018-04-16T03:05:57.000Z","volume":1000,"label":" ","price":16.2},{"type":"B","date":"2018-04-16T03:05:57.000Z","volume":1000,"label":" ","price":16.2},{"type":"B","date":"2018-04-16T03:06:03.000Z","volume":3000,"label":"Y","price":16.2},{"type":"B","date":"2018-04-16T03:06:03.000Z","volume":16000,"label":" ","price":16.2},{"type":"A","date":"2018-04-16T03:06:03.000Z","volume":1000,"label":" ","price":16.2},{"type":"A","date":"2018-04-16T03:06:03.000Z","volume":1000,"label":" ","price":16.2},{"type":"B","date":"2018-04-16T03:06:10.000Z","volume":2000,"label":" ","price":16.2},{"type":"B","date":"2018-04-16T03:06:10.000Z","volume":2000,"label":" ","price":16.18},{"type":"B","date":"2018-04-16T03:06:16.000Z","volume":1000,"label":"Y","price":16.2},{"type":"B","date":"2018-04-16T03:06:17.000Z","volume":2000,"label":"Y","price":16.2},{"type":"A","date":"2018-04-16T03:06:17.000Z","volume":22000,"label":" ","price":16.2},{"type":"B","date":"2018-04-16T03:06:30.000Z","volume":3000,"label":" ","price":16.2},{"type":"B","date":"2018-04-16T03:06:40.000Z","volume":1000,"label":" ","price":16.2},{"type":"A","date":"2018-04-16T03:06:50.000Z","volume":2000,"label":" ","price":16.22},{"type":"B","date":"2018-04-16T03:07:10.000Z","volume":4000,"label":" ","price":16.2},{"type":"B","date":"2018-04-16T03:07:16.000Z","volume":1000,"label":" ","price":16.2},{"type":"B","date":"2018-04-16T03:07:38.000Z","volume":20000,"label":" ","price":16.2},{"type":"B","date":"2018-04-16T03:07:46.000Z","volume":1000,"label":" ","price":16.2},{"type":"A","date":"2018-04-16T03:07:55.000Z","volume":10000,"label":" ","price":16.22},{"type":"A","date":"2018-04-16T03:07:57.000Z","volume":6000,"label":" ","price":16.22},{"type":"B","date":"2018-04-16T03:08:00.000Z","volume":2000,"label":" ","price":16.22},{"type":"B","date":"2018-04-16T03:08:00.000Z","volume":1000,"label":" ","price":16.22},{"type":"B","date":"2018-04-16T03:08:00.000Z","volume":2000,"label":" ","price":16.22},{"type":"B","date":"2018-04-16T03:08:05.000Z","volume":3000,"label":" ","price":16.22},{"type":"B","date":"2018-04-16T03:08:11.000Z","volume":4000,"label":" ","price":16.22},{"type":"B","date":"2018-04-16T03:08:16.000Z","volume":1000,"label":" ","price":16.22},{"type":"A","date":"2018-04-16T03:08:24.000Z","volume":1000,"label":" ","price":16.24},{"type":"A","date":"2018-04-16T03:08:31.000Z","volume":9000,"label":" ","price":16.24},{"type":"B","date":"2018-04-16T03:08:44.000Z","volume":10000,"label":" ","price":16.22},{"type":"B","date":"2018-04-16T03:09:00.000Z","volume":1000,"label":" ","price":16.22},{"type":"B","date":"2018-04-16T03:09:11.000Z","volume":2000,"label":"Y","price":16.22},{"type":"B","date":"2018-04-16T03:09:11.000Z","volume":2000,"label":" ","price":16.22}