[{"type":"A","date":"2018-04-12T01:30:02.000Z","volume":2000,"label":" ","price":6.85},{"type":"B","date":"2018-04-12T01:32:51.000Z","volume":2000,"label":" ","price":6.82},{"type":"B","date":"2018-04-12T01:41:49.000Z","volume":2000,"label":" ","price":6.82},{"type":"B","date":"2018-04-12T01:43:00.000Z","volume":20000,"label":" ","price":6.82},{"type":"B","date":"2018-04-12T01:43:00.000Z","volume":2000,"label":" ","price":6.82},{"type":"B","date":"2018-04-12T01:43:00.000Z","volume":4000,"label":" ","price":6.81},{"type":"B","date":"2018-04-12T01:43:02.000Z","volume":2000,"label":" ","price":6.8},{"type":"U","date":"2018-04-12T01:44:33.000Z","volume":2000,"label":" ","price":6.81},{"type":"B","date":"2018-04-12T01:47:05.000Z","volume":12000,"label":" ","price":6.8},{"type":"B","date":"2018-04-12T01:47:05.000Z","volume":36000,"label":" ","price":6.8},{"type":"B","date":"2018-04-12T01:47:05.000Z","volume":6000,"label":" ","price":6.79},{"type":"B","date":"2018-04-12T01:47:05.000Z","volume":4000,"label":" ","price":6.79},{"type":"B","date":"2018-04-12T01:47:06.000Z","volume":6000,"label":" ","price":6.79},{"type":"B","date":"2018-04-12T01:47:33.000Z","volume":2000,"label":" ","price":6.78},{"type":"B","date":"2018-04-12T01:47:44.000Z","volume":6000,"label":"Y","price":6.78},{"type":"B","date":"2018-04-12T01:47:44.000Z","volume":4000,"label":" ","price":6.78},{"type":"B","date":"2018-04-12T01:47:55.000Z","volume":4000,"label":" ","price":6.78},{"type":"B","date":"2018-04-12T01:47:55.000Z","volume":2000,"label":" ","price":6.78},{"type":"U","date":"2018-04-12T01:48:15.000Z","volume":2000,"label":" ","price":6.77},{"type":"A","date":"2018-04-12T01:48:45.000Z","volume":4000,"label":" ","price":6.77},{"type":"A","date":"2018-04-12T01:48:57.000Z","volume":4000,"label":" ","price":6.77},{"type":"A","date":"2018-04-12T01:48:57.000Z","volume":2000,"label":" ","price":6.77},{"type":"B","date":"2018-04-12T01:49:00.000Z","volume":18000,"label":" ","price":6.76},{"type":"B","date":"2018-04-12T01:49:06.000Z","volume":2000,"label":" ","price":6.75},{"type":"A","date":"2018-04-12T01:49:23.000Z","volume":2000,"label":" ","price":6.75},{"type":"A","date":"2018-04-12T01:49:31.000Z","volume":4000,"label":" ","price":6.74},{"type":"A","date":"2018-04-12T01:49:31.000Z","volume":40000,"label":" ","price":6.74},{"type":"A","date":"2018-04-12T01:49:31.000Z","volume":34000,"label":" ","price":6.74},{"type":"A","date":"2018-04-12T01:50:01.000Z","volume":4000,"label":" ","price":6.75},{"type":"B","date":"2018-04-12T01:50:26.000Z","volume":2000,"label":" ","price":6.74},{"type":"U","date":"2018-04-12T01:50:32.000Z","volume":2000,"label":" ","price":6.74},{"type":"A","date":"2018-04-12T01:50:32.000Z","volume":6000,"label":" ","price":6.74},{"type":"A","date":"2018-04-12T01:50:32.000Z","volume":6000,"label":" ","price":6.74},{"type":"A","date":"2018-04-12T01:51:40.000Z","volume":34000,"label":" ","price":6.75},{"type":"A","date":"2018-04-12T01:51:41.000Z","volume":4000,"label":" ","price":6.75},{"type":"A","date":"2018-04-12T01:51:50.000Z","volume":8000,"label":" ","price":6.75},{"type":"A","date":"2018-04-12T01:51:50.000Z","volume":2000,"label":" ","price":6.75},{"type":"A","date":"2018-04-12T01:52:41.000Z","volume":20000,"label":" ","price":6.76},{"type":"B","date":"2018-04-12T01:53:36.000Z","volume":26000,"label":" ","price":6.75},{"type":"A","date":"2018-04-12T02:02:32.000Z","volume":2000,"label":" ","price":6.75},{"type":"A","date":"2018-04-12T02:04:41.000Z","volume":10000,"label":" ","price":6.75},{"type":"A","date":"2018-04-12T02:05:15.000Z","volume":2000,"label":" ","price":6.75},{"type":"B","date":"2018-04-12T02:05:29.000Z","volume":6000,"label":" ","price":6.74},{"type":"A","date":"2018-04-12T02:07:07.000Z","volume":2000,"label":" ","price":6.75},{"type":"B","date":"2018-04-12T02:07:07.000Z","volume":2000,"label":" ","price":6.74},{"type":"B","date":"2018-04-12T02:07:07.000Z","volume":26000,"label":" ","price":6.74},{"type":"A","date":"2018-04-12T02:07:15.000Z","volume":2000,"label":" ","price":6.74},{"type":"B","date":"2018-04-12T02:08:47.000Z","volume":6000,"label":" ","price":6.73},{"type":"B","date":"2018-04-12T02:11:37.000Z","volume":6000,"label":" ","price":6.73},{"type":"A","date":"2018-04-12T02:12:12.000Z","volume":20000,"label":" ","price":6.74},{"type":"A","date":"2018-04-12T02:13:53.000Z","volume":20000,"label":" ","price":6.74},{"type":"A","date":"2018-04-12T02:14:00.000Z","volume":2000,"label":" ","price":6.74},{"type":"A","date":"2018-04-12T02:15:08.000Z","volume":4000,"label":" ","price":6.74},{"type":"A","date":"2018-04-12T02:15:53.000Z","volume":2000,"label":" ","price":6.74},{"type":"A","date":"2018-04-12T02:18:18.000Z","volume":18000,"label":" ","price":6.74},{"type":"B","date":"2018-04-12T02:19:51.000Z","volume":4000,"label":" ","price":6.73},{"type":"A","date":"2018-04-12T02:21:28.000Z","volume":2000,"label":" ","price":6.74},{"type":"B","date":"2018-04-12T02:21:50.000Z","volume":2000,"label":"Y","price":6.73},{"type":"B","date":"2018-04-12T02:21:50.000Z","volume":4000,"label":" ","price":6.73},{"type":"A","date":"2018-04-12T02:25:00.000Z","volume":2000,"label":" ","price":6.74},{"type":"A","date":"2018-04-12T02:25:30.000Z","volume":2000,"label":" ","price":6.74},{"type":"U","date":"2018-04-12T02:25:44.000Z","volume":766,"label":"D","price":6.7},{"type":"B","date":"2018-04-12T02:31:22.000Z","volume":2000,"label":" ","price":6.73},{"type":"B","date":"2018-04-12T02:31:23.000Z","volume":4000,"label":" ","price":6.73},{"type":"A","date":"2018-04-12T02:32:30.000Z","volume":2000,"label":"Y","price":6.74},{"type":"A","date":"2018-04-12T02:32:30.000Z","volume":154000,"label":" ","price":6.74},{"type":"A","date":"2018-04-12T02:32:31.000Z","volume":10000,"label":"Y","price":6.75},{"type":"A","date":"2018-04-12T02:32:31.000Z","volume":24000,"label":" ","price":6.75},{"type":"A","date":"2018-04-12T02:32:31.000Z","volume":2000,"label":" ","price":6.75},{"type":"A","date":"2018-04-12T02:32:32.000Z","volume":12000,"label":" ","price":6.75},{"type":"A","date":"2018-04-12T02:32:32.000Z","volume":14000,"label":" ","price":6.75},{"type":"B","date":"2018-04-12T02:34:45.000Z","volume":28000,"label":" ","price":6.75},{"type":"B","date":"2018-04-12T02:37:04.000Z","volume":16000,"label":" ","price":6.74},{"type":"A","date":"2018-04-12T02:37:08.000Z","volume":2000,"label":" ","price":6.75},{"type":"B","date":"2018-04-12T02:38:10.000Z","volume":6000,"label":" ","price":6.74},{"type":"A","date":"2018-04-12T02:41:50.000Z","volume":2000,"label":" ","price":6.75},{"type":"B","date":"2018-04-12T02:43:28.000Z","volume":2000,"label":" ","price":6.74},{"type":"B","date":"2018-04-12T02:43:28.000Z","volume":8000,"label":" ","price":6.74},{"type":"B","date":"2018-04-12T02:43:48.000Z","volume":2000,"label":" ","price":6.74},{"type":"B","date":"2018-04-12T02:45:08.000Z","volume":2000,"label":" ","price":6.74},{"type":"B","date":"2018-04-12T02:46:28.000Z","volume":2000,"label":" ","price":6.74},{"type":"B","date":"2018-04-12T02:46:48.000Z","volume":2000,"label":" ","price":6.74},{"type":"B","date":"2018-04-12T02:47:48.000Z","volume":2000,"label":" ","price":6.74},{"type":"B","date":"2018-04-12T02:49:08.000Z","volume":2000,"label":" ","price":6.74},{"type":"A","date":"2018-04-12T02:50:56.000Z","volume":2000,"label":" ","price":6.75},{"type":"B","date":"2018-04-12T02:58:08.000Z","volume":4000,"label":" ","price":6.74},{"type":"B","date":"2018-04-12T02:59:48.000Z","volume":2000,"label":" ","price":6.74},{"type":"B","date":"2018-04-12T02:59:48.000Z","volume":8000,"label":" ","price":6.74},{"type":"B","date":"2018-04-12T02:59:48.000Z","volume":26000,"label":" ","price":6.73},{"type":"A","date":"2018-04-12T03:07:38.000Z","volume":10000,"label":" ","price":6.73},{"type":"A","date":"2018-04-12T03:09:19.000Z","volume":10000,"label":" ","price":6.73},{"type":"B","date":"2018-04-12T03:10:48.000Z","volume":2000,"label":" ","price":6.72},{"type":"B","date":"2018-04-12T03:12:28.000Z","volume":2000,"label":" ","price":6.72},{"type":"B","date":"2018-04-12T03:13:48.000Z","volume":2000,"label":" ","price":6.72},{"type":"B","date":"2018-04-12T03:15:28.000Z","volume":2000,"label":" ","price":6.72},{"type":"B","date":"2018-04-12T03:17:48.000Z","volume":2000,"label":" ","price":6.72},{"type":"B","date":"2018-04-12T03:20:08.000Z","volume":2000,"label":" ","price":6.72},{"type":"B","date":"2018-04-12T03:21:28.000Z","volume":2000,"label":" ","price":6.72},{"type":"A","date":"2018-04-12T03:22:30.000Z","volume":2000,"label":" ","price":6.73},{"type":"B","date":"2018-04-12T03:22:48.000Z","volume":2000,"label":" ","price":6.72},{"type":"B","date":"2018-04-12T03:22:48.000Z","volume":4000,"label":" ","price":6.72},{"type":"B","date":"2018-04-12T03:22:53.000Z","volume":2000,"label":" ","price":6.72},{"type":"B","date":"2018-04-12T03:23:35.000Z","volume":6000,"label":"Y","price":6.72},{"type":"B","date":"2018-04-12T03:23:35.000Z","volume":52000,"label":" ","price":6.72},{"type":"B","date":"2018-04-12T03:23:55.000Z","volume":2000,"label":" ","price":6.71},{"type":"B","date":"2018-04-12T03:24:16.000Z","volume":26000,"label":" ","price":6.71},{"type":"B","date":"2018-04-12T03:29:55.000Z","volume":2000,"label":" ","price":6.7},{"type":"B","date":"2018-04-12T03:31:55.000Z","volume":2000,"label":" ","price":6.7},{"type":"B","date":"2018-04-12T03:33:55.000Z","volume":2000,"label":" ","price":6.7},{"type":"A","date":"2018-04-12T03:34:14.000Z","volume":6000,"label":" ","price":6.71},{"type":"B","date":"2018-04-12T03:35:15.000Z","volume":2000,"label":" ","price":6.7},{"type":"B","date":"2018-04-12T03:36:35.000Z","volume":2000,"label":" ","price":6.7},{"type":"B","date":"2018-04-12T03:37:55.000Z","volume":2000,"label":" ","price":6.7},{"type":"B","date":"2018-04-12T03:39:15.000Z","volume":2000,"label":" ","price":6.7},{"type":"B","date":"2018-04-12T03:40:35.000Z","volume":2000,"label":" ","price":6.7},{"type":"B","date":"2018-04-12T03:41:08.000Z","volume":52000,"label":" ","price":6.7},{"type":"B","date":"2018-04-12T03:41:08.000Z","volume":2000,"label":" ","price":6.69},{"type":"B","date":"2018-04-12T03:41:13.000Z","volume":16000,"label":"Y","price":6.69},{"type":"B","date":"2018-04-12T03:41:13.000Z","volume":6000,"label":" ","price":6.69},{"type":"B","date":"2018-04-12T03:43:11.000Z","volume":14000,"label":" ","price":6.68},{"type":"B","date":"2018-04-12T03:44:55.000Z","volume":2000,"label":" ","price":6.67},{"type":"B","date":"2018-04-12T03:46:35.000Z","volume":2000,"label":" ","price":6.67},{"type":"B","date":"2018-04-12T03:48:35.000Z","volume":2000,"label":" ","price":6.67},{"type":"B","date":"2018-04-12T03:50:15.000Z","volume":2000,"label":" ","price":6.67},{"type":"B","date":"2018-04-12T03:51:55.000Z","volume":2000,"label":" ","price":6.67},{"type":"A","date":"2018-04-12T03:52:54.000Z","volume":2000,"label":" ","price":6.67},{"type":"B","date":"2018-04-12T03:55:35.000Z","volume":2000,"label":" ","price":6.66},{"type":"B","date":"2018-04-12T03:55:55.000Z","volume":8000,"label":" ","price":6.65},{"type":"B","date":"2018-04-12T03:56:55.000Z","volume":2000,"label":" ","price":6.65},{"type":"B","date":"2018-04-12T03:58:15.000Z","volume":2000,"label":" ","price":6.65},{"type":"A","date":"2018-04-12T03:59:02.000Z","volume":2000,"label":" ","price":6.66},{"type":"A","date":"2018-04-12T03:59:26.000Z","volume":2000,"label":" ","price":6.66},{"type":"A","date":"2018-04-12T05:00:03.000Z","volume":2000,"label":" ","price":6.66},{"type":"A","date":"2018-04-12T05:00:09.000Z","volume":10000,"label":" ","price":6.66},{"type":"A","date":"2018-04-12T05:01:06.000Z","volume":2000,"label":" ","price":6.66},{"type":"A","date":"2018-04-12T05:01:20.000Z","volume":8000,"label":" ","price":6.66},{"type":"A","date":"2018-04-12T05:02:08.000Z","volume":2000,"label":" ","price":6.66},{"type":"A","date":"2018-04-12T05:02:08.000Z","volume":104000,"label":" ","price":6.66},{"type":"A","date":"2018-04-12T05:02:08.000Z","volume":22000,"label":" ","price":6.66},{"type":"A","date":"2018-04-12T05:02:08.000Z","volume":2000,"label":" ","price":6.66},{"type":"A","date":"2018-04-12T05:03:49.000Z","volume":4000,"label":" ","price":6.67},{"type":"A","date":"2018-04-12T05:03:49.000Z","volume":6000,"label":" ","price":6.67},{"type":"A","date":"2018-04-12T05:03:49.000Z","volume":6000,"label":"Y","price":6.67},{"type":"A","date":"2018-04-12T05:03:49.000Z","volume":28000,"label":" ","price":6.67},{"type":"A","date":"2018-04-12T05:03:49.000Z","volume":2000,"label":" ","price":6.67},{"type":"A","date":"2018-04-12T05:03:50.000Z","volume":26000,"label":" ","price":6.67},{"type":"B","date":"2018-04-12T05:05:41.000Z","volume":6000,"label":" ","price":6.67},{"type":"B","date":"2018-04-12T05:06:00.000Z","volume":2000,"label":"Y","price":6.67},{"type":"B","date":"2018-04-12T05:10:18.000Z","volume":14000,"label":" ","price":6.66},{"type":"A","date":"2018-04-12T05:11:48.000Z","volume":8000,"label":" ","price":6.66},{"type":"A","date":"2018-04-12T05:13:27.000Z","volume":4000,"label":" ","price":6.66},{"type":"A","date":"2018-04-12T05:15:08.000Z","volume":8000,"label":" ","price":6.66},{"type":"B","date":"2018-04-12T05:16:00.000Z","volume":2000,"label":" ","price":6.65},{"type":"B","date":"2018-04-12T05:17:40.000Z","volume":2000,"label":" ","price":6.65},{"type":"B","date":"2018-04-12T05:19:40.000Z","volume":2000,"label":" ","price":6.65},{"type":"B","date":"2018-04-12T05:21:40.000Z","volume":2000,"label":" ","price":6.65},{"type":"A","date":"2018-04-12T05:22:31.000Z","volume":10000,"label":" ","price":6.66},{"type":"B","date":"2018-04-12T05:22:31.000Z","volume":2000,"label":" ","price":6.65},{"type":"A","date":"2018-04-12T05:22:52.000Z","volume":2000,"label":" ","price":6.66},{"type":"A","date":"2018-04-12T05:23:02.000Z","volume":10000,"label":" ","price":6.66},{"type":"B","date":"2018-04-12T05:23:20.000Z","volume":2000,"label":" ","price":6.65},{"type":"A","date":"2018-04-12T05:27:22.000Z","volume":20000,"label":" ","price":6.66},{"type":"B","date":"2018-04-12T05:32:40.000Z","volume":2000,"label":" ","price":6.65},{"type":"A","date":"2018-04-12T05:32:41.000Z","volume":2000,"label":" ","price":6.66},{"type":"B","date":"2018-04-12T05:35:00.000Z","volume":2000,"label":" ","price":6.65},{"type":"B","date":"2018-04-12T05:36:40.000Z","volume":2000,"label":" ","price":6.65},{"type":"B","date":"2018-04-12T05:38:40.000Z","volume":2000,"label":" ","price":6.65},{"type":"A","date":"2018-04-12T05:38:55.000Z","volume":30000,"label":" ","price":6.66},{"type":"A","date":"2018-04-12T05:39:00.000Z","volume":2000,"label":" ","price":6.66},{"type":"A","date":"2018-04-12T05:42:53.000Z","volume":166000,"label":" ","price":6.66},{"type":"A","date":"2018-04-12T05:42:53.000Z","volume":6000,"label":" ","price":6.66},{"type":"B","date":"2018-04-12T05:42:53.000Z","volume":4000,"label":" ","price":6.66},{"type":"A","date":"2018-04-12T05:44:20.000Z","volume":70000,"label":" ","price":6.67},{"type":"A","date":"2018-04-12T05:44:20.000Z","volume":8000,"label":" ","price":6.67},{"type":"B","date":"2018-04-12T05:44:20.000Z","volume":2000,"label":" ","price":6.67},{"type":"A","date":"2018-04-12T05:47:36.000Z","volume":2000,"label":" ","price":6.68},{"type":"A","date":"2018-04-12T05:53:04.000Z","volume":2000,"label":" ","price":6.68},{"type":"B","date":"2018-04-12T05:54:01.000Z","volume":30000,"label":" ","price":6.67},{"type":"B","date":"2018-04-12T05:54:01.000Z","volume":36000,"label":" ","price":6.67},{"type":"B","date":"2018-04-12T05:54:01.000Z","volume":2000,"label":"Y","price":6.67},{"type":"B","date":"2018-04-12T05:54:01.000Z","volume":14000,"label":" ","price":6.67},{"type":"B","date":"2018-04-12T05:54:01.000Z","volume":6000,"label":" ","price":6.67},{"type":"B","date":"2018-04-12T06:08:00.000Z","volume":2000,"label":" ","price":6.66},{"type":"A","date":"2018-04-12T06:09:40.000Z","volume":2000,"label":"Y","price":6.67},{"type":"B","date":"2018-04-12T06:11:00.000Z","volume":2000,"label":" ","price":6.66},{"type":"B","date":"2018-04-12T06:12:00.000Z","volume":2000,"label":" ","price":6.66},{"type":"A","date":"2018-04-12T06:12:39.000Z","volume":2000,"label":" ","price":6.67},{"type":"B","date":"2018-04-12T06:13:00.000Z","volume":2000,"label":" ","price":6.66},{"type":"B","date":"2018-04-12T06:14:00.000Z","volume":2000,"label":" ","price":6.66},{"type":"B","date":"2018-04-12T06:15:20.000Z","volume":2000,"label":" ","price":6.66},{"type":"A","date":"2018-04-12T06:15:22.000Z","volume":2000,"label":" ","price":6.67},{"type":"B","date":"2018-04-12T06:16:00.000Z","volume":2000,"label":" ","price":6.66},{"type":"B","date":"2018-04-12T06:17:00.000Z","volume":2000,"label":" ","price":6.66},{"type":"B","date":"2018-04-12T06:18:20.000Z","volume":2000,"label":" ","price":6.66},{"type":"B","date":"2018-04-12T06:19:20.000Z","volume":2000,"label":" ","price":6.66},{"type":"B","date":"2018-04-12T06:19:24.000Z","volume":4000,"label":" ","price":6.66},{"type":"A","date":"2018-04-12T06:19:28.000Z","volume":2000,"label":" ","price":6.67},{"type":"B","date":"2018-04-12T06:19:44.000Z","volume":2000,"label":" ","price":6.66},{"type":"A","date":"2018-04-12T06:20:43.000Z","volume":2000,"label":" ","price":6.67},{"type":"B","date":"2018-04-12T06:20:44.000Z","volume":2000,"label":" ","price":6.66},{"type":"B","date":"2018-04-12T06:20:44.000Z","volume":2000,"label":" ","price":6.66},{"type":"B","date":"2018-04-12T06:23:44.000Z","volume":2000,"label":" ","price":6.66},{"type":"A","date":"2018-04-12T06:24:01.000Z","volume":2000,"label":" ","price":6.67},{"type":"B","date":"2018-04-12T06:25:24.000Z","volume":2000,"label":" ","price":6.66},{"type":"A","date":"2018-04-12T06:26:27.000Z","volume":2000,"label":" ","price":6.67},{"type":"B","date":"2018-04-12T06:27:04.000Z","volume":2000,"label":" ","price":6.66},{"type":"B","date":"2018-04-12T06:29:04.000Z","volume":2000,"label":" ","price":6.66},{"type":"A","date":"2018-04-12T06:30:00.000Z","volume":2000,"label":" ","price":6.67},{"type":"B","date":"2018-04-12T06:30:44.000Z","volume":2000,"label":" ","price":6.66},{"type":"B","date":"2018-04-12T06:31:03.000Z","volume":2000,"label":" ","price":6.66},{"type":"B","date":"2018-04-12T06:31:03.000Z","volume":14000,"label":" ","price":6.66},{"type":"B","date":"2018-04-12T06:31:03.000Z","volume":2000,"label":" ","price":6.66},{"type":"B","date":"2018-04-12T06:32:40.000Z","volume":160000,"label":" ","price":6.66},{"type":"B","date":"2018-04-12T06:32:40.000Z","volume":22000,"label":" ","price":6.65},{"type":"A","date":"2018-04-12T06:32:40.000Z","volume":2000,"label":" ","price":6.65},{"type":"B","date":"2018-04-12T06:32:42.000Z","volume":2000,"label":" ","price":6.64},{"type":"U","date":"2018-04-12T06:34:55.000Z","volume":292,"label":"D","price":6.67},{"type":"A","date":"2018-04-12T06:35:53.000Z","volume":332000,"label":" ","price":6.65},{"type":"B","date":"2018-04-12T06:35:53.000Z","volume":12000,"label":" ","price":6.65},{"type":"B","date":"2018-04-12T06:35:53.000Z","volume":56000,"label":" ","price":6.65},{"type":"B","date":"2018-04-12T06:35:53.000Z","volume":6000,"label":" ","price":6.65},{"type":"B","date":"2018-04-12T06:41:21.000Z","volume":2000,"label":" ","price":6.65},{"type":"A","date":"2018-04-12T06:43:29.000Z","volume":6000,"label":"Y","price":6.65},{"type":"A","date":"2018-04-12T06:43:29.000Z","volume":40000,"label":" ","price":6.65},{"type":"A","date":"2018-04-12T06:45:47.000Z","volume":12000,"label":"Y","price":6.65},{"type":"A","date":"2018-04-12T06:45:47.000Z","volume":22000,"label":" ","price":6.65},{"type":"A","date":"2018-04-12T06:46:16.000Z","volume":80000,"label":" ","price":6.65},{"type":"A","date":"2018-04-12T06:46:16.000Z","volume":10000,"label":" ","price":6.65},{"type":"A","date":"2018-04-12T06:48:21.000Z","volume":4000,"label":" ","price":6.66},{"type":"A","date":"2018-04-12T06:49:04.000Z","volume":10000,"label":" ","price":6.66},{"type":"A","date":"2018-04-12T06:49:16.000Z","volume":6000,"label":" ","price":6.66},{"type":"A","date":"2018-04-12T06:50:22.000Z","volume":4000,"label":" ","price":6.66},{"type":"A","date":"2018-04-12T06:50:56.000Z","volume":4000,"label":" ","price":6.66},{"type":"A","date":"2018-04-12T06:51:50.000Z","volume":2000,"label":" ","price":6.66},{"type":"A","date":"2018-04-12T06:56:48.000Z","volume":2000,"label":" ","price":6.66},{"type":"B","date":"2018-04-12T06:57:03.000Z","volume":2000,"label":" ","price":6.65},{"type":"B","date":"2018-04-12T06:58:03.000Z","volume":2000,"label":" ","price":6.65},{"type":"A","date":"2018-04-12T06:59:11.000Z","volume":2000,"label":" ","price":6.66},{"type":"B","date":"2018-04-12T06:59:43.000Z","volume":2000,"label":" ","price":6.65},{"type":"A","date":"2018-04-12T06:59:47.000Z","volume":8000,"label":" ","price":6.66},{"type":"A","date":"2018-04-12T07:04:12.000Z","volume":10000,"label":" ","price":6.66},{"type":"A","date":"2018-04-12T07:05:09.000Z","volume":2000,"label":" ","price":6.66},{"type":"B","date":"2018-04-12T07:06:23.000Z","volume":2000,"label":" ","price":6.65},{"type":"A","date":"2018-04-12T07:06:46.000Z","volume":2000,"label":" ","price":6.66},{"type":"B","date":"2018-04-12T07:07:43.000Z","volume":2000,"label":" ","price":6.65},{"type":"B","date":"2018-04-12T07:09:03.000Z","volume":2000,"label":" ","price":6.65},{"type":"A","date":"2018-04-12T07:09:20.000Z","volume":2000,"label":" ","price":6.66},{"type":"B","date":"2018-04-12T07:10:23.000Z","volume":2000,"label":" ","price":6.65},{"type":"B","date":"2018-04-12T07:11:43.000Z","volume":2000,"label":" ","price":6.65},{"type":"A","date":"2018-04-12T07:12:27.000Z","volume":2000,"label":" ","price":6.66},{"type":"B","date":"2018-04-12T07:12:43.000Z","volume":2000,"label":" ","price":6.65},{"type":"A","date":"2018-04-12T07:13:31.000Z","volume":2000,"label":" ","price":6.66},{"type":"B","date":"2018-04-12T07:14:03.000Z","volume":2000,"label":" ","price":6.65},{"type":"B","date":"2018-04-12T07:15:03.000Z","volume":2000,"label":" ","price":6.65},{"type":"A","date":"2018-04-12T07:16:00.000Z","volume":2000,"label":" ","price":6.66},{"type":"B","date":"2018-04-12T07:16:43.000Z","volume":2000,"label":" ","price":6.65},{"type":"B","date":"2018-04-12T07:18:03.000Z","volume":2000,"label":" ","price":6.65},{"type":"B","date":"2018-04-12T07:19:23.000Z","volume":2000,"label":" ","price":6.65},{"type":"B","date":"2018-04-12T07:20:43.000Z","volume":2000,"label":" ","price":6.65},{"type":"A","date":"2018-04-12T07:21:06.000Z","volume":2000,"label":" ","price":6.66},{"type":"A","date":"2018-04-12T07:21:24.000Z","volume":42000,"label":"Y","price":6.66},{"type":"A","date":"2018-04-12T07:21:24.000Z","volume":58000,"label":" ","price":6.66},{"type":"B","date":"2018-04-12T07:23:03.000Z","volume":2000,"label":" ","price":6.65},{"type":"A","date":"2018-04-12T07:25:22.000Z","volume":2000,"label":" ","price":6.66},{"type":"B","date":"2018-04-12T07:25:23.000Z","volume":4000,"label":" ","price":6.65},{"type":"A","date":"2018-04-12T07:25:48.000Z","volume":10000,"label":" ","price":6.66},{"type":"A","date":"2018-04-12T07:26:17.000Z","volume":6000,"label":" ","price":6.66},{"type":"B","date":"2018-04-12T07:27:03.000Z","volume":4000,"label":" ","price":6.65},{"type":"B","date":"2018-04-12T07:29:03.000Z","volume":4000,"label":" ","price":6.65},{"type":"A","date":"2018-04-12T07:29:08.000Z","volume":2000,"label":" ","price":6.66},{"type":"A","date":"2018-04-12T07:30:05.000Z","volume":2000,"label":" ","price":6.66},{"type":"A","date":"2018-04-12T07:31:19.000Z","volume":8000,"label":"Y","price":6.66},{"type":"A","date":"2018-04-12T07:31:19.000Z","volume":22000,"label":" ","price":6.66},{"type":"B","date":"2018-04-12T07:31:43.000Z","volume":4000,"label":" ","price":6.65},{"type":"A","date":"2018-04-12T07:32:18.000Z","volume":2000,"label":" ","price":6.66},{"type":"A","date":"2018-04-12T07:32:54.000Z","volume":2000,"label":" ","price":6.66},{"type":"A","date":"2018-04-12T07:33:57.000Z","volume":2000,"label":" ","price":6.66},{"type":"A","date":"2018-04-12T07:34:01.000Z","volume":2000,"label":" ","price":6.66},{"type":"A","date":"2018-04-12T07:34:29.000Z","volume":2000,"label":" ","price":6.66},{"type":"A","date":"2018-04-12T07:34:58.000Z","volume":2000,"label":" ","price":6.66},{"type":"B","date":"2018-04-12T07:35:23.000Z","volume":4000,"label":" ","price":6.65},{"type":"B","date":"2018-04-12T07:37:23.000Z","volume":4000,"label":" ","price":6.65},{"type":"A","date":"2018-04-12T07:37:39.000Z","volume":2000,"label":" ","price":6.66},{"type":"A","date":"2018-04-12T07:38:02.000Z","volume":2000,"label":" ","price":6.66},{"type":"A","date":"2018-04-12T07:38:09.000Z","volume":2000,"label":" ","price":6.66},{"type":"A","date":"2018-04-12T07:38:18.000Z","volume":16000,"label":"Y","price":6.66},{"type":"A","date":"2018-04-12T07:38:18.000Z","volume":36000,"label":" ","price":6.66},{"type":"A","date":"2018-04-12T07:38:18.000Z","volume":160000,"label":" ","price":6.66},{"type":"A","date":"2018-04-12T07:38:18.000Z","volume":38000,"label":" ","price":6.66},{"type":"A","date":"2018-04-12T07:38:18.000Z","volume":62000,"label":" ","price":6.66},{"type":"A","date":"2018-04-12T07:38:18.000Z","volume":20000,"label":"Y","price":6.66},{"type":"A","date":"2018-04-12T07:38:18.000Z","volume":20000,"label":" ","price":6.66},{"type":"A","date":"2018-04-12T07:38:22.000Z","volume":2000,"label":" ","price":6.66},{"type":"A","date":"2018-04-12T07:38:30.000Z","volume":82000,"label":" ","price":6.66},{"type":"A","date":"2018-04-12T07:38:30.000Z","volume":2000,"label":" ","price":6.67},{"type":"A","date":"2018-04-12T07:38:45.000Z","volume":30000,"label":" ","price":6.67},{"type":"A","date":"2018-04-12T07:39:02.000Z","volume":2000,"label":" ","price":6.67},{"type":"A","date":"2018-04-12T07:40:02.000Z","volume":20000,"label":" ","price":6.67},{"type":"A","date":"2018-04-12T07:40:02.000Z","volume":4000,"label":" ","price":6.67},{"type":"A","date":"2018-04-12T07:40:21.000Z","volume":2000,"label":" ","price":6.67},{"type":"A","date":"2018-04-12T07:40:51.000Z","volume":2000,"label":" ","price":6.67},{"type":"B","date":"2018-04-12T07:40:51.000Z","volume":6000,"label":" ","price":6.66},{"type":"A","date":"2018-04-12T07:41:16.000Z","volume":2000,"label":" ","price":6.67},{"type":"B","date":"2018-04-12T07:41:24.000Z","volume":6000,"label":" ","price":6.66},{"type":"A","date":"2018-04-12T07:41:29.000Z","volume":14000,"label":" ","price":6.67},{"type":"B","date":"2018-04-12T07:41:40.000Z","volume":4000,"label":" ","price":6.66},{"type":"B","date":"2018-04-12T07:41:49.000Z","volume":6000,"label":" ","price":6.66},{"type":"B","date":"2018-04-12T07:42:10.000Z","volume":6000,"label":" ","price":6.66},{"type":"B","date":"2018-04-12T07:42:29.000Z","volume":6000,"label":" ","price":6.66},{"type":"B","date":"2018-04-12T07:42:49.000Z","volume":6000,"label":" ","price":6.66},{"type":"B","date":"2018-04-12T07:43:11.000Z","volume":6000,"label":" ","price":6.66},{"type":"A","date":"2018-04-12T07:43:15.000Z","volume":2000,"label":" ","price":6.67},{"type":"B","date":"2018-04-12T07:43:30.000Z","volume":6000,"label":" ","price":6.66},{"type":"B","date":"2018-04-12T07:43:53.000Z","volume":6000,"label":" ","price":6.66},{"type":"B","date":"2018-04-12T07:43:54.000Z","volume":2000,"label":" ","price":6.66},{"type":"A","date":"2018-04-12T07:45:45.000Z","volume":2000,"label":" ","price":6.67},{"type":"A","date":"2018-04-12T07:46:50.000Z","volume":6000,"label":" ","price":6.67},{"type":"A","date":"2018-04-12T07:47:38.000Z","volume":8000,"label":" ","price":6.67},{"type":"A","date":"2018-04-12T07:51:35.000Z","volume":2000,"label":" ","price":6.67},{"type":"B","date":"2018-04-12T07:53:13.000Z","volume":50000,"label":" ","price":6.66},{"type":"B","date":"2018-04-12T07:53:19.000Z","volume":20000,"label":" ","price":6.66},{"type":"A","date":"2018-04-12T07:56:50.000Z","volume":2000,"label":" ","price":6.66},{"type":"A","date":"2018-04-12T07:56:58.000Z","volume":2000,"label":" ","price":6.66},{"type":"A","date":"2018-04-12T07:57:58.000Z","volume":2000,"label":" ","price":6.66},{"type":"A","date":"2018-04-12T07:59:02.000Z","volume":2000,"label":" ","price":6.66},{"type":"A","date":"2018-04-12T07:59:02.000Z","volume":2000,"label":" ","price":6.66},{"type":"A","date":"2018-04-12T07:59:03.000Z","volume":4000,"label":" ","price":6.66},{"type":"A","date":"2018-04-12T07:59:03.000Z","volume":2000,"label":" ","price":6.66},{"type":"A","date":"2018-04-12T07:59:03.000Z","volume":2000,"label":" ","price":6.66},{"type":"A","date":"2018-04-12T07:59:06.000Z","volume":2000,"label":" ","price":6.66},{"type":"A","date":"2018-04-12T07:59:09.000Z","volume":4000,"label":" ","price":6.66},{"type":"A","date":"2018-04-12T07:59:24.000Z","volume":4000,"label":" ","price":6.66},{"type":"A","date":"2018-04-12T07:59:30.000Z","volume":106000,"label":" ","price":6.66},{"type":"B","date":"2018-04-12T07:59:30.000Z","volume":54000,"label":" ","price":6.65},{"type":"A","date":"2018-04-12T07:59:37.000Z","volume":2000,"label":" ","price":6.67},{"type":"A","date":"2018-04-12T07:59:50.000Z","volume":2000,"label":" ","price":6.67},{"type":"U","date":"2018-04-12T08:08:38.000Z","volume":196000,"label":"U","price":6.66}]