[{"type":"A","date":"2018-03-15T06:59:38.000Z","volume":1398000,"price":0.059,"category":"ubbull"},{"type":"A","date":"2018-03-15T06:59:24.000Z","volume":1214000,"price":0.059,"category":"ubbull"},{"type":"A","date":"2018-03-15T06:59:20.000Z","volume":1014000,"price":0.059,"category":"ubbull"},{"type":"A","date":"2018-03-15T06:51:30.000Z","volume":1800000,"price":0.059,"category":"ubbull"},{"type":"A","date":"2018-03-15T05:55:22.000Z","volume":1500000,"price":0.059,"category":"ubbull"},{"type":"A","date":"2018-03-15T05:54:44.000Z","volume":924000,"price":0.059,"category":"ubbull"},{"type":"A","date":"2018-03-15T03:29:26.000Z","volume":750000,"price":0.06,"category":"ubbull"},{"type":"A","date":"2018-03-15T06:07:12.000Z","volume":126000,"price":0.059,"category":"bbull"},{"type":"A","date":"2018-03-15T05:54:48.000Z","volume":352000,"price":0.06,"category":"bbull"},{"type":"A","date":"2018-03-15T05:05:20.000Z","volume":396000,"price":0.06,"category":"bbull"},{"type":"A","date":"2018-03-15T03:25:24.000Z","volume":430000,"price":0.06,"category":"bbull"},{"type":"A","date":"2018-03-15T01:44:39.000Z","volume":378000,"price":0.06,"category":"bbull"},{"type":"A","date":"2018-03-15T01:44:35.000Z","volume":692000,"price":0.059,"category":"bbull"},{"type":"A","date":"2018-03-15T01:44:35.000Z","volume":308000,"price":0.059,"category":"bbull"},{"type":"A","date":"2018-03-15T01:38:10.000Z","volume":460000,"price":0.059,"category":"bbull"},{"type":"A","date":"2018-03-15T07:59:01.000Z","volume":2000,"price":0.059,"category":"rbull"},{"type":"A","date":"2018-03-15T07:57:23.000Z","volume":2000,"price":0.059,"category":"rbull"},{"type":"A","date":"2018-03-15T07:57:00.000Z","volume":2000,"price":0.059,"category":"rbull"},{"type":"A","date":"2018-03-15T07:45:30.000Z","volume":4000,"price":0.059,"category":"rbull"},{"type":"A","date":"2018-03-15T07:40:03.000Z","volume":4000,"price":0.059,"category":"rbull"},{"type":"A","date":"2018-03-15T07:14:33.000Z","volume":2000,"price":0.059,"category":"rbull"},{"type":"A","date":"2018-03-15T07:06:07.000Z","volume":2000,"price":0.059,"category":"rbull"},{"type":"A","date":"2018-03-15T06:52:20.000Z","volume":2000,"price":0.059,"category":"rbull"},{"type":"A","date":"2018-03-15T06:37:41.000Z","volume":2000,"price":0.059,"category":"rbull"},{"type":"A","date":"2018-03-15T06:27:09.000Z","volume":2000,"price":0.059,"category":"rbull"},{"type":"A","date":"2018-03-15T05:25:26.000Z","volume":2000,"price":0.06,"category":"rbull"},{"type":"A","date":"2018-03-15T05:24:14.000Z","volume":4000,"price":0.06,"category":"rbull"},{"type":"A","date":"2018-03-15T05:13:32.000Z","volume":4000,"price":0.06,"category":"rbull"},{"type":"A","date":"2018-03-15T03:59:33.000Z","volume":2000,"price":0.06,"category":"rbull"},{"type":"A","date":"2018-03-15T03:59:30.000Z","volume":2000,"price":0.06,"category":"rbull"},{"type":"A","date":"2018-03-15T03:50:30.000Z","volume":2000,"price":0.06,"category":"rbull"},{"type":"A","date":"2018-03-15T03:50:00.000Z","volume":4000,"price":0.06,"category":"rbull"},{"type":"A","date":"2018-03-15T03:49:30.000Z","volume":2000,"price":0.06,"category":"rbull"},{"type":"A","date":"2018-03-15T03:49:00.000Z","volume":4000,"price":0.06,"category":"rbull"},{"type":"A","date":"2018-03-15T03:48:30.000Z","volume":2000,"price":0.06,"category":"rbull"},{"type":"A","date":"2018-03-15T03:45:20.000Z","volume":2000,"price":0.06,"category":"rbull"},{"type":"A","date":"2018-03-15T03:38:23.000Z","volume":2000,"price":0.06,"category":"rbull"},{"type":"A","date":"2018-03-15T03:37:22.000Z","volume":2000,"price":0.06,"category":"rbull"},{"type":"A","date":"2018-03-15T03:35:19.000Z","volume":2000,"price":0.06,"category":"rbull"},{"type":"A","date":"2018-03-15T03:25:25.000Z","volume":4000,"price":0.06,"category":"rbull"},{"type":"A","date":"2018-03-15T03:20:44.000Z","volume":2000,"price":0.06,"category":"rbull"},{"type":"A","date":"2018-03-15T03:20:10.000Z","volume":2000,"price":0.06,"category":"rbull"},{"type":"A","date":"2018-03-15T03:01:58.000Z","volume":2000,"price":0.06,"category":"rbull"},{"type":"A","date":"2018-03-15T03:01:23.000Z","volume":2000,"price":0.06,"category":"rbull"},{"type":"A","date":"2018-03-15T02:51:29.000Z","volume":2000,"price":0.06,"category":"rbull"},{"type":"A","date":"2018-03-15T02:21:24.000Z","volume":2000,"price":0.06,"category":"rbull"},{"type":"A","date":"2018-03-15T02:18:49.000Z","volume":2000,"price":0.06,"category":"rbull"},{"type":"A","date":"2018-03-15T01:59:11.000Z","volume":2000,"price":0.06,"category":"rbull"},{"type":"A","date":"2018-03-15T01:51:02.000Z","volume":6000,"price":0.06,"category":"rbull"},{"type":"B","date":"2018-03-15T07:57:25.000Z","volume":4000,"price":0.058,"category":"rbear"},{"type":"B","date":"2018-03-15T07:41:25.000Z","volume":6000,"price":0.058,"category":"rbear"},{"type":"B","date":"2018-03-15T07:05:23.000Z","volume":2000,"price":0.058,"category":"rbear"},{"type":"B","date":"2018-03-15T05:50:32.000Z","volume":6000,"price":0.058,"category":"rbear"},{"type":"B","date":"2018-03-15T05:29:55.000Z","volume":6000,"price":0.059,"category":"rbear"},{"type":"B","date":"2018-03-15T03:41:49.000Z","volume":6000,"price":0.059,"category":"rbear"},{"type":"B","date":"2018-03-15T02:50:26.000Z","volume":2000,"price":0.059,"category":"rbear"},{"type":"B","date":"2018-03-15T02:40:18.000Z","volume":4000,"price":0.059,"category":"rbear"},{"type":"B","date":"2018-03-15T02:35:18.000Z","volume":2000,"price":0.059,"category":"rbear"},{"type":"B","date":"2018-03-15T07:57:54.000Z","volume":140000,"price":0.058,"category":"bbear"},{"type":"B","date":"2018-03-15T07:50:49.000Z","volume":140000,"price":0.058,"category":"bbear"},{"type":"B","date":"2018-03-15T07:35:01.000Z","volume":140000,"price":0.058,"category":"bbear"},{"type":"B","date":"2018-03-15T07:12:26.000Z","volume":140000,"price":0.058,"category":"bbear"},{"type":"B","date":"2018-03-15T06:46:25.000Z","volume":140000,"price":0.058,"category":"bbear"},{"type":"B","date":"2018-03-15T06:29:37.000Z","volume":140000,"price":0.058,"category":"bbear"},{"type":"B","date":"2018-03-15T06:01:09.000Z","volume":156000,"price":0.058,"category":"bbear"},{"type":"B","date":"2018-03-15T05:58:54.000Z","volume":282000,"price":0.058,"category":"bbear"},{"type":"B","date":"2018-03-15T05:25:21.000Z","volume":144000,"price":0.059,"category":"bbear"},{"type":"B","date":"2018-03-15T05:15:28.000Z","volume":200000,"price":0.059,"category":"bbear"},{"type":"B","date":"2018-03-15T05:15:02.000Z","volume":140000,"price":0.059,"category":"bbear"},{"type":"B","date":"2018-03-15T05:10:26.000Z","volume":124000,"price":0.059,"category":"bbear"},{"type":"B","date":"2018-03-15T05:08:25.000Z","volume":338000,"price":0.059,"category":"bbear"},{"type":"B","date":"2018-03-15T03:59:29.000Z","volume":156000,"price":0.059,"category":"bbear"},{"type":"B","date":"2018-03-15T03:55:23.000Z","volume":130000,"price":0.059,"category":"bbear"},{"type":"B","date":"2018-03-15T03:50:26.000Z","volume":112000,"price":0.059,"category":"bbear"},{"type":"B","date":"2018-03-15T03:45:18.000Z","volume":176000,"price":0.059,"category":"bbear"},{"type":"B","date":"2018-03-15T03:40:21.000Z","volume":114000,"price":0.059,"category":"bbear"},{"type":"B","date":"2018-03-15T03:38:19.000Z","volume":190000,"price":0.059,"category":"bbear"},{"type":"B","date":"2018-03-15T03:37:20.000Z","volume":140000,"price":0.059,"category":"bbear"},{"type":"B","date":"2018-03-15T03:20:07.000Z","volume":140000,"price":0.059,"category":"bbear"},{"type":"B","date":"2018-03-15T03:01:20.000Z","volume":140000,"price":0.059,"category":"bbear"},{"type":"B","date":"2018-03-15T02:51:24.000Z","volume":140000,"price":0.059,"category":"bbear"},{"type":"B","date":"2018-03-15T01:58:08.000Z","volume":150000,"price":0.059,"category":"bbear"},{"type":"B","date":"2018-03-15T01:37:00.000Z","volume":140000,"price":0.058,"category":"bbear"},{"type":"B","date":"2018-03-15T06:59:38.000Z","volume":6000000,"price":0.058,"category":"ubbear"},{"type":"B","date":"2018-03-15T06:59:20.000Z","volume":6000000,"price":0.058,"category":"ubbear"},{"type":"B","date":"2018-03-15T05:55:22.000Z","volume":6000000,"price":0.058,"category":"ubbear"},{"type":"B","date":"2018-03-15T05:54:44.000Z","volume":6000000,"price":0.058,"category":"ubbear"},{"type":"B","date":"2018-03-15T05:05:20.000Z","volume":2500000,"price":0.059,"category":"ubbear"},{"type":"B","date":"2018-03-15T03:29:26.000Z","volume":3000000,"price":0.059,"category":"ubbear"}]