[{"type":"U","date":"2018-03-22T01:20:00.000Z","volume":30000,"label":"U","price":1.8},{"type":"A","date":"2018-03-22T01:33:27.000Z","volume":2000,"label":" ","price":1.85},{"type":"A","date":"2018-03-22T01:49:58.000Z","volume":2000,"label":" ","price":1.86},{"type":"B","date":"2018-03-22T01:59:59.000Z","volume":100000,"label":" ","price":1.84},{"type":"B","date":"2018-03-22T02:00:00.000Z","volume":18000,"label":" ","price":1.84},{"type":"B","date":"2018-03-22T02:00:06.000Z","volume":4000,"label":" ","price":1.84},{"type":"A","date":"2018-03-22T02:00:06.000Z","volume":4000,"label":" ","price":1.85},{"type":"B","date":"2018-03-22T02:00:16.000Z","volume":6000,"label":" ","price":1.84},{"type":"B","date":"2018-03-22T02:00:22.000Z","volume":2000,"label":" ","price":1.84},{"type":"A","date":"2018-03-22T02:05:44.000Z","volume":2000,"label":" ","price":1.85},{"type":"A","date":"2018-03-22T02:06:30.000Z","volume":10000,"label":" ","price":1.85},{"type":"A","date":"2018-03-22T02:06:30.000Z","volume":2000,"label":" ","price":1.86},{"type":"A","date":"2018-03-22T02:09:39.000Z","volume":6000,"label":" ","price":1.85},{"type":"A","date":"2018-03-22T02:09:39.000Z","volume":14000,"label":" ","price":1.86},{"type":"B","date":"2018-03-22T02:10:32.000Z","volume":2000,"label":" ","price":1.85},{"type":"B","date":"2018-03-22T02:10:32.000Z","volume":2000,"label":"Y","price":1.85},{"type":"A","date":"2018-03-22T02:19:02.000Z","volume":30000,"label":" ","price":1.86},{"type":"A","date":"2018-03-22T02:19:02.000Z","volume":20000,"label":" ","price":1.87},{"type":"B","date":"2018-03-22T02:19:06.000Z","volume":2000,"label":"Y","price":1.83},{"type":"B","date":"2018-03-22T02:35:44.000Z","volume":14000,"label":" ","price":1.84},{"type":"A","date":"2018-03-22T02:44:41.000Z","volume":2000,"label":" ","price":1.86},{"type":"B","date":"2018-03-22T02:48:44.000Z","volume":4000,"label":" ","price":1.83},{"type":"B","date":"2018-03-22T02:48:44.000Z","volume":2000,"label":" ","price":1.83},{"type":"B","date":"2018-03-22T03:23:12.000Z","volume":4000,"label":" ","price":1.81},{"type":"U","date":"2018-03-22T03:23:23.000Z","volume":2000,"label":" ","price":1.82},{"type":"B","date":"2018-03-22T03:23:38.000Z","volume":2000,"label":"Y","price":1.81},{"type":"A","date":"2018-03-22T05:00:01.000Z","volume":4000,"label":" ","price":1.83},{"type":"A","date":"2018-03-22T05:10:14.000Z","volume":2000,"label":" ","price":1.85},{"type":"A","date":"2018-03-22T05:26:08.000Z","volume":6000,"label":" ","price":1.85},{"type":"A","date":"2018-03-22T06:16:01.000Z","volume":16000,"label":" ","price":1.85},{"type":"A","date":"2018-03-22T06:16:46.000Z","volume":4000,"label":" ","price":1.85},{"type":"A","date":"2018-03-22T06:17:19.000Z","volume":2000,"label":"Y","price":1.85},{"type":"U","date":"2018-03-22T06:26:50.000Z","volume":600,"label":"D","price":1.75},{"type":"B","date":"2018-03-22T06:41:26.000Z","volume":12000,"label":" ","price":1.84},{"type":"A","date":"2018-03-22T06:42:09.000Z","volume":2000,"label":" ","price":1.84},{"type":"U","date":"2018-03-22T06:46:20.000Z","volume":600,"label":"D","price":1.79},{"type":"A","date":"2018-03-22T06:48:39.000Z","volume":2000,"label":" ","price":1.85},{"type":"U","date":"2018-03-22T06:57:31.000Z","volume":10000,"label":" ","price":1.84},{"type":"U","date":"2018-03-22T06:57:35.000Z","volume":10000,"label":" ","price":1.84},{"type":"B","date":"2018-03-22T06:57:44.000Z","volume":2000,"label":" ","price":1.83},{"type":"A","date":"2018-03-22T07:23:18.000Z","volume":2000,"label":" ","price":1.85},{"type":"A","date":"2018-03-22T07:24:03.000Z","volume":2000,"label":" ","price":1.85},{"type":"B","date":"2018-03-22T07:36:38.000Z","volume":26000,"label":" ","price":1.83},{"type":"B","date":"2018-03-22T07:41:15.000Z","volume":2000,"label":" ","price":1.82},{"type":"A","date":"2018-03-22T07:44:19.000Z","volume":2000,"label":" ","price":1.83},{"type":"A","date":"2018-03-22T07:50:24.000Z","volume":30000,"label":" ","price":1.83},{"type":"A","date":"2018-03-22T07:50:24.000Z","volume":6000,"label":" ","price":1.83},{"type":"B","date":"2018-03-22T07:52:40.000Z","volume":2000,"label":" ","price":1.82},{"type":"A","date":"2018-03-22T07:55:45.000Z","volume":6000,"label":" ","price":1.83},{"type":"B","date":"2018-03-22T07:55:54.000Z","volume":20000,"label":" ","price":1.82},{"type":"B","date":"2018-03-22T07:56:00.000Z","volume":50000,"label":" ","price":1.82},{"type":"A","date":"2018-03-22T07:56:00.000Z","volume":10000,"label":" ","price":1.83},{"type":"B","date":"2018-03-22T07:59:10.000Z","volume":2000,"label":" ","price":1.82},{"type":"B","date":"2018-03-22T07:59:11.000Z","volume":2000,"label":" ","price":1.82}]