[{"type":"B","date":"2018-04-16T01:35:54.000Z","volume":30000,"label":" ","price":0.365},{"type":"B","date":"2018-04-16T01:44:28.000Z","volume":500000,"label":" ","price":0.365},{"type":"B","date":"2018-04-16T01:44:30.000Z","volume":38000,"label":" ","price":0.365},{"type":"B","date":"2018-04-16T01:57:04.000Z","volume":32000,"label":" ","price":0.365},{"type":"A","date":"2018-04-16T02:01:02.000Z","volume":200000,"label":" ","price":0.365},{"type":"B","date":"2018-04-16T02:03:07.000Z","volume":100000,"label":" ","price":0.365},{"type":"B","date":"2018-04-16T02:24:16.000Z","volume":20000,"label":" ","price":0.365},{"type":"B","date":"2018-04-16T02:30:56.000Z","volume":20000,"label":" ","price":0.365},{"type":"B","date":"2018-04-16T02:46:46.000Z","volume":262000,"label":" ","price":0.365},{"type":"B","date":"2018-04-16T02:47:06.000Z","volume":18000,"label":" ","price":0.365},{"type":"B","date":"2018-04-16T02:51:37.000Z","volume":10000,"label":" ","price":0.365},{"type":"B","date":"2018-04-16T02:54:14.000Z","volume":30000,"label":" ","price":0.365},{"type":"B","date":"2018-04-16T02:57:41.000Z","volume":10000,"label":" ","price":0.365},{"type":"B","date":"2018-04-16T02:57:58.000Z","volume":100000,"label":" ","price":0.365},{"type":"B","date":"2018-04-16T03:36:49.000Z","volume":30000,"label":" ","price":0.365},{"type":"B","date":"2018-04-16T05:07:11.000Z","volume":30000,"label":" ","price":0.365},{"type":"B","date":"2018-04-16T05:12:52.000Z","volume":150000,"label":" ","price":0.365},{"type":"B","date":"2018-04-16T05:12:52.000Z","volume":698000,"label":" ","price":0.36},{"type":"A","date":"2018-04-16T05:53:44.000Z","volume":300000,"label":" ","price":0.365},{"type":"B","date":"2018-04-16T05:54:20.000Z","volume":2000,"label":" ","price":0.365},{"type":"A","date":"2018-04-16T06:17:13.000Z","volume":2000,"label":" ","price":0.37},{"type":"B","date":"2018-04-16T06:23:43.000Z","volume":150000,"label":" ","price":0.365},{"type":"B","date":"2018-04-16T06:24:40.000Z","volume":148000,"label":" ","price":0.365},{"type":"A","date":"2018-04-16T06:24:45.000Z","volume":16000,"label":" ","price":0.365},{"type":"A","date":"2018-04-16T06:24:45.000Z","volume":8000,"label":" ","price":0.365},{"type":"A","date":"2018-04-16T06:50:17.000Z","volume":100000,"label":" ","price":0.37},{"type":"B","date":"2018-04-16T07:35:51.000Z","volume":60000,"label":" ","price":0.365}]