[{"type":"U","date":"2018-04-03T01:20:00.000Z","volume":380000,"label":"U","price":0.13},{"type":"A","date":"2018-04-03T01:30:04.000Z","volume":16000,"label":" ","price":0.13},{"type":"B","date":"2018-04-03T01:36:25.000Z","volume":50000,"label":" ","price":0.128},{"type":"A","date":"2018-04-03T01:39:43.000Z","volume":50000,"label":" ","price":0.128},{"type":"A","date":"2018-04-03T01:39:43.000Z","volume":34000,"label":" ","price":0.129},{"type":"A","date":"2018-04-03T01:39:43.000Z","volume":76000,"label":" ","price":0.13},{"type":"B","date":"2018-04-03T01:42:25.000Z","volume":50000,"label":" ","price":0.128},{"type":"A","date":"2018-04-03T01:45:26.000Z","volume":30000,"label":" ","price":0.128},{"type":"A","date":"2018-04-03T01:47:13.000Z","volume":26000,"label":" ","price":0.128},{"type":"A","date":"2018-04-03T01:48:46.000Z","volume":94000,"label":" ","price":0.128},{"type":"A","date":"2018-04-03T01:53:13.000Z","volume":900000,"label":" ","price":0.13},{"type":"A","date":"2018-04-03T01:59:12.000Z","volume":2000,"label":" ","price":0.13},{"type":"A","date":"2018-04-03T02:01:38.000Z","volume":10000,"label":" ","price":0.13},{"type":"A","date":"2018-04-03T02:01:43.000Z","volume":2000,"label":" ","price":0.13},{"type":"A","date":"2018-04-03T02:04:13.000Z","volume":2000,"label":" ","price":0.13},{"type":"A","date":"2018-04-03T02:06:43.000Z","volume":2000,"label":" ","price":0.13},{"type":"A","date":"2018-04-03T02:09:13.000Z","volume":2000,"label":" ","price":0.13},{"type":"A","date":"2018-04-03T02:12:08.000Z","volume":126000,"label":" ","price":0.13},{"type":"A","date":"2018-04-03T02:12:13.000Z","volume":2000,"label":" ","price":0.132},{"type":"A","date":"2018-04-03T02:13:17.000Z","volume":40000,"label":" ","price":0.132},{"type":"A","date":"2018-04-03T02:13:41.000Z","volume":310000,"label":" ","price":0.132},{"type":"A","date":"2018-04-03T02:13:41.000Z","volume":70000,"label":" ","price":0.135},{"type":"A","date":"2018-04-03T02:14:43.000Z","volume":2000,"label":" ","price":0.135},{"type":"A","date":"2018-04-03T02:15:30.000Z","volume":100000,"label":" ","price":0.135},{"type":"A","date":"2018-04-03T02:17:43.000Z","volume":2000,"label":" ","price":0.135},{"type":"A","date":"2018-04-03T02:19:30.000Z","volume":40000,"label":" ","price":0.135},{"type":"A","date":"2018-04-03T02:20:20.000Z","volume":628000,"label":" ","price":0.135},{"type":"A","date":"2018-04-03T02:20:43.000Z","volume":2000,"label":" ","price":0.135},{"type":"A","date":"2018-04-03T02:22:38.000Z","volume":20000,"label":" ","price":0.135},{"type":"A","date":"2018-04-03T02:23:13.000Z","volume":2000,"label":" ","price":0.135},{"type":"A","date":"2018-04-03T02:24:57.000Z","volume":188000,"label":" ","price":0.133},{"type":"A","date":"2018-04-03T02:26:43.000Z","volume":2000,"label":" ","price":0.133},{"type":"B","date":"2018-04-03T02:28:27.000Z","volume":32000,"label":" ","price":0.132},{"type":"B","date":"2018-04-03T02:30:24.000Z","volume":2000,"label":" ","price":0.131},{"type":"A","date":"2018-04-03T02:30:44.000Z","volume":152000,"label":" ","price":0.132},{"type":"A","date":"2018-04-03T02:38:03.000Z","volume":50000,"label":" ","price":0.131},{"type":"A","date":"2018-04-03T02:38:21.000Z","volume":100000,"label":" ","price":0.131},{"type":"A","date":"2018-04-03T02:38:51.000Z","volume":100000,"label":" ","price":0.131},{"type":"A","date":"2018-04-03T02:39:04.000Z","volume":50000,"label":" ","price":0.131},{"type":"A","date":"2018-04-03T02:39:13.000Z","volume":50000,"label":" ","price":0.131},{"type":"A","date":"2018-04-03T02:39:51.000Z","volume":100000,"label":" ","price":0.131},{"type":"A","date":"2018-04-03T02:40:39.000Z","volume":1050000,"label":" ","price":0.131},{"type":"A","date":"2018-04-03T02:45:44.000Z","volume":2000,"label":" ","price":0.132},{"type":"A","date":"2018-04-03T02:50:14.000Z","volume":4000,"label":" ","price":0.132},{"type":"A","date":"2018-04-03T02:50:15.000Z","volume":100000,"label":" ","price":0.132},{"type":"A","date":"2018-04-03T02:51:58.000Z","volume":6000,"label":" ","price":0.132},{"type":"B","date":"2018-04-03T03:03:10.000Z","volume":484000,"label":" ","price":0.131},{"type":"A","date":"2018-04-03T03:06:45.000Z","volume":2000,"label":" ","price":0.131},{"type":"A","date":"2018-04-03T03:09:45.000Z","volume":2000,"label":" ","price":0.131},{"type":"A","date":"2018-04-03T03:10:56.000Z","volume":50000,"label":" ","price":0.131},{"type":"A","date":"2018-04-03T03:23:55.000Z","volume":20000,"label":" ","price":0.131},{"type":"A","date":"2018-04-03T03:40:17.000Z","volume":432000,"label":" ","price":0.131},{"type":"A","date":"2018-04-03T03:40:45.000Z","volume":4000,"label":" ","price":0.132},{"type":"B","date":"2018-04-03T03:49:13.000Z","volume":1488000,"label":"Y","price":0.131},{"type":"B","date":"2018-04-03T03:49:13.000Z","volume":512000,"label":" ","price":0.131},{"type":"B","date":"2018-04-03T03:49:13.000Z","volume":84000,"label":" ","price":0.131},{"type":"A","date":"2018-04-03T03:49:16.000Z","volume":14000,"label":" ","price":0.132},{"type":"A","date":"2018-04-03T03:50:16.000Z","volume":2000,"label":" ","price":0.132},{"type":"A","date":"2018-04-03T03:52:46.000Z","volume":2000,"label":" ","price":0.132},{"type":"A","date":"2018-04-03T03:53:16.000Z","volume":2000,"label":" ","price":0.132},{"type":"A","date":"2018-04-03T03:53:46.000Z","volume":2000,"label":" ","price":0.132},{"type":"B","date":"2018-04-03T05:06:01.000Z","volume":914000,"label":" ","price":0.13},{"type":"A","date":"2018-04-03T05:06:05.000Z","volume":2000,"label":" ","price":0.13},{"type":"A","date":"2018-04-03T05:12:06.000Z","volume":2000,"label":" ","price":0.13},{"type":"A","date":"2018-04-03T05:18:36.000Z","volume":2000,"label":" ","price":0.13},{"type":"A","date":"2018-04-03T05:25:06.000Z","volume":2000,"label":" ","price":0.13},{"type":"A","date":"2018-04-03T05:38:49.000Z","volume":50000,"label":" ","price":0.13},{"type":"A","date":"2018-04-03T05:52:38.000Z","volume":2000,"label":" ","price":0.13},{"type":"A","date":"2018-04-03T06:43:30.000Z","volume":510000,"label":" ","price":0.13},{"type":"A","date":"2018-04-03T06:55:21.000Z","volume":80000,"label":" ","price":0.13},{"type":"A","date":"2018-04-03T06:55:41.000Z","volume":4000,"label":" ","price":0.13},{"type":"A","date":"2018-04-03T07:20:42.000Z","volume":2000,"label":" ","price":0.13},{"type":"A","date":"2018-04-03T07:44:43.000Z","volume":30000,"label":" ","price":0.13},{"type":"B","date":"2018-04-03T07:59:44.000Z","volume":970000,"label":"Y","price":0.13},{"type":"A","date":"2018-04-03T07:59:55.000Z","volume":8000,"label":"Y","price":0.13}]