[{"type":"U","date":"2018-04-11T01:20:00.000Z","volume":2000,"label":"U","price":6.9},{"type":"A","date":"2018-04-11T01:30:17.000Z","volume":2000,"label":" ","price":6.9},{"type":"A","date":"2018-04-11T01:30:19.000Z","volume":4000,"label":" ","price":6.9},{"type":"B","date":"2018-04-11T01:31:19.000Z","volume":8000,"label":" ","price":6.89},{"type":"B","date":"2018-04-11T01:34:40.000Z","volume":12000,"label":" ","price":6.89},{"type":"B","date":"2018-04-11T01:34:40.000Z","volume":2000,"label":" ","price":6.89},{"type":"B","date":"2018-04-11T01:34:56.000Z","volume":20000,"label":" ","price":6.89},{"type":"B","date":"2018-04-11T01:34:56.000Z","volume":2000,"label":" ","price":6.89},{"type":"B","date":"2018-04-11T01:35:00.000Z","volume":2000,"label":" ","price":6.88},{"type":"U","date":"2018-04-11T01:35:28.000Z","volume":516,"label":"D","price":6.89},{"type":"B","date":"2018-04-11T01:35:40.000Z","volume":4000,"label":" ","price":6.88},{"type":"B","date":"2018-04-11T01:35:41.000Z","volume":2000,"label":" ","price":6.88},{"type":"B","date":"2018-04-11T01:40:19.000Z","volume":2000,"label":" ","price":6.88},{"type":"B","date":"2018-04-11T01:40:19.000Z","volume":16000,"label":" ","price":6.88},{"type":"B","date":"2018-04-11T01:40:28.000Z","volume":10000,"label":" ","price":6.87},{"type":"B","date":"2018-04-11T01:40:30.000Z","volume":2000,"label":" ","price":6.87},{"type":"A","date":"2018-04-11T01:40:42.000Z","volume":2000,"label":" ","price":6.88},{"type":"B","date":"2018-04-11T01:40:43.000Z","volume":2000,"label":" ","price":6.87},{"type":"A","date":"2018-04-11T01:41:42.000Z","volume":2000,"label":" ","price":6.88},{"type":"A","date":"2018-04-11T01:48:25.000Z","volume":2000,"label":" ","price":6.88},{"type":"A","date":"2018-04-11T01:48:44.000Z","volume":2000,"label":" ","price":6.88},{"type":"A","date":"2018-04-11T01:48:48.000Z","volume":2000,"label":" ","price":6.88},{"type":"U","date":"2018-04-11T01:48:56.000Z","volume":1852,"label":"D","price":6.88},{"type":"B","date":"2018-04-11T01:49:12.000Z","volume":10000,"label":" ","price":6.87},{"type":"B","date":"2018-04-11T01:49:12.000Z","volume":4000,"label":" ","price":6.87},{"type":"B","date":"2018-04-11T01:49:36.000Z","volume":12000,"label":" ","price":6.87},{"type":"A","date":"2018-04-11T01:49:36.000Z","volume":6000,"label":" ","price":6.87},{"type":"B","date":"2018-04-11T01:49:44.000Z","volume":2000,"label":" ","price":6.86},{"type":"B","date":"2018-04-11T01:50:28.000Z","volume":2000,"label":" ","price":6.84},{"type":"A","date":"2018-04-11T01:50:29.000Z","volume":2000,"label":"Y","price":6.84},{"type":"A","date":"2018-04-11T01:50:29.000Z","volume":30000,"label":" ","price":6.84},{"type":"A","date":"2018-04-11T01:54:02.000Z","volume":2000,"label":" ","price":6.84},{"type":"A","date":"2018-04-11T01:56:30.000Z","volume":4000,"label":" ","price":6.84},{"type":"A","date":"2018-04-11T02:00:02.000Z","volume":2000,"label":" ","price":6.84},{"type":"A","date":"2018-04-11T02:01:21.000Z","volume":4000,"label":" ","price":6.84},{"type":"A","date":"2018-04-11T02:01:58.000Z","volume":2000,"label":" ","price":6.84},{"type":"A","date":"2018-04-11T02:02:29.000Z","volume":34000,"label":" ","price":6.84},{"type":"A","date":"2018-04-11T02:02:29.000Z","volume":2000,"label":" ","price":6.84},{"type":"A","date":"2018-04-11T02:04:59.000Z","volume":4000,"label":" ","price":6.84},{"type":"A","date":"2018-04-11T02:04:59.000Z","volume":2000,"label":" ","price":6.84},{"type":"A","date":"2018-04-11T02:05:52.000Z","volume":2000,"label":" ","price":6.84},{"type":"B","date":"2018-04-11T02:07:37.000Z","volume":4000,"label":" ","price":6.83},{"type":"B","date":"2018-04-11T02:07:37.000Z","volume":2000,"label":" ","price":6.83},{"type":"A","date":"2018-04-11T02:09:57.000Z","volume":4000,"label":" ","price":6.84},{"type":"B","date":"2018-04-11T02:09:57.000Z","volume":2000,"label":" ","price":6.83},{"type":"B","date":"2018-04-11T02:11:56.000Z","volume":4000,"label":" ","price":6.83},{"type":"A","date":"2018-04-11T02:13:06.000Z","volume":2000,"label":" ","price":6.84},{"type":"B","date":"2018-04-11T02:13:06.000Z","volume":2000,"label":" ","price":6.83},{"type":"A","date":"2018-04-11T02:17:05.000Z","volume":2000,"label":" ","price":6.84},{"type":"A","date":"2018-04-11T02:17:06.000Z","volume":2000,"label":" ","price":6.84},{"type":"A","date":"2018-04-11T02:19:12.000Z","volume":2000,"label":" ","price":6.84},{"type":"B","date":"2018-04-11T02:19:32.000Z","volume":2000,"label":" ","price":6.83},{"type":"A","date":"2018-04-11T02:22:48.000Z","volume":2000,"label":" ","price":6.84},{"type":"A","date":"2018-04-11T02:22:48.000Z","volume":160000,"label":" ","price":6.84},{"type":"A","date":"2018-04-11T02:22:48.000Z","volume":2000,"label":"Y","price":6.84},{"type":"A","date":"2018-04-11T02:22:48.000Z","volume":22000,"label":" ","price":6.84},{"type":"A","date":"2018-04-11T02:22:48.000Z","volume":2000,"label":" ","price":6.84},{"type":"A","date":"2018-04-11T02:22:48.000Z","volume":14000,"label":" ","price":6.84},{"type":"A","date":"2018-04-11T02:22:48.000Z","volume":2000,"label":" ","price":6.84},{"type":"A","date":"2018-04-11T02:22:48.000Z","volume":4000,"label":" ","price":6.84},{"type":"A","date":"2018-04-11T02:22:48.000Z","volume":4000,"label":" ","price":6.84},{"type":"A","date":"2018-04-11T02:22:48.000Z","volume":10000,"label":" ","price":6.84},{"type":"A","date":"2018-04-11T02:22:48.000Z","volume":4000,"label":" ","price":6.84},{"type":"A","date":"2018-04-11T02:22:50.000Z","volume":2000,"label":" ","price":6.84},{"type":"A","date":"2018-04-11T02:22:56.000Z","volume":4000,"label":" ","price":6.84},{"type":"A","date":"2018-04-11T02:22:58.000Z","volume":2000,"label":" ","price":6.84},{"type":"A","date":"2018-04-11T02:23:04.000Z","volume":4000,"label":" ","price":6.84},{"type":"A","date":"2018-04-11T02:23:15.000Z","volume":6000,"label":" ","price":6.84},{"type":"A","date":"2018-04-11T02:23:45.000Z","volume":30000,"label":" ","price":6.84},{"type":"A","date":"2018-04-11T02:24:16.000Z","volume":20000,"label":" ","price":6.84},{"type":"A","date":"2018-04-11T02:24:22.000Z","volume":88000,"label":" ","price":6.84},{"type":"A","date":"2018-04-11T02:24:22.000Z","volume":2000,"label":" ","price":6.85},{"type":"A","date":"2018-04-11T02:24:22.000Z","volume":8000,"label":" ","price":6.84},{"type":"A","date":"2018-04-11T02:24:22.000Z","volume":2000,"label":" ","price":6.85},{"type":"A","date":"2018-04-11T02:24:22.000Z","volume":38000,"label":" ","price":6.85},{"type":"A","date":"2018-04-11T02:24:30.000Z","volume":2000,"label":" ","price":6.85},{"type":"A","date":"2018-04-11T02:24:41.000Z","volume":2000,"label":" ","price":6.85},{"type":"A","date":"2018-04-11T02:24:43.000Z","volume":14000,"label":" ","price":6.85},{"type":"B","date":"2018-04-11T02:24:43.000Z","volume":4000,"label":" ","price":6.85},{"type":"A","date":"2018-04-11T02:24:48.000Z","volume":2000,"label":" ","price":6.86},{"type":"A","date":"2018-04-11T02:25:17.000Z","volume":12000,"label":" ","price":6.86},{"type":"A","date":"2018-04-11T02:25:47.000Z","volume":10000,"label":" ","price":6.86},{"type":"A","date":"2018-04-11T02:25:56.000Z","volume":2000,"label":" ","price":6.86},{"type":"A","date":"2018-04-11T02:26:17.000Z","volume":6000,"label":" ","price":6.86},{"type":"A","date":"2018-04-11T02:26:48.000Z","volume":8000,"label":" ","price":6.86},{"type":"A","date":"2018-04-11T02:26:48.000Z","volume":10000,"label":" ","price":6.86},{"type":"A","date":"2018-04-11T02:26:48.000Z","volume":8000,"label":" ","price":6.86},{"type":"A","date":"2018-04-11T02:26:55.000Z","volume":30000,"label":" ","price":6.87},{"type":"A","date":"2018-04-11T02:26:55.000Z","volume":2000,"label":" ","price":6.87},{"type":"A","date":"2018-04-11T02:27:18.000Z","volume":4000,"label":" ","price":6.87},{"type":"A","date":"2018-04-11T02:27:19.000Z","volume":2000,"label":" ","price":6.87},{"type":"A","date":"2018-04-11T02:27:49.000Z","volume":8000,"label":" ","price":6.87},{"type":"A","date":"2018-04-11T02:29:27.000Z","volume":6000,"label":" ","price":6.88},{"type":"A","date":"2018-04-11T02:30:01.000Z","volume":2000,"label":" ","price":6.88},{"type":"A","date":"2018-04-11T02:30:01.000Z","volume":8000,"label":" ","price":6.88},{"type":"A","date":"2018-04-11T02:30:02.000Z","volume":14000,"label":" ","price":6.88},{"type":"A","date":"2018-04-11T02:30:02.000Z","volume":6000,"label":" ","price":6.88},{"type":"A","date":"2018-04-11T02:30:05.000Z","volume":4000,"label":" ","price":6.88},{"type":"A","date":"2018-04-11T02:30:21.000Z","volume":4000,"label":" ","price":6.88},{"type":"A","date":"2018-04-11T02:30:21.000Z","volume":2000,"label":" ","price":6.88},{"type":"A","date":"2018-04-11T02:30:26.000Z","volume":2000,"label":" ","price":6.88},{"type":"A","date":"2018-04-11T02:30:51.000Z","volume":2000,"label":" ","price":6.88},{"type":"A","date":"2018-04-11T02:32:06.000Z","volume":2000,"label":" ","price":6.89},{"type":"A","date":"2018-04-11T02:32:28.000Z","volume":6000,"label":" ","price":6.89},{"type":"A","date":"2018-04-11T02:35:57.000Z","volume":50000,"label":" ","price":6.88},{"type":"A","date":"2018-04-11T02:35:57.000Z","volume":4000,"label":"Y","price":6.88},{"type":"A","date":"2018-04-11T02:35:57.000Z","volume":6000,"label":" ","price":6.88},{"type":"A","date":"2018-04-11T02:36:06.000Z","volume":2000,"label":" ","price":6.88},{"type":"A","date":"2018-04-11T02:36:07.000Z","volume":2000,"label":" ","price":6.88},{"type":"A","date":"2018-04-11T02:36:20.000Z","volume":2000,"label":" ","price":6.88},{"type":"A","date":"2018-04-11T02:36:20.000Z","volume":2000,"label":" ","price":6.88},{"type":"A","date":"2018-04-11T02:37:53.000Z","volume":2000,"label":" ","price":6.89},{"type":"A","date":"2018-04-11T02:40:03.000Z","volume":8000,"label":" ","price":6.88},{"type":"A","date":"2018-04-11T02:40:30.000Z","volume":6000,"label":" ","price":6.88},{"type":"A","date":"2018-04-11T02:41:02.000Z","volume":10000,"label":" ","price":6.88},{"type":"A","date":"2018-04-11T02:43:13.000Z","volume":2000,"label":" ","price":6.88},{"type":"A","date":"2018-04-11T02:43:14.000Z","volume":2000,"label":" ","price":6.88},{"type":"A","date":"2018-04-11T02:43:16.000Z","volume":8000,"label":" ","price":6.88},{"type":"B","date":"2018-04-11T02:43:32.000Z","volume":2000,"label":" ","price":6.87},{"type":"A","date":"2018-04-11T02:43:32.000Z","volume":2000,"label":" ","price":6.88},{"type":"A","date":"2018-04-11T02:47:27.000Z","volume":2000,"label":" ","price":6.88},{"type":"A","date":"2018-04-11T02:47:27.000Z","volume":2000,"label":" ","price":6.88},{"type":"A","date":"2018-04-11T02:48:45.000Z","volume":2000,"label":" ","price":6.88},{"type":"A","date":"2018-04-11T02:49:16.000Z","volume":2000,"label":" ","price":6.88},{"type":"A","date":"2018-04-11T02:49:16.000Z","volume":2000,"label":" ","price":6.88},{"type":"A","date":"2018-04-11T02:53:15.000Z","volume":2000,"label":" ","price":6.88},{"type":"A","date":"2018-04-11T02:53:15.000Z","volume":2000,"label":" ","price":6.88},{"type":"A","date":"2018-04-11T02:54:38.000Z","volume":2000,"label":" ","price":6.88},{"type":"A","date":"2018-04-11T03:00:06.000Z","volume":2000,"label":" ","price":6.88},{"type":"A","date":"2018-04-11T03:00:06.000Z","volume":2000,"label":" ","price":6.88},{"type":"A","date":"2018-04-11T03:00:44.000Z","volume":2000,"label":" ","price":6.88},{"type":"A","date":"2018-04-11T03:02:29.000Z","volume":2000,"label":" ","price":6.88},{"type":"B","date":"2018-04-11T03:02:55.000Z","volume":4000,"label":" ","price":6.87},{"type":"B","date":"2018-04-11T03:03:35.000Z","volume":2000,"label":" ","price":6.87},{"type":"A","date":"2018-04-11T03:03:35.000Z","volume":4000,"label":" ","price":6.88},{"type":"B","date":"2018-04-11T03:04:12.000Z","volume":2000,"label":" ","price":6.87},{"type":"A","date":"2018-04-11T03:06:53.000Z","volume":10000,"label":" ","price":6.88},{"type":"A","date":"2018-04-11T03:06:53.000Z","volume":2000,"label":" ","price":6.88},{"type":"A","date":"2018-04-11T03:06:59.000Z","volume":2000,"label":" ","price":6.88},{"type":"U","date":"2018-04-11T03:07:16.000Z","volume":1048,"label":"D","price":6.88},{"type":"A","date":"2018-04-11T03:07:25.000Z","volume":2000,"label":" ","price":6.88},{"type":"A","date":"2018-04-11T03:08:47.000Z","volume":2000,"label":" ","price":6.88},{"type":"A","date":"2018-04-11T03:11:21.000Z","volume":2000,"label":" ","price":6.88},{"type":"B","date":"2018-04-11T03:12:51.000Z","volume":4000,"label":" ","price":6.87},{"type":"B","date":"2018-04-11T03:14:01.000Z","volume":2000,"label":" ","price":6.87},{"type":"A","date":"2018-04-11T03:14:08.000Z","volume":4000,"label":" ","price":6.88},{"type":"B","date":"2018-04-11T03:14:52.000Z","volume":2000,"label":" ","price":6.87},{"type":"B","date":"2018-04-11T03:17:06.000Z","volume":4000,"label":" ","price":6.87},{"type":"A","date":"2018-04-11T03:17:59.000Z","volume":2000,"label":" ","price":6.88},{"type":"B","date":"2018-04-11T03:18:50.000Z","volume":58000,"label":" ","price":6.87},{"type":"B","date":"2018-04-11T03:18:50.000Z","volume":18000,"label":" ","price":6.86},{"type":"B","date":"2018-04-11T03:18:50.000Z","volume":2000,"label":" ","price":6.87},{"type":"B","date":"2018-04-11T03:18:50.000Z","volume":2000,"label":" ","price":6.86},{"type":"B","date":"2018-04-11T03:19:32.000Z","volume":4000,"label":" ","price":6.86},{"type":"A","date":"2018-04-11T03:19:32.000Z","volume":2000,"label":" ","price":6.86},{"type":"B","date":"2018-04-11T03:19:52.000Z","volume":6000,"label":" ","price":6.85},{"type":"A","date":"2018-04-11T03:19:52.000Z","volume":2000,"label":" ","price":6.85},{"type":"A","date":"2018-04-11T03:21:19.000Z","volume":4000,"label":" ","price":6.86},{"type":"A","date":"2018-04-11T03:26:18.000Z","volume":6000,"label":" ","price":6.86},{"type":"B","date":"2018-04-11T03:27:04.000Z","volume":10000,"label":" ","price":6.85},{"type":"B","date":"2018-04-11T03:27:11.000Z","volume":4000,"label":" ","price":6.85},{"type":"A","date":"2018-04-11T03:35:15.000Z","volume":2000,"label":"Y","price":6.86},{"type":"B","date":"2018-04-11T03:37:23.000Z","volume":6000,"label":" ","price":6.85},{"type":"B","date":"2018-04-11T03:39:04.000Z","volume":2000,"label":" ","price":6.85},{"type":"B","date":"2018-04-11T03:41:12.000Z","volume":2000,"label":" ","price":6.85},{"type":"B","date":"2018-04-11T03:43:57.000Z","volume":10000,"label":" ","price":6.85},{"type":"A","date":"2018-04-11T03:45:07.000Z","volume":2000,"label":"Y","price":6.86},{"type":"B","date":"2018-04-11T03:47:04.000Z","volume":2000,"label":" ","price":6.85},{"type":"A","date":"2018-04-11T03:47:07.000Z","volume":2000,"label":" ","price":6.86},{"type":"B","date":"2018-04-11T03:47:11.000Z","volume":2000,"label":" ","price":6.85},{"type":"A","date":"2018-04-11T03:51:05.000Z","volume":2000,"label":" ","price":6.86},{"type":"B","date":"2018-04-11T03:52:12.000Z","volume":50000,"label":" ","price":6.85},{"type":"U","date":"2018-04-11T03:52:12.000Z","volume":2000,"label":" ","price":6.85},{"type":"A","date":"2018-04-11T03:53:31.000Z","volume":10000,"label":" ","price":6.85},{"type":"U","date":"2018-04-11T03:53:47.000Z","volume":890,"label":"D","price":6.93},{"type":"A","date":"2018-04-11T03:54:19.000Z","volume":8000,"label":" ","price":6.85},{"type":"A","date":"2018-04-11T03:57:41.000Z","volume":2000,"label":" ","price":6.85},{"type":"A","date":"2018-04-11T03:58:17.000Z","volume":10000,"label":" ","price":6.85},{"type":"A","date":"2018-04-11T05:00:00.000Z","volume":2000,"label":" ","price":6.85},{"type":"B","date":"2018-04-11T05:00:02.000Z","volume":10000,"label":" ","price":6.84},{"type":"A","date":"2018-04-11T05:01:23.000Z","volume":6000,"label":" ","price":6.85},{"type":"A","date":"2018-04-11T05:04:18.000Z","volume":2000,"label":" ","price":6.85},{"type":"B","date":"2018-04-11T05:05:55.000Z","volume":2000,"label":" ","price":6.84},{"type":"A","date":"2018-04-11T05:08:54.000Z","volume":2000,"label":" ","price":6.85},{"type":"A","date":"2018-04-11T05:17:15.000Z","volume":2000,"label":" ","price":6.85},{"type":"B","date":"2018-04-11T05:17:45.000Z","volume":2000,"label":" ","price":6.84},{"type":"A","date":"2018-04-11T05:17:56.000Z","volume":2000,"label":" ","price":6.85},{"type":"A","date":"2018-04-11T05:19:28.000Z","volume":2000,"label":" ","price":6.85},{"type":"A","date":"2018-04-11T05:22:20.000Z","volume":2000,"label":" ","price":6.85},{"type":"A","date":"2018-04-11T05:22:49.000Z","volume":18000,"label":" ","price":6.85},{"type":"A","date":"2018-04-11T05:24:00.000Z","volume":4000,"label":" ","price":6.85},{"type":"A","date":"2018-04-11T05:24:21.000Z","volume":2000,"label":" ","price":6.85},{"type":"B","date":"2018-04-11T05:25:12.000Z","volume":4000,"label":"Y","price":6.84},{"type":"A","date":"2018-04-11T05:29:34.000Z","volume":2000,"label":" ","price":6.85},{"type":"B","date":"2018-04-11T05:29:41.000Z","volume":2000,"label":" ","price":6.84},{"type":"A","date":"2018-04-11T05:30:31.000Z","volume":2000,"label":" ","price":6.85},{"type":"B","date":"2018-04-11T05:31:01.000Z","volume":24000,"label":" ","price":6.84},{"type":"A","date":"2018-04-11T05:33:09.000Z","volume":2000,"label":" ","price":6.85},{"type":"U","date":"2018-04-11T05:34:04.000Z","volume":519,"label":"D","price":6.8},{"type":"A","date":"2018-04-11T05:34:55.000Z","volume":2000,"label":" ","price":6.85},{"type":"A","date":"2018-04-11T05:36:20.000Z","volume":2000,"label":" ","price":6.85},{"type":"A","date":"2018-04-11T05:36:55.000Z","volume":2000,"label":" ","price":6.85},{"type":"B","date":"2018-04-11T05:40:30.000Z","volume":2000,"label":" ","price":6.84},{"type":"B","date":"2018-04-11T05:45:10.000Z","volume":2000,"label":" ","price":6.84},{"type":"A","date":"2018-04-11T05:46:18.000Z","volume":2000,"label":" ","price":6.85},{"type":"A","date":"2018-04-11T05:47:10.000Z","volume":18000,"label":" ","price":6.85},{"type":"A","date":"2018-04-11T05:49:07.000Z","volume":4000,"label":" ","price":6.85},{"type":"B","date":"2018-04-11T05:51:12.000Z","volume":2000,"label":" ","price":6.84},{"type":"A","date":"2018-04-11T05:51:45.000Z","volume":2000,"label":" ","price":6.85},{"type":"A","date":"2018-04-11T05:52:29.000Z","volume":4000,"label":" ","price":6.85},{"type":"B","date":"2018-04-11T05:54:45.000Z","volume":2000,"label":" ","price":6.84},{"type":"A","date":"2018-04-11T05:54:45.000Z","volume":2000,"label":" ","price":6.85},{"type":"A","date":"2018-04-11T05:54:45.000Z","volume":4000,"label":" ","price":6.85},{"type":"A","date":"2018-04-11T05:56:32.000Z","volume":100000,"label":" ","price":6.85},{"type":"A","date":"2018-04-11T05:56:32.000Z","volume":18000,"label":" ","price":6.85},{"type":"A","date":"2018-04-11T05:56:32.000Z","volume":18000,"label":" ","price":6.85},{"type":"A","date":"2018-04-11T05:56:32.000Z","volume":2000,"label":"Y","price":6.85},{"type":"A","date":"2018-04-11T05:56:32.000Z","volume":28000,"label":" ","price":6.85},{"type":"A","date":"2018-04-11T05:56:32.000Z","volume":10000,"label":" ","price":6.85},{"type":"A","date":"2018-04-11T05:56:33.000Z","volume":2000,"label":" ","price":6.85},{"type":"A","date":"2018-04-11T05:56:48.000Z","volume":6000,"label":" ","price":6.85},{"type":"A","date":"2018-04-11T05:57:05.000Z","volume":6000,"label":" ","price":6.85},{"type":"A","date":"2018-04-11T05:57:05.000Z","volume":36000,"label":" ","price":6.85},{"type":"A","date":"2018-04-11T05:57:05.000Z","volume":14000,"label":" ","price":6.85},{"type":"B","date":"2018-04-11T05:57:13.000Z","volume":2000,"label":" ","price":6.84},{"type":"A","date":"2018-04-11T05:57:13.000Z","volume":4000,"label":" ","price":6.85},{"type":"A","date":"2018-04-11T05:57:17.000Z","volume":2000,"label":" ","price":6.85},{"type":"A","date":"2018-04-11T05:57:19.000Z","volume":2000,"label":" ","price":6.85},{"type":"A","date":"2018-04-11T05:57:21.000Z","volume":2000,"label":" ","price":6.85},{"type":"A","date":"2018-04-11T05:57:22.000Z","volume":2000,"label":" ","price":6.85},{"type":"A","date":"2018-04-11T05:57:49.000Z","volume":18000,"label":" ","price":6.85},{"type":"A","date":"2018-04-11T05:58:19.000Z","volume":12000,"label":" ","price":6.85},{"type":"A","date":"2018-04-11T05:59:15.000Z","volume":2000,"label":" ","price":6.85},{"type":"A","date":"2018-04-11T05:59:38.000Z","volume":10000,"label":" ","price":6.85},{"type":"A","date":"2018-04-11T05:59:51.000Z","volume":12000,"label":" ","price":6.85},{"type":"A","date":"2018-04-11T06:00:21.000Z","volume":10000,"label":" ","price":6.85},{"type":"A","date":"2018-04-11T06:00:26.000Z","volume":2000,"label":" ","price":6.85},{"type":"A","date":"2018-04-11T06:00:57.000Z","volume":4000,"label":" ","price":6.85},{"type":"A","date":"2018-04-11T06:02:39.000Z","volume":6000,"label":" ","price":6.85},{"type":"A","date":"2018-04-11T06:02:39.000Z","volume":10000,"label":" ","price":6.85},{"type":"A","date":"2018-04-11T06:04:50.000Z","volume":30000,"label":" ","price":6.85},{"type":"A","date":"2018-04-11T06:04:50.000Z","volume":8000,"label":" ","price":6.85},{"type":"B","date":"2018-04-11T06:04:58.000Z","volume":2000,"label":" ","price":6.84},{"type":"A","date":"2018-04-11T06:05:03.000Z","volume":2000,"label":" ","price":6.85},{"type":"A","date":"2018-04-11T06:05:07.000Z","volume":4000,"label":" ","price":6.85},{"type":"A","date":"2018-04-11T06:05:30.000Z","volume":2000,"label":" ","price":6.85},{"type":"A","date":"2018-04-11T06:05:43.000Z","volume":8000,"label":" ","price":6.85},{"type":"A","date":"2018-04-11T06:05:43.000Z","volume":8000,"label":" ","price":6.85},{"type":"A","date":"2018-04-11T06:06:02.000Z","volume":2000,"label":" ","price":6.85},{"type":"A","date":"2018-04-11T06:09:10.000Z","volume":2000,"label":" ","price":6.85},{"type":"A","date":"2018-04-11T06:10:51.000Z","volume":2000,"label":" ","price":6.85},{"type":"A","date":"2018-04-11T06:13:25.000Z","volume":2000,"label":" ","price":6.85},{"type":"A","date":"2018-04-11T06:15:30.000Z","volume":8000,"label":" ","price":6.85},{"type":"A","date":"2018-04-11T06:16:10.000Z","volume":2000,"label":" ","price":6.85},{"type":"B","date":"2018-04-11T06:19:05.000Z","volume":2000,"label":" ","price":6.84},{"type":"A","date":"2018-04-11T06:19:16.000Z","volume":4000,"label":" ","price":6.85},{"type":"B","date":"2018-04-11T06:19:28.000Z","volume":132000,"label":" ","price":6.84},{"type":"B","date":"2018-04-11T06:19:28.000Z","volume":24000,"label":" ","price":6.83},{"type":"A","date":"2018-04-11T06:19:28.000Z","volume":6000,"label":" ","price":6.84},{"type":"B","date":"2018-04-11T06:20:14.000Z","volume":8000,"label":" ","price":6.82},{"type":"B","date":"2018-04-11T06:20:19.000Z","volume":4000,"label":" ","price":6.82},{"type":"B","date":"2018-04-11T06:20:19.000Z","volume":6000,"label":" ","price":6.82},{"type":"A","date":"2018-04-11T06:21:29.000Z","volume":34000,"label":"Y","price":6.82},{"type":"A","date":"2018-04-11T06:21:29.000Z","volume":52000,"label":" ","price":6.82},{"type":"A","date":"2018-04-11T06:21:29.000Z","volume":22000,"label":" ","price":6.83},{"type":"A","date":"2018-04-11T06:21:29.000Z","volume":16000,"label":" ","price":6.83},{"type":"A","date":"2018-04-11T06:21:29.000Z","volume":8000,"label":" ","price":6.83},{"type":"U","date":"2018-04-11T06:21:34.000Z","volume":30000,"label":" ","price":6.83},{"type":"A","date":"2018-04-11T06:21:34.000Z","volume":2000,"label":" ","price":6.84},{"type":"A","date":"2018-04-11T06:21:40.000Z","volume":18000,"label":" ","price":6.84},{"type":"A","date":"2018-04-11T06:21:40.000Z","volume":2000,"label":" ","price":6.84},{"type":"A","date":"2018-04-11T06:22:09.000Z","volume":6000,"label":" ","price":6.84},{"type":"A","date":"2018-04-11T06:22:21.000Z","volume":4000,"label":" ","price":6.84},{"type":"A","date":"2018-04-11T06:22:21.000Z","volume":22000,"label":"Y","price":6.85},{"type":"A","date":"2018-04-11T06:22:21.000Z","volume":44000,"label":" ","price":6.85},{"type":"A","date":"2018-04-11T06:22:21.000Z","volume":2000,"label":" ","price":6.87},{"type":"A","date":"2018-04-11T06:22:23.000Z","volume":2000,"label":" ","price":6.85},{"type":"A","date":"2018-04-11T06:22:29.000Z","volume":2000,"label":" ","price":6.87},{"type":"A","date":"2018-04-11T06:22:40.000Z","volume":2000,"label":" ","price":6.87},{"type":"A","date":"2018-04-11T06:23:10.000Z","volume":8000,"label":" ","price":6.87},{"type":"A","date":"2018-04-11T06:23:40.000Z","volume":6000,"label":"Y","price":6.87},{"type":"A","date":"2018-04-11T06:23:40.000Z","volume":2000,"label":" ","price":6.87},{"type":"A","date":"2018-04-11T06:24:06.000Z","volume":6000,"label":" ","price":6.87},{"type":"A","date":"2018-04-11T06:24:17.000Z","volume":2000,"label":" ","price":6.87},{"type":"A","date":"2018-04-11T06:24:17.000Z","volume":22000,"label":" ","price":6.88},{"type":"A","date":"2018-04-11T06:24:17.000Z","volume":2000,"label":" ","price":6.88},{"type":"A","date":"2018-04-11T06:24:24.000Z","volume":2000,"label":" ","price":6.88},{"type":"A","date":"2018-04-11T06:24:41.000Z","volume":2000,"label":" ","price":6.88},{"type":"A","date":"2018-04-11T06:27:02.000Z","volume":2000,"label":" ","price":6.87},{"type":"B","date":"2018-04-11T06:27:21.000Z","volume":10000,"label":" ","price":6.85},{"type":"B","date":"2018-04-11T06:27:22.000Z","volume":32000,"label":" ","price":6.85},{"type":"A","date":"2018-04-11T06:27:31.000Z","volume":14000,"label":"Y","price":6.85},{"type":"A","date":"2018-04-11T06:27:31.000Z","volume":26000,"label":" ","price":6.85},{"type":"A","date":"2018-04-11T06:27:57.000Z","volume":10000,"label":" ","price":6.86},{"type":"A","date":"2018-04-11T06:27:57.000Z","volume":2000,"label":"Y","price":6.87},{"type":"A","date":"2018-04-11T06:27:57.000Z","volume":4000,"label":" ","price":6.87},{"type":"A","date":"2018-04-11T06:27:57.000Z","volume":12000,"label":" ","price":6.88},{"type":"A","date":"2018-04-11T06:27:57.000Z","volume":2000,"label":"Y","price":6.89},{"type":"A","date":"2018-04-11T06:27:57.000Z","volume":56000,"label":" ","price":6.89},{"type":"A","date":"2018-04-11T06:27:57.000Z","volume":2000,"label":"Y","price":6.9},{"type":"A","date":"2018-04-11T06:27:57.000Z","volume":6000,"label":" ","price":6.9},{"type":"U","date":"2018-04-11T06:27:57.000Z","volume":6000,"label":" ","price":6.86},{"type":"A","date":"2018-04-11T06:27:57.000Z","volume":2000,"label":" ","price":6.9},{"type":"A","date":"2018-04-11T06:27:57.000Z","volume":6000,"label":" ","price":6.9},{"type":"A","date":"2018-04-11T06:28:14.000Z","volume":4000,"label":" ","price":6.9},{"type":"A","date":"2018-04-11T06:29:11.000Z","volume":6000,"label":" ","price":6.87},{"type":"A","date":"2018-04-11T06:29:31.000Z","volume":12000,"label":" ","price":6.88},{"type":"B","date":"2018-04-11T06:32:13.000Z","volume":4000,"label":" ","price":6.86},{"type":"A","date":"2018-04-11T06:32:22.000Z","volume":4000,"label":" ","price":6.88},{"type":"A","date":"2018-04-11T06:32:33.000Z","volume":20000,"label":" ","price":6.88},{"type":"B","date":"2018-04-11T06:32:34.000Z","volume":2000,"label":" ","price":6.86},{"type":"A","date":"2018-04-11T06:32:44.000Z","volume":2000,"label":" ","price":6.88},{"type":"B","date":"2018-04-11T06:33:43.000Z","volume":2000,"label":" ","price":6.86},{"type":"B","date":"2018-04-11T06:33:43.000Z","volume":2000,"label":" ","price":6.86},{"type":"A","date":"2018-04-11T06:36:02.000Z","volume":6000,"label":" ","price":6.88},{"type":"B","date":"2018-04-11T06:36:03.000Z","volume":2000,"label":" ","price":6.86},{"type":"A","date":"2018-04-11T06:41:08.000Z","volume":2000,"label":" ","price":6.88},{"type":"A","date":"2018-04-11T06:41:15.000Z","volume":2000,"label":" ","price":6.88},{"type":"A","date":"2018-04-11T06:41:32.000Z","volume":2000,"label":" ","price":6.88},{"type":"B","date":"2018-04-11T06:41:32.000Z","volume":2000,"label":" ","price":6.86},{"type":"A","date":"2018-04-11T06:44:13.000Z","volume":2000,"label":" ","price":6.87},{"type":"A","date":"2018-04-11T06:44:13.000Z","volume":2000,"label":" ","price":6.87},{"type":"A","date":"2018-04-11T06:44:28.000Z","volume":2000,"label":" ","price":6.87},{"type":"B","date":"2018-04-11T06:44:28.000Z","volume":2000,"label":" ","price":6.86},{"type":"A","date":"2018-04-11T06:44:59.000Z","volume":6000,"label":" ","price":6.87},{"type":"B","date":"2018-04-11T06:44:59.000Z","volume":2000,"label":" ","price":6.86},{"type":"A","date":"2018-04-11T06:45:29.000Z","volume":6000,"label":" ","price":6.87},{"type":"B","date":"2018-04-11T06:45:29.000Z","volume":2000,"label":" ","price":6.86},{"type":"A","date":"2018-04-11T06:45:59.000Z","volume":6000,"label":" ","price":6.87},{"type":"B","date":"2018-04-11T06:46:22.000Z","volume":48000,"label":" ","price":6.86},{"type":"A","date":"2018-04-11T06:46:22.000Z","volume":4000,"label":" ","price":6.86},{"type":"A","date":"2018-04-11T06:46:22.000Z","volume":6000,"label":" ","price":6.86},{"type":"B","date":"2018-04-11T06:47:51.000Z","volume":2000,"label":" ","price":6.85},{"type":"B","date":"2018-04-11T06:51:02.000Z","volume":12000,"label":" ","price":6.85},{"type":"A","date":"2018-04-11T06:52:39.000Z","volume":10000,"label":" ","price":6.86},{"type":"A","date":"2018-04-11T06:55:49.000Z","volume":4000,"label":" ","price":6.86},{"type":"A","date":"2018-04-11T06:58:56.000Z","volume":2000,"label":" ","price":6.86},{"type":"A","date":"2018-04-11T06:59:51.000Z","volume":20000,"label":" ","price":6.86},{"type":"B","date":"2018-04-11T06:59:52.000Z","volume":2000,"label":" ","price":6.85},{"type":"A","date":"2018-04-11T07:01:40.000Z","volume":2000,"label":" ","price":6.86},{"type":"B","date":"2018-04-11T07:02:30.000Z","volume":2000,"label":" ","price":6.85},{"type":"A","date":"2018-04-11T07:04:33.000Z","volume":2000,"label":" ","price":6.86},{"type":"B","date":"2018-04-11T07:05:28.000Z","volume":2000,"label":" ","price":6.85},{"type":"A","date":"2018-04-11T07:07:35.000Z","volume":2000,"label":" ","price":6.86},{"type":"A","date":"2018-04-11T07:10:08.000Z","volume":4000,"label":" ","price":6.86},{"type":"B","date":"2018-04-11T07:11:10.000Z","volume":4000,"label":" ","price":6.85},{"type":"B","date":"2018-04-11T07:12:04.000Z","volume":2000,"label":" ","price":6.85},{"type":"B","date":"2018-04-11T07:12:20.000Z","volume":2000,"label":" ","price":6.85},{"type":"B","date":"2018-04-11T07:17:09.000Z","volume":2000,"label":" ","price":6.85},{"type":"B","date":"2018-04-11T07:20:09.000Z","volume":2000,"label":" ","price":6.85},{"type":"A","date":"2018-04-11T07:20:38.000Z","volume":2000,"label":" ","price":6.86},{"type":"A","date":"2018-04-11T07:23:15.000Z","volume":2000,"label":" ","price":6.86},{"type":"A","date":"2018-04-11T07:23:17.000Z","volume":4000,"label":" ","price":6.86},{"type":"A","date":"2018-04-11T07:23:17.000Z","volume":2000,"label":" ","price":6.86},{"type":"A","date":"2018-04-11T07:24:34.000Z","volume":2000,"label":" ","price":6.86},{"type":"A","date":"2018-04-11T07:24:48.000Z","volume":2000,"label":" ","price":6.86},{"type":"B","date":"2018-04-11T07:25:35.000Z","volume":2000,"label":" ","price":6.85},{"type":"B","date":"2018-04-11T07:25:41.000Z","volume":2000,"label":" ","price":6.85},{"type":"A","date":"2018-04-11T07:27:12.000Z","volume":2000,"label":" ","price":6.86},{"type":"A","date":"2018-04-11T07:27:12.000Z","volume":2000,"label":" ","price":6.86},{"type":"B","date":"2018-04-11T07:27:22.000Z","volume":2000,"label":" ","price":6.85},{"type":"B","date":"2018-04-11T07:27:23.000Z","volume":8000,"label":" ","price":6.85},{"type":"B","date":"2018-04-11T07:27:29.000Z","volume":2000,"label":" ","price":6.85},{"type":"A","date":"2018-04-11T07:29:16.000Z","volume":4000,"label":" ","price":6.86},{"type":"B","date":"2018-04-11T07:29:58.000Z","volume":4000,"label":" ","price":6.85},{"type":"B","date":"2018-04-11T07:29:58.000Z","volume":2000,"label":" ","price":6.85},{"type":"A","date":"2018-04-11T07:30:02.000Z","volume":8000,"label":" ","price":6.86},{"type":"A","date":"2018-04-11T07:31:46.000Z","volume":10000,"label":" ","price":6.86},{"type":"B","date":"2018-04-11T07:31:52.000Z","volume":2000,"label":" ","price":6.85},{"type":"A","date":"2018-04-11T07:32:02.000Z","volume":4000,"label":" ","price":6.86},{"type":"B","date":"2018-04-11T07:32:06.000Z","volume":2000,"label":" ","price":6.85},{"type":"B","date":"2018-04-11T07:32:35.000Z","volume":2000,"label":" ","price":6.85},{"type":"A","date":"2018-04-11T07:33:22.000Z","volume":2000,"label":" ","price":6.86},{"type":"A","date":"2018-04-11T07:34:24.000Z","volume":2000,"label":" ","price":6.86},{"type":"A","date":"2018-04-11T07:35:20.000Z","volume":2000,"label":" ","price":6.86},{"type":"B","date":"2018-04-11T07:36:39.000Z","volume":2000,"label":" ","price":6.85},{"type":"B","date":"2018-04-11T07:36:39.000Z","volume":2000,"label":" ","price":6.85},{"type":"B","date":"2018-04-11T07:37:26.000Z","volume":2000,"label":" ","price":6.85},{"type":"A","date":"2018-04-11T07:38:17.000Z","volume":4000,"label":" ","price":6.86},{"type":"A","date":"2018-04-11T07:42:00.000Z","volume":4000,"label":" ","price":6.86},{"type":"B","date":"2018-04-11T07:42:04.000Z","volume":2000,"label":" ","price":6.85},{"type":"B","date":"2018-04-11T07:42:48.000Z","volume":2000,"label":" ","price":6.85},{"type":"A","date":"2018-04-11T07:43:12.000Z","volume":6000,"label":" ","price":6.86},{"type":"B","date":"2018-04-11T07:43:13.000Z","volume":2000,"label":" ","price":6.85},{"type":"B","date":"2018-04-11T07:46:26.000Z","volume":30000,"label":" ","price":6.85},{"type":"B","date":"2018-04-11T07:46:26.000Z","volume":2000,"label":" ","price":6.85},{"type":"B","date":"2018-04-11T07:46:26.000Z","volume":6000,"label":" ","price":6.85},{"type":"B","date":"2018-04-11T07:46:26.000Z","volume":2000,"label":" ","price":6.85},{"type":"A","date":"2018-04-11T07:46:27.000Z","volume":4000,"label":" ","price":6.85},{"type":"B","date":"2018-04-11T07:46:29.000Z","volume":2000,"label":" ","price":6.84},{"type":"A","date":"2018-04-11T07:46:33.000Z","volume":16000,"label":"Y","price":6.84},{"type":"A","date":"2018-04-11T07:46:33.000Z","volume":2000,"label":" ","price":6.84},{"type":"A","date":"2018-04-11T07:46:37.000Z","volume":2000,"label":" ","price":6.84},{"type":"A","date":"2018-04-11T07:46:54.000Z","volume":4000,"label":" ","price":6.83},{"type":"B","date":"2018-04-11T07:46:57.000Z","volume":2000,"label":" ","price":6.82},{"type":"B","date":"2018-04-11T07:46:57.000Z","volume":2000,"label":" ","price":6.82},{"type":"A","date":"2018-04-11T07:48:38.000Z","volume":2000,"label":" ","price":6.83},{"type":"A","date":"2018-04-11T07:48:51.000Z","volume":2000,"label":" ","price":6.83},{"type":"A","date":"2018-04-11T07:48:51.000Z","volume":24000,"label":" ","price":6.83},{"type":"B","date":"2018-04-11T07:48:52.000Z","volume":4000,"label":" ","price":6.82},{"type":"A","date":"2018-04-11T07:49:32.000Z","volume":8000,"label":" ","price":6.83},{"type":"A","date":"2018-04-11T07:50:28.000Z","volume":4000,"label":" ","price":6.83},{"type":"B","date":"2018-04-11T07:50:52.000Z","volume":2000,"label":" ","price":6.82},{"type":"A","date":"2018-04-11T07:52:19.000Z","volume":4000,"label":" ","price":6.83},{"type":"A","date":"2018-04-11T07:54:05.000Z","volume":6000,"label":" ","price":6.83},{"type":"A","date":"2018-04-11T07:54:45.000Z","volume":30000,"label":" ","price":6.83},{"type":"A","date":"2018-04-11T07:55:07.000Z","volume":4000,"label":" ","price":6.83},{"type":"A","date":"2018-04-11T07:55:07.000Z","volume":2000,"label":" ","price":6.83},{"type":"A","date":"2018-04-11T07:55:38.000Z","volume":2000,"label":" ","price":6.83},{"type":"B","date":"2018-04-11T07:55:39.000Z","volume":4000,"label":" ","price":6.82},{"type":"B","date":"2018-04-11T07:55:57.000Z","volume":2000,"label":" ","price":6.82},{"type":"A","date":"2018-04-11T07:57:23.000Z","volume":2000,"label":" ","price":6.83},{"type":"B","date":"2018-04-11T07:57:39.000Z","volume":2000,"label":" ","price":6.82},{"type":"B","date":"2018-04-11T07:57:39.000Z","volume":2000,"label":" ","price":6.82},{"type":"A","date":"2018-04-11T07:57:59.000Z","volume":2000,"label":" ","price":6.83},{"type":"B","date":"2018-04-11T07:58:21.000Z","volume":2000,"label":" ","price":6.82},{"type":"A","date":"2018-04-11T07:58:35.000Z","volume":2000,"label":" ","price":6.83},{"type":"A","date":"2018-04-11T07:58:40.000Z","volume":2000,"label":" ","price":6.83},{"type":"A","date":"2018-04-11T07:58:47.000Z","volume":2000,"label":" ","price":6.83},{"type":"B","date":"2018-04-11T07:58:52.000Z","volume":2000,"label":" ","price":6.82},{"type":"A","date":"2018-04-11T07:59:04.000Z","volume":2000,"label":" ","price":6.83},{"type":"B","date":"2018-04-11T07:59:07.000Z","volume":6000,"label":" ","price":6.82},{"type":"B","date":"2018-04-11T07:59:07.000Z","volume":6000,"label":" ","price":6.81},{"type":"B","date":"2018-04-11T07:59:09.000Z","volume":2000,"label":" ","price":6.81},{"type":"A","date":"2018-04-11T07:59:17.000Z","volume":2000,"label":" ","price":6.82},{"type":"B","date":"2018-04-11T07:59:23.000Z","volume":2000,"label":" ","price":6.81},{"type":"A","date":"2018-04-11T07:59:24.000Z","volume":2000,"label":" ","price":6.82},{"type":"A","date":"2018-04-11T07:59:29.000Z","volume":2000,"label":" ","price":6.82},{"type":"B","date":"2018-04-11T07:59:29.000Z","volume":2000,"label":" ","price":6.81},{"type":"B","date":"2018-04-11T07:59:30.000Z","volume":58000,"label":" ","price":6.81},{"type":"B","date":"2018-04-11T07:59:30.000Z","volume":2000,"label":" ","price":6.81},{"type":"B","date":"2018-04-11T07:59:30.000Z","volume":2000,"label":" ","price":6.81},{"type":"B","date":"2018-04-11T07:59:30.000Z","volume":2000,"label":" ","price":6.81},{"type":"A","date":"2018-04-11T07:59:30.000Z","volume":2000,"label":" ","price":6.82},{"type":"A","date":"2018-04-11T07:59:35.000Z","volume":2000,"label":" ","price":6.82},{"type":"A","date":"2018-04-11T07:59:39.000Z","volume":14000,"label":" ","price":6.82},{"type":"B","date":"2018-04-11T07:59:40.000Z","volume":4000,"label":" ","price":6.8},{"type":"A","date":"2018-04-11T07:59:46.000Z","volume":2000,"label":" ","price":6.81},{"type":"A","date":"2018-04-11T07:59:46.000Z","volume":26000,"label":"Y","price":6.81},{"type":"A","date":"2018-04-11T07:59:46.000Z","volume":24000,"label":" ","price":6.81},{"type":"B","date":"2018-04-11T07:59:47.000Z","volume":2000,"label":" ","price":6.8},{"type":"A","date":"2018-04-11T07:59:49.000Z","volume":8000,"label":" ","price":6.81},{"type":"B","date":"2018-04-11T07:59:49.000Z","volume":4000,"label":" ","price":6.8},{"type":"B","date":"2018-04-11T07:59:49.000Z","volume":2000,"label":" ","price":6.8},{"type":"B","date":"2018-04-11T07:59:50.000Z","volume":2000,"label":" ","price":6.8},{"type":"A","date":"2018-04-11T07:59:51.000Z","volume":2000,"label":" ","price":6.81},{"type":"B","date":"2018-04-11T07:59:51.000Z","volume":2000,"label":" ","price":6.8},{"type":"U","date":"2018-04-11T08:08:14.000Z","volume":3474000,"label":"U","price":6.81}]