[{"type":"A","date":"2018-04-25T01:30:01.000Z","volume":60000,"label":" ","price":0.53},{"type":"A","date":"2018-04-25T01:30:06.000Z","volume":15000,"label":" ","price":0.53},{"type":"A","date":"2018-04-25T01:31:03.000Z","volume":45000,"label":" ","price":0.53},{"type":"A","date":"2018-04-25T01:31:03.000Z","volume":20000,"label":" ","price":0.53},{"type":"A","date":"2018-04-25T01:40:23.000Z","volume":20000,"label":" ","price":0.53},{"type":"B","date":"2018-04-25T01:49:22.000Z","volume":30000,"label":"Y","price":0.52},{"type":"B","date":"2018-04-25T01:49:22.000Z","volume":105000,"label":" ","price":0.52},{"type":"B","date":"2018-04-25T01:51:57.000Z","volume":75000,"label":" ","price":0.52},{"type":"A","date":"2018-04-25T01:54:06.000Z","volume":15000,"label":" ","price":0.53},{"type":"B","date":"2018-04-25T01:54:39.000Z","volume":5000,"label":" ","price":0.52},{"type":"B","date":"2018-04-25T01:55:48.000Z","volume":300000,"label":" ","price":0.52},{"type":"B","date":"2018-04-25T01:55:48.000Z","volume":85000,"label":" ","price":0.52},{"type":"A","date":"2018-04-25T01:57:52.000Z","volume":50000,"label":" ","price":0.52},{"type":"A","date":"2018-04-25T01:58:20.000Z","volume":20000,"label":" ","price":0.52},{"type":"B","date":"2018-04-25T01:59:38.000Z","volume":65000,"label":" ","price":0.52},{"type":"B","date":"2018-04-25T02:01:58.000Z","volume":35000,"label":" ","price":0.52},{"type":"B","date":"2018-04-25T02:13:18.000Z","volume":5000,"label":" ","price":0.52},{"type":"B","date":"2018-04-25T02:13:24.000Z","volume":5000,"label":" ","price":0.52},{"type":"B","date":"2018-04-25T02:13:32.000Z","volume":5000,"label":" ","price":0.52},{"type":"B","date":"2018-04-25T02:14:24.000Z","volume":10000,"label":" ","price":0.52},{"type":"B","date":"2018-04-25T02:25:46.000Z","volume":80000,"label":" ","price":0.52},{"type":"B","date":"2018-04-25T02:29:45.000Z","volume":20000,"label":" ","price":0.52},{"type":"B","date":"2018-04-25T02:29:51.000Z","volume":140000,"label":" ","price":0.52},{"type":"B","date":"2018-04-25T02:30:21.000Z","volume":50000,"label":" ","price":0.52},{"type":"B","date":"2018-04-25T02:35:24.000Z","volume":100000,"label":" ","price":0.52},{"type":"B","date":"2018-04-25T02:35:31.000Z","volume":5000,"label":" ","price":0.52},{"type":"B","date":"2018-04-25T02:36:40.000Z","volume":100000,"label":" ","price":0.52},{"type":"A","date":"2018-04-25T02:36:41.000Z","volume":15000,"label":" ","price":0.53},{"type":"U","date":"2018-04-25T02:51:06.000Z","volume":5000,"label":"X","price":0.53},{"type":"A","date":"2018-04-25T02:51:51.000Z","volume":5000,"label":"Y","price":0.53},{"type":"U","date":"2018-04-25T02:55:03.000Z","volume":5000,"label":"X","price":0.53},{"type":"U","date":"2018-04-25T02:59:00.000Z","volume":5000,"label":"X","price":0.53},{"type":"U","date":"2018-04-25T03:04:39.000Z","volume":5000,"label":"X","price":0.53},{"type":"U","date":"2018-04-25T03:12:39.000Z","volume":5000,"label":"X","price":0.53},{"type":"A","date":"2018-04-25T03:21:12.000Z","volume":5000,"label":" ","price":0.53},{"type":"U","date":"2018-04-25T03:24:44.000Z","volume":5000,"label":"X","price":0.525},{"type":"B","date":"2018-04-25T03:27:06.000Z","volume":50000,"label":" ","price":0.52},{"type":"B","date":"2018-04-25T03:29:32.000Z","volume":50000,"label":" ","price":0.52},{"type":"B","date":"2018-04-25T03:31:19.000Z","volume":50000,"label":" ","price":0.52},{"type":"U","date":"2018-04-25T03:34:53.000Z","volume":5000,"label":"X","price":0.525},{"type":"U","date":"2018-04-25T03:42:56.000Z","volume":5000,"label":"X","price":0.525},{"type":"U","date":"2018-04-25T03:46:48.000Z","volume":5000,"label":"X","price":0.525},{"type":"B","date":"2018-04-25T03:48:13.000Z","volume":100000,"label":" ","price":0.52},{"type":"U","date":"2018-04-25T03:51:34.000Z","volume":5000,"label":"X","price":0.525},{"type":"B","date":"2018-04-25T03:51:43.000Z","volume":200000,"label":" ","price":0.52},{"type":"B","date":"2018-04-25T03:51:49.000Z","volume":5000,"label":" ","price":0.52},{"type":"B","date":"2018-04-25T03:54:10.000Z","volume":30000,"label":" ","price":0.52},{"type":"B","date":"2018-04-25T03:56:55.000Z","volume":150000,"label":" ","price":0.52},{"type":"B","date":"2018-04-25T03:57:01.000Z","volume":20000,"label":" ","price":0.52},{"type":"B","date":"2018-04-25T05:00:00.000Z","volume":195000,"label":" ","price":0.52},{"type":"B","date":"2018-04-25T05:00:03.000Z","volume":85000,"label":"Y","price":0.52},{"type":"B","date":"2018-04-25T05:00:03.000Z","volume":115000,"label":" ","price":0.52},{"type":"B","date":"2018-04-25T05:00:04.000Z","volume":5000,"label":" ","price":0.52},{"type":"A","date":"2018-04-25T05:00:06.000Z","volume":20000,"label":" ","price":0.53},{"type":"A","date":"2018-04-25T05:00:06.000Z","volume":30000,"label":" ","price":0.53},{"type":"B","date":"2018-04-25T05:02:23.000Z","volume":5000,"label":" ","price":0.52},{"type":"B","date":"2018-04-25T05:06:58.000Z","volume":50000,"label":" ","price":0.52},{"type":"A","date":"2018-04-25T05:06:59.000Z","volume":15000,"label":" ","price":0.53},{"type":"B","date":"2018-04-25T05:07:06.000Z","volume":5000,"label":" ","price":0.52},{"type":"B","date":"2018-04-25T05:11:05.000Z","volume":100000,"label":" ","price":0.52},{"type":"A","date":"2018-04-25T05:11:06.000Z","volume":15000,"label":" ","price":0.53},{"type":"B","date":"2018-04-25T05:11:45.000Z","volume":100000,"label":" ","price":0.52},{"type":"B","date":"2018-04-25T05:12:24.000Z","volume":220000,"label":" ","price":0.52},{"type":"B","date":"2018-04-25T05:12:28.000Z","volume":5000,"label":" ","price":0.52},{"type":"B","date":"2018-04-25T05:12:39.000Z","volume":125000,"label":" ","price":0.52},{"type":"A","date":"2018-04-25T05:13:03.000Z","volume":15000,"label":" ","price":0.52},{"type":"A","date":"2018-04-25T05:13:04.000Z","volume":10000,"label":" ","price":0.52},{"type":"B","date":"2018-04-25T05:21:04.000Z","volume":50000,"label":" ","price":0.51},{"type":"B","date":"2018-04-25T05:22:38.000Z","volume":100000,"label":" ","price":0.51},{"type":"A","date":"2018-04-25T05:23:29.000Z","volume":20000,"label":" ","price":0.52},{"type":"A","date":"2018-04-25T05:26:50.000Z","volume":50000,"label":" ","price":0.52},{"type":"A","date":"2018-04-25T05:28:52.000Z","volume":25000,"label":" ","price":0.52},{"type":"A","date":"2018-04-25T05:50:15.000Z","volume":20000,"label":" ","price":0.52},{"type":"U","date":"2018-04-25T05:56:14.000Z","volume":5000,"label":"X","price":0.515},{"type":"B","date":"2018-04-25T06:03:57.000Z","volume":200000,"label":" ","price":0.51},{"type":"B","date":"2018-04-25T06:06:02.000Z","volume":150000,"label":" ","price":0.51},{"type":"B","date":"2018-04-25T06:08:54.000Z","volume":5000,"label":" ","price":0.51},{"type":"B","date":"2018-04-25T06:08:55.000Z","volume":30000,"label":" ","price":0.51},{"type":"B","date":"2018-04-25T06:09:10.000Z","volume":50000,"label":" ","price":0.51},{"type":"B","date":"2018-04-25T06:14:48.000Z","volume":50000,"label":" ","price":0.51},{"type":"U","date":"2018-04-25T06:18:20.000Z","volume":5000,"label":"X","price":0.515},{"type":"B","date":"2018-04-25T06:20:50.000Z","volume":100000,"label":" ","price":0.51},{"type":"B","date":"2018-04-25T06:22:15.000Z","volume":200000,"label":" ","price":0.51},{"type":"B","date":"2018-04-25T06:23:39.000Z","volume":100000,"label":" ","price":0.51},{"type":"B","date":"2018-04-25T06:24:50.000Z","volume":5000,"label":" ","price":0.51},{"type":"A","date":"2018-04-25T06:26:47.000Z","volume":1000000,"label":" ","price":0.52},{"type":"A","date":"2018-04-25T06:26:47.000Z","volume":225000,"label":" ","price":0.52},{"type":"A","date":"2018-04-25T06:26:47.000Z","volume":90000,"label":" ","price":0.52},{"type":"A","date":"2018-04-25T06:29:20.000Z","volume":5000,"label":" ","price":0.52},{"type":"A","date":"2018-04-25T06:43:25.000Z","volume":5000,"label":" ","price":0.52},{"type":"A","date":"2018-04-25T06:45:46.000Z","volume":20000,"label":" ","price":0.52},{"type":"A","date":"2018-04-25T06:56:25.000Z","volume":5000,"label":" ","price":0.52},{"type":"A","date":"2018-04-25T06:59:32.000Z","volume":20000,"label":" ","price":0.52},{"type":"A","date":"2018-04-25T07:02:01.000Z","volume":5000,"label":" ","price":0.52},{"type":"A","date":"2018-04-25T07:03:35.000Z","volume":20000,"label":" ","price":0.52},{"type":"A","date":"2018-04-25T07:09:59.000Z","volume":5000,"label":" ","price":0.52},{"type":"A","date":"2018-04-25T07:15:02.000Z","volume":5000,"label":" ","price":0.52},{"type":"A","date":"2018-04-25T07:18:27.000Z","volume":5000,"label":" ","price":0.52},{"type":"B","date":"2018-04-25T07:19:16.000Z","volume":20000,"label":" ","price":0.51},{"type":"B","date":"2018-04-25T07:21:05.000Z","volume":50000,"label":" ","price":0.51},{"type":"A","date":"2018-04-25T07:21:18.000Z","volume":5000,"label":" ","price":0.52},{"type":"A","date":"2018-04-25T07:25:25.000Z","volume":5000,"label":"Y","price":0.52},{"type":"A","date":"2018-04-25T07:26:49.000Z","volume":5000,"label":" ","price":0.52},{"type":"A","date":"2018-04-25T07:32:33.000Z","volume":5000,"label":" ","price":0.52},{"type":"B","date":"2018-04-25T07:34:11.000Z","volume":55000,"label":" ","price":0.51},{"type":"A","date":"2018-04-25T07:34:15.000Z","volume":5000,"label":" ","price":0.52},{"type":"A","date":"2018-04-25T07:34:40.000Z","volume":250000,"label":" ","price":0.52},{"type":"A","date":"2018-04-25T07:36:41.000Z","volume":100000,"label":" ","price":0.52},{"type":"A","date":"2018-04-25T07:41:11.000Z","volume":5000,"label":" ","price":0.52},{"type":"A","date":"2018-04-25T07:46:42.000Z","volume":40000,"label":" ","price":0.52},{"type":"A","date":"2018-04-25T07:46:51.000Z","volume":5000,"label":" ","price":0.52},{"type":"B","date":"2018-04-25T07:48:01.000Z","volume":50000,"label":" ","price":0.51},{"type":"A","date":"2018-04-25T07:49:48.000Z","volume":5000,"label":" ","price":0.52},{"type":"A","date":"2018-04-25T07:51:39.000Z","volume":200000,"label":" ","price":0.52},{"type":"A","date":"2018-04-25T07:52:05.000Z","volume":105000,"label":" ","price":0.52},{"type":"A","date":"2018-04-25T07:56:19.000Z","volume":50000,"label":" ","price":0.52},{"type":"A","date":"2018-04-25T07:56:36.000Z","volume":5000,"label":" ","price":0.52},{"type":"A","date":"2018-04-25T07:58:21.000Z","volume":5000,"label":" ","price":0.52},{"type":"A","date":"2018-04-25T07:59:39.000Z","volume":5000,"label":" ","price":0.52}]