[{"type":"U","date":"2018-04-18T01:05:01.000Z","volume":6000,"label":"P","price":67.777},{"type":"U","date":"2018-04-18T01:05:01.000Z","volume":12000,"label":"P","price":64.019},{"type":"U","date":"2018-04-18T01:05:03.000Z","volume":15000,"label":"P","price":66.8},{"type":"U","date":"2018-04-18T01:20:00.000Z","volume":88500,"label":"U","price":67.8},{"type":"B","date":"2018-04-18T01:30:00.000Z","volume":500,"label":" ","price":67.7},{"type":"B","date":"2018-04-18T01:30:01.000Z","volume":500,"label":" ","price":67.7},{"type":"B","date":"2018-04-18T01:30:01.000Z","volume":1500,"label":" ","price":67.55},{"type":"A","date":"2018-04-18T01:30:01.000Z","volume":500,"label":" ","price":67.8},{"type":"A","date":"2018-04-18T01:30:02.000Z","volume":5000,"label":" ","price":67.8},{"type":"A","date":"2018-04-18T01:30:02.000Z","volume":24500,"label":" ","price":67.8},{"type":"A","date":"2018-04-18T01:30:02.000Z","volume":500,"label":" ","price":67.8},{"type":"A","date":"2018-04-18T01:30:02.000Z","volume":1000,"label":" ","price":67.8},{"type":"A","date":"2018-04-18T01:30:03.000Z","volume":500,"label":" ","price":67.8},{"type":"A","date":"2018-04-18T01:30:03.000Z","volume":3000,"label":" ","price":67.8},{"type":"A","date":"2018-04-18T01:30:03.000Z","volume":5000,"label":" ","price":67.8},{"type":"B","date":"2018-04-18T01:30:03.000Z","volume":1000,"label":" ","price":67.8},{"type":"B","date":"2018-04-18T01:30:03.000Z","volume":2500,"label":" ","price":67.8},{"type":"B","date":"2018-04-18T01:30:03.000Z","volume":2500,"label":" ","price":67.7},{"type":"A","date":"2018-04-18T01:30:03.000Z","volume":1500,"label":" ","price":67.8},{"type":"A","date":"2018-04-18T01:30:04.000Z","volume":500,"label":" ","price":67.8},{"type":"A","date":"2018-04-18T01:30:04.000Z","volume":10000,"label":" ","price":67.8},{"type":"A","date":"2018-04-18T01:30:04.000Z","volume":2500,"label":" ","price":67.8},{"type":"A","date":"2018-04-18T01:30:05.000Z","volume":2500,"label":" ","price":67.8},{"type":"B","date":"2018-04-18T01:30:05.000Z","volume":2000,"label":" ","price":67.65},{"type":"A","date":"2018-04-18T01:30:05.000Z","volume":15500,"label":" ","price":67.8},{"type":"A","date":"2018-04-18T01:30:06.000Z","volume":6000,"label":" ","price":67.8},{"type":"A","date":"2018-04-18T01:30:06.000Z","volume":500,"label":" ","price":67.75},{"type":"A","date":"2018-04-18T01:30:06.000Z","volume":500,"label":" ","price":67.8},{"type":"A","date":"2018-04-18T01:30:06.000Z","volume":6000,"label":" ","price":67.8},{"type":"B","date":"2018-04-18T01:30:07.000Z","volume":3000,"label":" ","price":67.65},{"type":"A","date":"2018-04-18T01:30:08.000Z","volume":500,"label":" ","price":67.9},{"type":"A","date":"2018-04-18T01:30:09.000Z","volume":1500,"label":" ","price":67.9},{"type":"A","date":"2018-04-18T01:30:09.000Z","volume":500,"label":" ","price":67.9},{"type":"A","date":"2018-04-18T01:30:10.000Z","volume":500,"label":" ","price":67.9},{"type":"A","date":"2018-04-18T01:30:10.000Z","volume":500,"label":" ","price":67.9},{"type":"A","date":"2018-04-18T01:30:10.000Z","volume":1000,"label":" ","price":67.9},{"type":"A","date":"2018-04-18T01:30:10.000Z","volume":1500,"label":" ","price":67.9},{"type":"B","date":"2018-04-18T01:30:11.000Z","volume":500,"label":" ","price":67.9},{"type":"B","date":"2018-04-18T01:30:11.000Z","volume":1000,"label":" ","price":67.9},{"type":"B","date":"2018-04-18T01:30:11.000Z","volume":3000,"label":" ","price":67.9},{"type":"A","date":"2018-04-18T01:30:11.000Z","volume":500,"label":" ","price":67.95},{"type":"B","date":"2018-04-18T01:30:12.000Z","volume":500,"label":" ","price":67.9},{"type":"B","date":"2018-04-18T01:30:13.000Z","volume":1000,"label":" ","price":67.9},{"type":"B","date":"2018-04-18T01:30:13.000Z","volume":7000,"label":" ","price":67.9},{"type":"U","date":"2018-04-18T01:30:13.000Z","volume":1000,"label":" ","price":67.95},{"type":"B","date":"2018-04-18T01:30:14.000Z","volume":2500,"label":" ","price":67.9},{"type":"B","date":"2018-04-18T01:30:15.000Z","volume":1500,"label":" ","price":67.85},{"type":"B","date":"2018-04-18T01:30:16.000Z","volume":500,"label":" ","price":67.8},{"type":"B","date":"2018-04-18T01:30:16.000Z","volume":1000,"label":" ","price":67.8},{"type":"A","date":"2018-04-18T01:30:17.000Z","volume":500,"label":" ","price":67.9},{"type":"A","date":"2018-04-18T01:30:20.000Z","volume":2500,"label":" ","price":67.7},{"type":"B","date":"2018-04-18T01:30:22.000Z","volume":1000,"label":" ","price":67.65},{"type":"B","date":"2018-04-18T01:30:23.000Z","volume":500,"label":" ","price":67.6},{"type":"B","date":"2018-04-18T01:30:27.000Z","volume":1500,"label":" ","price":67.65},{"type":"B","date":"2018-04-18T01:30:27.000Z","volume":500,"label":" ","price":67.6},{"type":"B","date":"2018-04-18T01:30:27.000Z","volume":3000,"label":" ","price":67.55},{"type":"B","date":"2018-04-18T01:30:27.000Z","volume":500,"label":" ","price":67.55},{"type":"B","date":"2018-04-18T01:30:29.000Z","volume":1000,"label":" ","price":67.55},{"type":"A","date":"2018-04-18T01:30:29.000Z","volume":500,"label":" ","price":67.65},{"type":"A","date":"2018-04-18T01:30:30.000Z","volume":1000,"label":" ","price":67.7},{"type":"A","date":"2018-04-18T01:30:30.000Z","volume":500,"label":" ","price":67.7},{"type":"A","date":"2018-04-18T01:30:30.000Z","volume":500,"label":" ","price":67.7},{"type":"A","date":"2018-04-18T01:30:30.000Z","volume":500,"label":" ","price":67.65},{"type":"B","date":"2018-04-18T01:30:31.000Z","volume":500,"label":" ","price":67.6},{"type":"U","date":"2018-04-18T01:30:55.000Z","volume":500,"label":" ","price":67.65},{"type":"U","date":"2018-04-18T01:30:55.000Z","volume":500,"label":" ","price":67.65},{"type":"B","date":"2018-04-18T01:31:01.000Z","volume":3500,"label":" ","price":67.65},{"type":"B","date":"2018-04-18T01:31:01.000Z","volume":500,"label":" ","price":67.65},{"type":"B","date":"2018-04-18T01:31:01.000Z","volume":500,"label":" ","price":67.65},{"type":"B","date":"2018-04-18T01:31:01.000Z","volume":1000,"label":" ","price":67.55},{"type":"A","date":"2018-04-18T01:31:02.000Z","volume":1000,"label":" ","price":67.65},{"type":"A","date":"2018-04-18T01:31:03.000Z","volume":1000,"label":" ","price":67.65},{"type":"U","date":"2018-04-18T01:31:07.000Z","volume":500,"label":"X","price":67.6},{"type":"A","date":"2018-04-18T01:31:09.000Z","volume":500,"label":" ","price":67.65},{"type":"B","date":"2018-04-18T01:31:11.000Z","volume":500,"label":" ","price":67.55},{"type":"A","date":"2018-04-18T01:31:14.000Z","volume":500,"label":" ","price":67.65},{"type":"A","date":"2018-04-18T01:31:22.000Z","volume":500,"label":" ","price":67.65},{"type":"A","date":"2018-04-18T01:31:24.000Z","volume":500,"label":" ","price":67.7},{"type":"B","date":"2018-04-18T01:31:28.000Z","volume":2500,"label":" ","price":67.55},{"type":"B","date":"2018-04-18T01:31:29.000Z","volume":500,"label":" ","price":67.55},{"type":"B","date":"2018-04-18T01:31:30.000Z","volume":1500,"label":" ","price":67.55},{"type":"B","date":"2018-04-18T01:31:31.000Z","volume":500,"label":" ","price":67.55},{"type":"B","date":"2018-04-18T01:31:31.000Z","volume":1500,"label":" ","price":67.55},{"type":"A","date":"2018-04-18T01:31:33.000Z","volume":500,"label":" ","price":67.65},{"type":"A","date":"2018-04-18T01:31:51.000Z","volume":500,"label":" ","price":67.65},{"type":"A","date":"2018-04-18T01:31:54.000Z","volume":500,"label":" ","price":67.65},{"type":"A","date":"2018-04-18T01:31:54.000Z","volume":1000,"label":" ","price":67.65},{"type":"A","date":"2018-04-18T01:31:55.000Z","volume":500,"label":" ","price":67.65},{"type":"B","date":"2018-04-18T01:31:57.000Z","volume":500,"label":" ","price":67.55},{"type":"U","date":"2018-04-18T01:32:02.000Z","volume":500,"label":" ","price":67.6},{"type":"B","date":"2018-04-18T01:32:12.000Z","volume":500,"label":" ","price":67.6},{"type":"A","date":"2018-04-18T01:32:13.000Z","volume":2000,"label":" ","price":67.65},{"type":"B","date":"2018-04-18T01:32:13.000Z","volume":500,"label":" ","price":67.6},{"type":"A","date":"2018-04-18T01:32:14.000Z","volume":500,"label":" ","price":67.65},{"type":"A","date":"2018-04-18T01:32:15.000Z","volume":500,"label":" ","price":67.65},{"type":"B","date":"2018-04-18T01:32:15.000Z","volume":500,"label":" ","price":67.6},{"type":"A","date":"2018-04-18T01:32:16.000Z","volume":500,"label":" ","price":67.65},{"type":"A","date":"2018-04-18T01:32:19.000Z","volume":6000,"label":" ","price":67.65},{"type":"A","date":"2018-04-18T01:32:21.000Z","volume":1000,"label":" ","price":67.7},{"type":"A","date":"2018-04-18T01:32:21.000Z","volume":500,"label":" ","price":67.7},{"type":"U","date":"2018-04-18T01:32:21.000Z","volume":500,"label":"X","price":67.7},{"type":"A","date":"2018-04-18T01:32:22.000Z","volume":2500,"label":" ","price":67.7},{"type":"B","date":"2018-04-18T01:32:22.000Z","volume":500,"label":" ","price":67.65},{"type":"A","date":"2018-04-18T01:32:23.000Z","volume":1000,"label":" ","price":67.8},{"type":"B","date":"2018-04-18T01:32:23.000Z","volume":500,"label":" ","price":67.65},{"type":"A","date":"2018-04-18T01:32:24.000Z","volume":500,"label":" ","price":67.8},{"type":"A","date":"2018-04-18T01:32:24.000Z","volume":500,"label":" ","price":67.8},{"type":"B","date":"2018-04-18T01:32:25.000Z","volume":500,"label":" ","price":67.65},{"type":"B","date":"2018-04-18T01:32:28.000Z","volume":500,"label":" ","price":67.65},{"type":"B","date":"2018-04-18T01:32:46.000Z","volume":5500,"label":" ","price":67.65},{"type":"B","date":"2018-04-18T01:32:47.000Z","volume":1500,"label":" ","price":67.6},{"type":"B","date":"2018-04-18T01:32:48.000Z","volume":3500,"label":" ","price":67.55},{"type":"U","date":"2018-04-18T01:32:49.000Z","volume":500,"label":" ","price":67.55},{"type":"B","date":"2018-04-18T01:32:49.000Z","volume":1000,"label":" ","price":67.55},{"type":"B","date":"2018-04-18T01:33:12.000Z","volume":1000,"label":" ","price":67.55},{"type":"A","date":"2018-04-18T01:33:19.000Z","volume":1500,"label":" ","price":67.6},{"type":"B","date":"2018-04-18T01:33:25.000Z","volume":1000,"label":" ","price":67.55},{"type":"U","date":"2018-04-18T01:33:29.000Z","volume":1000,"label":" ","price":67.55},{"type":"A","date":"2018-04-18T01:33:30.000Z","volume":500,"label":" ","price":67.55},{"type":"B","date":"2018-04-18T01:33:36.000Z","volume":500,"label":" ","price":67.5},{"type":"B","date":"2018-04-18T01:33:37.000Z","volume":500,"label":" ","price":67.5},{"type":"B","date":"2018-04-18T01:33:38.000Z","volume":4000,"label":" ","price":67.5},{"type":"B","date":"2018-04-18T01:33:38.000Z","volume":500,"label":" ","price":67.45},{"type":"B","date":"2018-04-18T01:33:38.000Z","volume":4000,"label":" ","price":67.45},{"type":"B","date":"2018-04-18T01:33:38.000Z","volume":500,"label":" ","price":67.4},{"type":"A","date":"2018-04-18T01:33:39.000Z","volume":500,"label":" ","price":67.45},{"type":"A","date":"2018-04-18T01:33:41.000Z","volume":500,"label":" ","price":67.45},{"type":"B","date":"2018-04-18T01:33:47.000Z","volume":1500,"label":" ","price":67.4},{"type":"A","date":"2018-04-18T01:33:47.000Z","volume":500,"label":" ","price":67.45},{"type":"B","date":"2018-04-18T01:33:51.000Z","volume":500,"label":" ","price":67.4},{"type":"A","date":"2018-04-18T01:34:29.000Z","volume":500,"label":" ","price":67.45},{"type":"A","date":"2018-04-18T01:34:34.000Z","volume":1500,"label":" ","price":67.45},{"type":"A","date":"2018-04-18T01:34:35.000Z","volume":500,"label":" ","price":67.45},{"type":"A","date":"2018-04-18T01:34:39.000Z","volume":500,"label":" ","price":67.45},{"type":"A","date":"2018-04-18T01:34:39.000Z","volume":500,"label":" ","price":67.45},{"type":"A","date":"2018-04-18T01:34:44.000Z","volume":500,"label":" ","price":67.45},{"type":"A","date":"2018-04-18T01:34:58.000Z","volume":500,"label":" ","price":67.4},{"type":"A","date":"2018-04-18T01:34:58.000Z","volume":1000,"label":" ","price":67.4},{"type":"U","date":"2018-04-18T01:35:26.000Z","volume":500,"label":" ","price":67.4},{"type":"U","date":"2018-04-18T01:35:26.000Z","volume":500,"label":" ","price":67.4},{"type":"B","date":"2018-04-18T01:35:27.000Z","volume":1000,"label":" ","price":67.4},{"type":"A","date":"2018-04-18T01:35:28.000Z","volume":500,"label":" ","price":67.45},{"type":"B","date":"2018-04-18T01:35:29.000Z","volume":500,"label":" ","price":67.4},{"type":"U","date":"2018-04-18T01:35:31.000Z","volume":500,"label":"X","price":67.425},{"type":"B","date":"2018-04-18T01:35:32.000Z","volume":1500,"label":" ","price":67.4},{"type":"B","date":"2018-04-18T01:35:32.000Z","volume":500,"label":" ","price":67.4},{"type":"B","date":"2018-04-18T01:35:33.000Z","volume":9500,"label":" ","price":67.4},{"type":"B","date":"2018-04-18T01:35:33.000Z","volume":1500,"label":" ","price":67.4},{"type":"B","date":"2018-04-18T01:35:33.000Z","volume":500,"label":" ","price":67.4},{"type":"U","date":"2018-04-18T01:35:33.000Z","volume":372,"label":"D","price":67},{"type":"A","date":"2018-04-18T01:35:34.000Z","volume":1000,"label":" ","price":67.4},{"type":"A","date":"2018-04-18T01:35:34.000Z","volume":500,"label":" ","price":67.4},{"type":"A","date":"2018-04-18T01:35:35.000Z","volume":1000,"label":" ","price":67.45},{"type":"B","date":"2018-04-18T01:35:40.000Z","volume":1000,"label":" ","price":67.35},{"type":"B","date":"2018-04-18T01:35:41.000Z","volume":2500,"label":" ","price":67.35},{"type":"A","date":"2018-04-18T01:35:43.000Z","volume":500,"label":" ","price":67.4},{"type":"B","date":"2018-04-18T01:36:02.000Z","volume":500,"label":" ","price":67.35},{"type":"A","date":"2018-04-18T01:36:04.000Z","volume":500,"label":" ","price":67.4},{"type":"A","date":"2018-04-18T01:36:04.000Z","volume":500,"label":" ","price":67.4},{"type":"A","date":"2018-04-18T01:36:09.000Z","volume":500,"label":" ","price":67.4},{"type":"A","date":"2018-04-18T01:36:10.000Z","volume":500,"label":" ","price":67.45},{"type":"B","date":"2018-04-18T01:36:14.000Z","volume":1000,"label":" ","price":67.4},{"type":"B","date":"2018-04-18T01:36:37.000Z","volume":10000,"label":" ","price":67.3},{"type":"B","date":"2018-04-18T01:36:37.000Z","volume":500,"label":" ","price":67.3},{"type":"A","date":"2018-04-18T01:36:39.000Z","volume":500,"label":" ","price":67.35},{"type":"B","date":"2018-04-18T01:36:39.000Z","volume":2000,"label":" ","price":67.3},{"type":"A","date":"2018-04-18T01:36:40.000Z","volume":500,"label":" ","price":67.4},{"type":"A","date":"2018-04-18T01:36:55.000Z","volume":500,"label":"Y","price":67.4},{"type":"A","date":"2018-04-18T01:36:55.000Z","volume":500,"label":" ","price":67.4},{"type":"A","date":"2018-04-18T01:37:15.000Z","volume":500,"label":"Y","price":67.45},{"type":"A","date":"2018-04-18T01:37:15.000Z","volume":500,"label":" ","price":67.45},{"type":"A","date":"2018-04-18T01:37:34.000Z","volume":500,"label":" ","price":67.45},{"type":"B","date":"2018-04-18T01:37:36.000Z","volume":500,"label":" ","price":67.4},{"type":"A","date":"2018-04-18T01:37:40.000Z","volume":500,"label":"Y","price":67.45},{"type":"B","date":"2018-04-18T01:37:44.000Z","volume":5000,"label":" ","price":67.4},{"type":"A","date":"2018-04-18T01:37:44.000Z","volume":500,"label":" ","price":67.45},{"type":"B","date":"2018-04-18T01:37:44.000Z","volume":1000,"label":" ","price":67.4},{"type":"B","date":"2018-04-18T01:37:46.000Z","volume":1500,"label":" ","price":67.4},{"type":"A","date":"2018-04-18T01:37:46.000Z","volume":1000,"label":" ","price":67.45},{"type":"B","date":"2018-04-18T01:37:46.000Z","volume":1500,"label":" ","price":67.4},{"type":"B","date":"2018-04-18T01:37:46.000Z","volume":1000,"label":" ","price":67.4},{"type":"B","date":"2018-04-18T01:37:48.000Z","volume":500,"label":" ","price":67.35},{"type":"A","date":"2018-04-18T01:37:51.000Z","volume":3500,"label":"Y","price":67.4},{"type":"A","date":"2018-04-18T01:37:51.000Z","volume":5500,"label":" ","price":67.4},{"type":"A","date":"2018-04-18T01:37:51.000Z","volume":500,"label":" ","price":67.4},{"type":"A","date":"2018-04-18T01:37:52.000Z","volume":3500,"label":" ","price":67.45},{"type":"A","date":"2018-04-18T01:37:52.000Z","volume":1500,"label":" ","price":67.45},{"type":"A","date":"2018-04-18T01:37:52.000Z","volume":500,"label":" ","price":67.45},{"type":"A","date":"2018-04-18T01:37:58.000Z","volume":1000,"label":" ","price":67.45},{"type":"U","date":"2018-04-18T01:37:59.000Z","volume":184,"label":"D","price":66.8},{"type":"B","date":"2018-04-18T01:38:07.000Z","volume":1000,"label":" ","price":67.4},{"type":"A","date":"2018-04-18T01:38:18.000Z","volume":1500,"label":" ","price":67.45},{"type":"A","date":"2018-04-18T01:38:18.000Z","volume":9000,"label":" ","price":67.45},{"type":"A","date":"2018-04-18T01:38:19.000Z","volume":500,"label":" ","price":67.45},{"type":"A","date":"2018-04-18T01:38:19.000Z","volume":6500,"label":" ","price":67.5},{"type":"A","date":"2018-04-18T01:38:19.000Z","volume":2000,"label":" ","price":67.5},{"type":"A","date":"2018-04-18T01:38:19.000Z","volume":500,"label":" ","price":67.55},{"type":"B","date":"2018-04-18T01:38:20.000Z","volume":1000,"label":" ","price":67.45},{"type":"A","date":"2018-04-18T01:38:21.000Z","volume":1500,"label":" ","price":67.55},{"type":"A","date":"2018-04-18T01:38:21.000Z","volume":1500,"label":" ","price":67.55},{"type":"A","date":"2018-04-18T01:38:24.000Z","volume":500,"label":" ","price":67.55},{"type":"A","date":"2018-04-18T01:38:26.000Z","volume":10000,"label":" ","price":67.6},{"type":"A","date":"2018-04-18T01:38:26.000Z","volume":500,"label":" ","price":67.65},{"type":"A","date":"2018-04-18T01:38:27.000Z","volume":500,"label":" ","price":67.6},{"type":"A","date":"2018-04-18T01:38:27.000Z","volume":500,"label":" ","price":67.6},{"type":"A","date":"2018-04-18T01:38:27.000Z","volume":500,"label":" ","price":67.6},{"type":"B","date":"2018-04-18T01:38:28.000Z","volume":500,"label":" ","price":67.6},{"type":"A","date":"2018-04-18T01:38:28.000Z","volume":1500,"label":" ","price":67.65},{"type":"A","date":"2018-04-18T01:38:28.000Z","volume":500,"label":" ","price":67.65},{"type":"A","date":"2018-04-18T01:38:31.000Z","volume":500,"label":" ","price":67.65},{"type":"A","date":"2018-04-18T01:38:31.000Z","volume":2000,"label":" ","price":67.65},{"type":"A","date":"2018-04-18T01:38:31.000Z","volume":1000,"label":" ","price":67.7},{"type":"A","date":"2018-04-18T01:38:31.000Z","volume":500,"label":" ","price":67.7},{"type":"B","date":"2018-04-18T01:38:32.000Z","volume":1000,"label":" ","price":67.6},{"type":"B","date":"2018-04-18T01:38:34.000Z","volume":2000,"label":" ","price":67.6},{"type":"B","date":"2018-04-18T01:38:37.000Z","volume":1500,"label":" ","price":67.55},{"type":"U","date":"2018-04-18T01:38:37.000Z","volume":500,"label":" ","price":67.6},{"type":"B","date":"2018-04-18T01:38:38.000Z","volume":500,"label":" ","price":67.55},{"type":"U","date":"2018-04-18T01:38:38.000Z","volume":500,"label":" ","price":67.6},{"type":"A","date":"2018-04-18T01:38:38.000Z","volume":500,"label":" ","price":67.65},{"type":"B","date":"2018-04-18T01:38:44.000Z","volume":1000,"label":" ","price":67.55},{"type":"B","date":"2018-04-18T01:38:44.000Z","volume":1000,"label":" ","price":67.55},{"type":"B","date":"2018-04-18T01:38:44.000Z","volume":500,"label":" ","price":67.55},{"type":"B","date":"2018-04-18T01:39:11.000Z","volume":4000,"label":" ","price":67.5},{"type":"B","date":"2018-04-18T01:39:12.000Z","volume":1000,"label":" ","price":67.5},{"type":"A","date":"2018-04-18T01:39:12.000Z","volume":500,"label":" ","price":67.6},{"type":"A","date":"2018-04-18T01:39:13.000Z","volume":500,"label":" ","price":67.65},{"type":"B","date":"2018-04-18T01:39:33.000Z","volume":500,"label":"Y","price":67.55},{"type":"B","date":"2018-04-18T01:39:33.000Z","volume":3500,"label":" ","price":67.55},{"type":"A","date":"2018-04-18T01:39:33.000Z","volume":500,"label":" ","price":67.6},{"type":"A","date":"2018-04-18T01:39:42.000Z","volume":500,"label":" ","price":67.6},{"type":"A","date":"2018-04-18T01:39:44.000Z","volume":500,"label":" ","price":67.6},{"type":"B","date":"2018-04-18T01:39:44.000Z","volume":500,"label":" ","price":67.55},{"type":"A","date":"2018-04-18T01:40:00.000Z","volume":500,"label":" ","price":67.6},{"type":"B","date":"2018-04-18T01:40:12.000Z","volume":1000,"label":" ","price":67.55},{"type":"A","date":"2018-04-18T01:40:14.000Z","volume":500,"label":" ","price":67.6},{"type":"A","date":"2018-04-18T01:40:46.000Z","volume":500,"label":" ","price":67.6},{"type":"B","date":"2018-04-18T01:40:47.000Z","volume":500,"label":" ","price":67.55},{"type":"A","date":"2018-04-18T01:40:48.000Z","volume":500,"label":" ","price":67.65},{"type":"B","date":"2018-04-18T01:40:58.000Z","volume":500,"label":" ","price":67.55},{"type":"U","date":"2018-04-18T01:40:59.000Z","volume":500,"label":"X","price":67.65},{"type":"B","date":"2018-04-18T01:41:05.000Z","volume":500,"label":" ","price":67.55},{"type":"A","date":"2018-04-18T01:41:16.000Z","volume":2000,"label":" ","price":67.65},{"type":"B","date":"2018-04-18T01:41:16.000Z","volume":500,"label":" ","price":67.6},{"type":"U","date":"2018-04-18T01:41:16.000Z","volume":2000,"label":"X","price":67.6},{"type":"A","date":"2018-04-18T01:41:17.000Z","volume":500,"label":" ","price":67.65},{"type":"A","date":"2018-04-18T01:41:19.000Z","volume":500,"label":" ","price":67.65},{"type":"U","date":"2018-04-18T01:41:30.000Z","volume":500,"label":"X","price":67.625},{"type":"B","date":"2018-04-18T01:41:30.000Z","volume":5000,"label":" ","price":67.6},{"type":"B","date":"2018-04-18T01:41:30.000Z","volume":500,"label":" ","price":67.6},{"type":"A","date":"2018-04-18T01:41:31.000Z","volume":500,"label":" ","price":67.65},{"type":"B","date":"2018-04-18T01:41:32.000Z","volume":1000,"label":" ","price":67.6},{"type":"A","date":"2018-04-18T01:41:32.000Z","volume":1000,"label":" ","price":67.65},{"type":"A","date":"2018-04-18T01:41:33.000Z","volume":500,"label":" ","price":67.65},{"type":"B","date":"2018-04-18T01:41:34.000Z","volume":500,"label":" ","price":67.6},{"type":"B","date":"2018-04-18T01:41:35.000Z","volume":500,"label":" ","price":67.6},{"type":"B","date":"2018-04-18T01:42:00.000Z","volume":1000,"label":" ","price":67.6},{"type":"A","date":"2018-04-18T01:42:49.000Z","volume":500,"label":" ","price":67.65},{"type":"B","date":"2018-04-18T01:42:56.000Z","volume":8000,"label":" ","price":67.6},{"type":"B","date":"2018-04-18T01:42:56.000Z","volume":3000,"label":" ","price":67.55},{"type":"B","date":"2018-04-18T01:42:57.000Z","volume":2000,"label":" ","price":67.5},{"type":"A","date":"2018-04-18T01:43:07.000Z","volume":500,"label":" ","price":67.55},{"type":"B","date":"2018-04-18T01:43:07.000Z","volume":500,"label":" ","price":67.5},{"type":"A","date":"2018-04-18T01:43:16.000Z","volume":3500,"label":" ","price":67.55},{"type":"A","date":"2018-04-18T01:43:16.000Z","volume":500,"label":" ","price":67.6},{"type":"B","date":"2018-04-18T01:43:17.000Z","volume":500,"label":"Y","price":67.55},{"type":"A","date":"2018-04-18T01:43:17.000Z","volume":1500,"label":" ","price":67.6},{"type":"A","date":"2018-04-18T01:43:20.000Z","volume":500,"label":" ","price":67.6},{"type":"B","date":"2018-04-18T01:43:21.000Z","volume":500,"label":" ","price":67.55},{"type":"B","date":"2018-04-18T01:43:33.000Z","volume":7000,"label":" ","price":67.55},{"type":"B","date":"2018-04-18T01:43:33.000Z","volume":500,"label":" ","price":67.55},{"type":"A","date":"2018-04-18T01:43:33.000Z","volume":2000,"label":" ","price":67.6},{"type":"B","date":"2018-04-18T01:43:35.000Z","volume":1500,"label":" ","price":67.5},{"type":"A","date":"2018-04-18T01:43:36.000Z","volume":500,"label":" ","price":67.6},{"type":"A","date":"2018-04-18T01:44:31.000Z","volume":500,"label":" ","price":67.6},{"type":"U","date":"2018-04-18T01:44:48.000Z","volume":500,"label":"X","price":67.55},{"type":"B","date":"2018-04-18T01:44:49.000Z","volume":3000,"label":" ","price":67.5},{"type":"U","date":"2018-04-18T01:44:49.000Z","volume":500,"label":" ","price":67.55},{"type":"U","date":"2018-04-18T01:44:49.000Z","volume":500,"label":" ","price":67.55},{"type":"A","date":"2018-04-18T01:44:49.000Z","volume":1000,"label":" ","price":67.6},{"type":"B","date":"2018-04-18T01:44:50.000Z","volume":1000,"label":" ","price":67.5},{"type":"A","date":"2018-04-18T01:44:50.000Z","volume":500,"label":" ","price":67.55},{"type":"B","date":"2018-04-18T01:44:50.000Z","volume":500,"label":" ","price":67.5},{"type":"A","date":"2018-04-18T01:45:04.000Z","volume":500,"label":" ","price":67.55},{"type":"A","date":"2018-04-18T01:45:04.000Z","volume":500,"label":" ","price":67.55},{"type":"A","date":"2018-04-18T01:45:05.000Z","volume":500,"label":" ","price":67.55},{"type":"A","date":"2018-04-18T01:45:05.000Z","volume":500,"label":" ","price":67.55},{"type":"B","date":"2018-04-18T01:45:06.000Z","volume":500,"label":" ","price":67.5},{"type":"A","date":"2018-04-18T01:45:53.000Z","volume":500,"label":" ","price":67.55},{"type":"A","date":"2018-04-18T01:46:08.000Z","volume":500,"label":" ","price":67.55},{"type":"B","date":"2018-04-18T01:46:09.000Z","volume":500,"label":" ","price":67.5},{"type":"A","date":"2018-04-18T01:46:34.000Z","volume":500,"label":" ","price":67.55},{"type":"A","date":"2018-04-18T01:46:49.000Z","volume":500,"label":" ","price":67.55},{"type":"U","date":"2018-04-18T01:47:34.000Z","volume":500,"label":"X","price":67.525},{"type":"B","date":"2018-04-18T01:48:01.000Z","volume":19000,"label":" ","price":67.5},{"type":"B","date":"2018-04-18T01:48:01.000Z","volume":500,"label":" ","price":67.5},{"type":"B","date":"2018-04-18T01:48:01.000Z","volume":500,"label":" ","price":67.5},{"type":"A","date":"2018-04-18T01:48:01.000Z","volume":1500,"label":" ","price":67.55},{"type":"B","date":"2018-04-18T01:48:01.000Z","volume":500,"label":" ","price":67.5},{"type":"U","date":"2018-04-18T01:48:02.000Z","volume":500,"label":" ","price":67.5},{"type":"B","date":"2018-04-18T01:48:03.000Z","volume":3500,"label":" ","price":67.45},{"type":"B","date":"2018-04-18T01:48:21.000Z","volume":1000,"label":" ","price":67.45},{"type":"A","date":"2018-04-18T01:48:24.000Z","volume":500,"label":" ","price":67.5},{"type":"B","date":"2018-04-18T01:48:26.000Z","volume":500,"label":" ","price":67.45},{"type":"B","date":"2018-04-18T01:48:54.000Z","volume":500,"label":" ","price":67.45},{"type":"B","date":"2018-04-18T01:48:54.000Z","volume":500,"label":" ","price":67.45},{"type":"A","date":"2018-04-18T01:48:54.000Z","volume":1500,"label":" ","price":67.5},{"type":"B","date":"2018-04-18T01:49:08.000Z","volume":1000,"label":" ","price":67.45},{"type":"B","date":"2018-04-18T01:49:41.000Z","volume":2500,"label":" ","price":67.45},{"type":"A","date":"2018-04-18T01:49:41.000Z","volume":1000,"label":" ","price":67.5},{"type":"A","date":"2018-04-18T01:49:44.000Z","volume":500,"label":" ","price":67.5},{"type":"B","date":"2018-04-18T01:49:44.000Z","volume":500,"label":" ","price":67.45},{"type":"B","date":"2018-04-18T01:49:47.000Z","volume":1000,"label":" ","price":67.45},{"type":"B","date":"2018-04-18T01:49:49.000Z","volume":5000,"label":" ","price":67.45},{"type":"B","date":"2018-04-18T01:49:50.000Z","volume":1000,"label":" ","price":67.45},{"type":"A","date":"2018-04-18T01:49:51.000Z","volume":500,"label":" ","price":67.5},{"type":"B","date":"2018-04-18T01:50:09.000Z","volume":2000,"label":" ","price":67.45},{"type":"A","date":"2018-04-18T01:50:09.000Z","volume":500,"label":" ","price":67.5},{"type":"B","date":"2018-04-18T01:50:09.000Z","volume":500,"label":" ","price":67.45},{"type":"A","date":"2018-04-18T01:50:12.000Z","volume":500,"label":" ","price":67.5},{"type":"A","date":"2018-04-18T01:50:14.000Z","volume":500,"label":" ","price":67.5},{"type":"A","date":"2018-04-18T01:50:18.000Z","volume":9000,"label":" ","price":67.5},{"type":"A","date":"2018-04-18T01:50:18.000Z","volume":500,"label":" ","price":67.55},{"type":"A","date":"2018-04-18T01:50:18.000Z","volume":3000,"label":" ","price":67.55},{"type":"A","date":"2018-04-18T01:50:18.000Z","volume":29000,"label":" ","price":67.6},{"type":"A","date":"2018-04-18T01:50:18.000Z","volume":14500,"label":" ","price":67.6},{"type":"A","date":"2018-04-18T01:50:18.000Z","volume":5500,"label":" ","price":67.6},{"type":"A","date":"2018-04-18T01:50:18.000Z","volume":4000,"label":" ","price":67.6},{"type":"A","date":"2018-04-18T01:50:18.000Z","volume":3000,"label":" ","price":67.6},{"type":"U","date":"2018-04-18T01:50:18.000Z","volume":1000,"label":" ","price":67.55},{"type":"A","date":"2018-04-18T01:50:18.000Z","volume":6000,"label":" ","price":67.65},{"type":"U","date":"2018-04-18T01:50:19.000Z","volume":2500,"label":" ","price":67.6},{"type":"U","date":"2018-04-18T01:50:19.000Z","volume":1500,"label":" ","price":67.6},{"type":"B","date":"2018-04-18T01:50:19.000Z","volume":500,"label":" ","price":67.55},{"type":"A","date":"2018-04-18T01:50:21.000Z","volume":500,"label":" ","price":67.65},{"type":"A","date":"2018-04-18T01:50:21.000Z","volume":1500,"label":" ","price":67.65},{"type":"B","date":"2018-04-18T01:50:21.000Z","volume":500,"label":" ","price":67.55},{"type":"B","date":"2018-04-18T01:50:21.000Z","volume":500,"label":"Y","price":67.55},{"type":"B","date":"2018-04-18T01:50:21.000Z","volume":500,"label":" ","price":67.55},{"type":"A","date":"2018-04-18T01:50:22.000Z","volume":1500,"label":" ","price":67.65},{"type":"B","date":"2018-04-18T01:50:22.000Z","volume":500,"label":" ","price":67.55},{"type":"A","date":"2018-04-18T01:50:23.000Z","volume":500,"label":" ","price":67.65},{"type":"B","date":"2018-04-18T01:50:23.000Z","volume":500,"label":" ","price":67.55},{"type":"U","date":"2018-04-18T01:50:28.000Z","volume":172,"label":"D","price":67},{"type":"U","date":"2018-04-18T01:50:29.000Z","volume":1000,"label":" ","price":67.6},{"type":"B","date":"2018-04-18T01:50:32.000Z","volume":4500,"label":" ","price":67.55},{"type":"U","date":"2018-04-18T01:50:32.000Z","volume":500,"label":"X","price":67.55},{"type":"A","date":"2018-04-18T01:50:33.000Z","volume":1500,"label":" ","price":67.6},{"type":"B","date":"2018-04-18T01:50:33.000Z","volume":1500,"label":" ","price":67.55},{"type":"A","date":"2018-04-18T01:50:33.000Z","volume":500,"label":" ","price":67.6},{"type":"A","date":"2018-04-18T01:50:35.000Z","volume":500,"label":" ","price":67.6},{"type":"B","date":"2018-04-18T01:50:36.000Z","volume":1500,"label":" ","price":67.55},{"type":"B","date":"2018-04-18T01:50:36.000Z","volume":500,"label":" ","price":67.5},{"type":"A","date":"2018-04-18T01:50:36.000Z","volume":1000,"label":" ","price":67.6},{"type":"A","date":"2018-04-18T01:50:36.000Z","volume":500,"label":" ","price":67.6},{"type":"B","date":"2018-04-18T01:50:37.000Z","volume":500,"label":" ","price":67.55},{"type":"B","date":"2018-04-18T01:50:38.000Z","volume":1000,"label":" ","price":67.55},{"type":"B","date":"2018-04-18T01:50:39.000Z","volume":500,"label":" ","price":67.5},{"type":"A","date":"2018-04-18T01:50:50.000Z","volume":500,"label":" ","price":67.6},{"type":"A","date":"2018-04-18T01:50:50.000Z","volume":1500,"label":"Y","price":67.65},{"type":"A","date":"2018-04-18T01:50:50.000Z","volume":13000,"label":" ","price":67.65},{"type":"A","date":"2018-04-18T01:50:51.000Z","volume":500,"label":" ","price":67.6},{"type":"A","date":"2018-04-18T01:50:51.000Z","volume":1000,"label":" ","price":67.6},{"type":"B","date":"2018-04-18T01:50:51.000Z","volume":1500,"label":" ","price":67.6},{"type":"A","date":"2018-04-18T01:50:51.000Z","volume":1500,"label":" ","price":67.65},{"type":"B","date":"2018-04-18T01:50:53.000Z","volume":500,"label":" ","price":67.6},{"type":"B","date":"2018-04-18T01:50:57.000Z","volume":500,"label":" ","price":67.6},{"type":"U","date":"2018-04-18T01:51:14.000Z","volume":300,"label":"D","price":67},{"type":"A","date":"2018-04-18T01:51:19.000Z","volume":500,"label":" ","price":67.6},{"type":"A","date":"2018-04-18T01:51:52.000Z","volume":2000,"label":" ","price":67.6},{"type":"A","date":"2018-04-18T01:51:52.000Z","volume":1500,"label":" ","price":67.6},{"type":"A","date":"2018-04-18T01:51:55.000Z","volume":500,"label":" ","price":67.65},{"type":"A","date":"2018-04-18T01:51:55.000Z","volume":500,"label":" ","price":67.65},{"type":"U","date":"2018-04-18T01:52:25.000Z","volume":500,"label":" ","price":67.6},{"type":"B","date":"2018-04-18T01:52:26.000Z","volume":500,"label":"Y","price":67.55},{"type":"B","date":"2018-04-18T01:52:26.000Z","volume":500,"label":" ","price":67.55},{"type":"A","date":"2018-04-18T01:52:26.000Z","volume":500,"label":" ","price":67.65},{"type":"A","date":"2018-04-18T01:52:28.000Z","volume":500,"label":" ","price":67.65},{"type":"A","date":"2018-04-18T01:52:59.000Z","volume":1000,"label":" ","price":67.6},{"type":"U","date":"2018-04-18T01:53:22.000Z","volume":500,"label":" ","price":67.6},{"type":"B","date":"2018-04-18T01:53:22.000Z","volume":500,"label":" ","price":67.55},{"type":"A","date":"2018-04-18T01:53:34.000Z","volume":500,"label":"Y","price":67.65},{"type":"A","date":"2018-04-18T01:53:35.000Z","volume":500,"label":" ","price":67.65},{"type":"B","date":"2018-04-18T01:53:59.000Z","volume":20000,"label":" ","price":67.6},{"type":"B","date":"2018-04-18T01:53:59.000Z","volume":2000,"label":" ","price":67.6},{"type":"A","date":"2018-04-18T01:53:59.000Z","volume":500,"label":" ","price":67.6},{"type":"B","date":"2018-04-18T01:54:00.000Z","volume":4000,"label":" ","price":67.55},{"type":"A","date":"2018-04-18T01:54:00.000Z","volume":1500,"label":" ","price":67.65},{"type":"B","date":"2018-04-18T01:54:00.000Z","volume":500,"label":" ","price":67.55},{"type":"A","date":"2018-04-18T01:54:00.000Z","volume":500,"label":" ","price":67.6},{"type":"U","date":"2018-04-18T01:54:16.000Z","volume":500,"label":"X","price":67.55},{"type":"A","date":"2018-04-18T01:54:40.000Z","volume":500,"label":" ","price":67.65},{"type":"A","date":"2018-04-18T01:54:56.000Z","volume":500,"label":" ","price":67.65},{"type":"B","date":"2018-04-18T01:55:46.000Z","volume":10000,"label":" ","price":67.6},{"type":"B","date":"2018-04-18T01:55:46.000Z","volume":5500,"label":" ","price":67.6},{"type":"B","date":"2018-04-18T01:55:47.000Z","volume":500,"label":" ","price":67.6},{"type":"B","date":"2018-04-18T01:55:47.000Z","volume":1000,"label":" ","price":67.6},{"type":"A","date":"2018-04-18T01:55:49.000Z","volume":1000,"label":" ","price":67.65},{"type":"B","date":"2018-04-18T01:55:49.000Z","volume":1500,"label":" ","price":67.6},{"type":"B","date":"2018-04-18T01:55:51.000Z","volume":500,"label":" ","price":67.6},{"type":"B","date":"2018-04-18T01:56:35.000Z","volume":500,"label":" ","price":67.55},{"type":"U","date":"2018-04-18T01:57:35.000Z","volume":500,"label":"X","price":67.55},{"type":"A","date":"2018-04-18T01:57:46.000Z","volume":1500,"label":" ","price":67.65},{"type":"B","date":"2018-04-18T01:57:48.000Z","volume":500,"label":" ","price":67.55},{"type":"A","date":"2018-04-18T01:58:02.000Z","volume":1500,"label":" ","price":67.65},{"type":"A","date":"2018-04-18T01:58:02.000Z","volume":1500,"label":" ","price":67.65},{"type":"B","date":"2018-04-18T01:58:04.000Z","volume":500,"label":" ","price":67.55},{"type":"A","date":"2018-04-18T01:58:05.000Z","volume":500,"label":" ","price":67.65},{"type":"U","date":"2018-04-18T01:58:07.000Z","volume":500,"label":" ","price":67.6},{"type":"A","date":"2018-04-18T01:58:08.000Z","volume":500,"label":" ","price":67.6},{"type":"A","date":"2018-04-18T01:58:10.000Z","volume":1000,"label":" ","price":67.6},{"type":"B","date":"2018-04-18T01:58:12.000Z","volume":500,"label":" ","price":67.55},{"type":"A","date":"2018-04-18T01:58:15.000Z","volume":500,"label":" ","price":67.65},{"type":"B","date":"2018-04-18T01:58:18.000Z","volume":2000,"label":" ","price":67.55},{"type":"A","date":"2018-04-18T01:58:18.000Z","volume":500,"label":" ","price":67.65},{"type":"B","date":"2018-04-18T01:58:20.000Z","volume":500,"label":" ","price":67.55},{"type":"A","date":"2018-04-18T01:58:52.000Z","volume":500,"label":" ","price":67.65},{"type":"A","date":"2018-04-18T01:59:23.000Z","volume":25000,"label":" ","price":67.65},{"type":"A","date":"2018-04-18T01:59:23.000Z","volume":500,"label":" ","price":67.65},{"type":"A","date":"2018-04-18T01:59:23.000Z","volume":500,"label":" ","price":67.65},{"type":"A","date":"2018-04-18T01:59:23.000Z","volume":3000,"label":" ","price":67.65},{"type":"A","date":"2018-04-18T01:59:23.000Z","volume":500,"label":" ","price":67.65},{"type":"A","date":"2018-04-18T01:59:24.000Z","volume":1000,"label":" ","price":67.65},{"type":"A","date":"2018-04-18T01:59:24.000Z","volume":500,"label":" ","price":67.65},{"type":"B","date":"2018-04-18T01:59:34.000Z","volume":5000,"label":" ","price":67.65},{"type":"B","date":"2018-04-18T01:59:36.000Z","volume":1500,"label":" ","price":67.65},{"type":"U","date":"2018-04-18T02:00:30.000Z","volume":500,"label":"X","price":67.675},{"type":"B","date":"2018-04-18T02:00:30.000Z","volume":500,"label":" ","price":67.65},{"type":"A","date":"2018-04-18T02:00:44.000Z","volume":30500,"label":" ","price":67.7},{"type":"A","date":"2018-04-18T02:00:44.000Z","volume":500,"label":" ","price":67.7},{"type":"A","date":"2018-04-18T02:00:44.000Z","volume":500,"label":" ","price":67.75},{"type":"B","date":"2018-04-18T02:00:46.000Z","volume":1000,"label":" ","price":67.7},{"type":"A","date":"2018-04-18T02:00:54.000Z","volume":12500,"label":" ","price":67.75},{"type":"A","date":"2018-04-18T02:00:54.000Z","volume":500,"label":" ","price":67.75},{"type":"A","date":"2018-04-18T02:00:54.000Z","volume":500,"label":" ","price":67.8},{"type":"B","date":"2018-04-18T02:00:55.000Z","volume":1000,"label":" ","price":67.75},{"type":"B","date":"2018-04-18T02:00:56.000Z","volume":500,"label":" ","price":67.75},{"type":"B","date":"2018-04-18T02:00:56.000Z","volume":2500,"label":" ","price":67.75},{"type":"B","date":"2018-04-18T02:00:58.000Z","volume":500,"label":" ","price":67.7},{"type":"A","date":"2018-04-18T02:01:34.000Z","volume":500,"label":" ","price":67.75},{"type":"B","date":"2018-04-18T02:02:26.000Z","volume":1000,"label":" ","price":67.7},{"type":"B","date":"2018-04-18T02:02:26.000Z","volume":500,"label":" ","price":67.7},{"type":"A","date":"2018-04-18T02:02:30.000Z","volume":500,"label":" ","price":67.75},{"type":"B","date":"2018-04-18T02:02:34.000Z","volume":500,"label":" ","price":67.7},{"type":"B","date":"2018-04-18T02:02:34.000Z","volume":500,"label":" ","price":67.7},{"type":"U","date":"2018-04-18T02:04:25.000Z","volume":368,"label":"D","price":67.5},{"type":"U","date":"2018-04-18T02:04:26.000Z","volume":240,"label":"D","price":67.5},{"type":"A","date":"2018-04-18T02:05:12.000Z","volume":1500,"label":" ","price":67.75},{"type":"A","date":"2018-04-18T02:05:13.000Z","volume":500,"label":" ","price":67.75},{"type":"A","date":"2018-04-18T02:05:36.000Z","volume":500,"label":" ","price":67.75},{"type":"B","date":"2018-04-18T02:06:11.000Z","volume":3000,"label":" ","price":67.7},{"type":"B","date":"2018-04-18T02:06:11.000Z","volume":500,"label":" ","price":67.7},{"type":"B","date":"2018-04-18T02:06:12.000Z","volume":500,"label":" ","price":67.7},{"type":"A","date":"2018-04-18T02:06:32.000Z","volume":500,"label":" ","price":67.75},{"type":"B","date":"2018-04-18T02:07:45.000Z","volume":5000,"label":" ","price":67.7},{"type":"B","date":"2018-04-18T02:07:45.000Z","volume":500,"label":" ","price":67.7},{"type":"B","date":"2018-04-18T02:07:45.000Z","volume":1500,"label":" ","price":67.7},{"type":"B","date":"2018-04-18T02:07:50.000Z","volume":1500,"label":" ","price":67.7},{"type":"B","date":"2018-04-18T02:07:51.000Z","volume":500,"label":" ","price":67.7},{"type":"A","date":"2018-04-18T02:08:37.000Z","volume":500,"label":" ","price":67.75},{"type":"B","date":"2018-04-18T02:08:50.000Z","volume":500,"label":" ","price":67.7},{"type":"B","date":"2018-04-18T02:08:51.000Z","volume":500,"label":" ","price":67.7},{"type":"U","date":"2018-04-18T02:09:32.000Z","volume":500,"label":"X","price":67.725},{"type":"B","date":"2018-04-18T02:09:33.000Z","volume":15000,"label":" ","price":67.7},{"type":"B","date":"2018-04-18T02:09:33.000Z","volume":500,"label":" ","price":67.65},{"type":"B","date":"2018-04-18T02:09:33.000Z","volume":500,"label":" ","price":67.7},{"type":"B","date":"2018-04-18T02:09:34.000Z","volume":4000,"label":" ","price":67.65},{"type":"B","date":"2018-04-18T02:09:34.000Z","volume":500,"label":" ","price":67.65},{"type":"B","date":"2018-04-18T02:09:35.000Z","volume":2000,"label":" ","price":67.65},{"type":"B","date":"2018-04-18T02:09:49.000Z","volume":500,"label":" ","price":67.6},{"type":"B","date":"2018-04-18T02:10:03.000Z","volume":500,"label":" ","price":67.6},{"type":"B","date":"2018-04-18T02:10:03.000Z","volume":500,"label":" ","price":67.6},{"type":"U","date":"2018-04-18T02:10:08.000Z","volume":2000,"label":" ","price":67.6},{"type":"B","date":"2018-04-18T02:10:08.000Z","volume":500,"label":" ","price":67.55},{"type":"A","date":"2018-04-18T02:10:13.000Z","volume":500,"label":" ","price":67.65},{"type":"U","date":"2018-04-18T02:11:09.000Z","volume":5,"label":"D","price":67.05},{"type":"B","date":"2018-04-18T02:12:13.000Z","volume":3000,"label":"Y","price":67.55},{"type":"B","date":"2018-04-18T02:12:13.000Z","volume":5500,"label":" ","price":67.55},{"type":"U","date":"2018-04-18T02:12:13.000Z","volume":500,"label":" ","price":67.55},{"type":"B","date":"2018-04-18T02:12:14.000Z","volume":1500,"label":" ","price":67.5},{"type":"U","date":"2018-04-18T02:12:35.000Z","volume":368,"label":"D","price":67.2},{"type":"B","date":"2018-04-18T02:13:25.000Z","volume":10000,"label":" ","price":67.5},{"type":"A","date":"2018-04-18T02:13:26.000Z","volume":500,"label":" ","price":67.55},{"type":"A","date":"2018-04-18T02:13:26.000Z","volume":500,"label":" ","price":67.55},{"type":"B","date":"2018-04-18T02:13:26.000Z","volume":2000,"label":" ","price":67.5},{"type":"U","date":"2018-04-18T02:13:31.000Z","volume":500,"label":"X","price":67.55},{"type":"B","date":"2018-04-18T02:13:37.000Z","volume":500,"label":" ","price":67.5},{"type":"B","date":"2018-04-18T02:13:48.000Z","volume":1000,"label":" ","price":67.5},{"type":"B","date":"2018-04-18T02:13:49.000Z","volume":500,"label":" ","price":67.5},{"type":"B","date":"2018-04-18T02:13:55.000Z","volume":500,"label":" ","price":67.5},{"type":"A","date":"2018-04-18T02:13:57.000Z","volume":1500,"label":" ","price":67.5},{"type":"B","date":"2018-04-18T02:14:17.000Z","volume":500,"label":" ","price":67.45},{"type":"U","date":"2018-04-18T02:14:34.000Z","volume":500,"label":" ","price":67.5},{"type":"B","date":"2018-04-18T02:14:35.000Z","volume":500,"label":" ","price":67.45},{"type":"A","date":"2018-04-18T02:14:37.000Z","volume":500,"label":" ","price":67.55},{"type":"B","date":"2018-04-18T02:15:17.000Z","volume":1000,"label":" ","price":67.45},{"type":"B","date":"2018-04-18T02:15:27.000Z","volume":1000,"label":" ","price":67.45},{"type":"B","date":"2018-04-18T02:15:50.000Z","volume":500,"label":"Y","price":67.45},{"type":"B","date":"2018-04-18T02:15:51.000Z","volume":500,"label":"Y","price":67.45},{"type":"A","date":"2018-04-18T02:16:17.000Z","volume":28000,"label":" ","price":67.5},{"type":"A","date":"2018-04-18T02:16:18.000Z","volume":500,"label":" ","price":67.55},{"type":"A","date":"2018-04-18T02:16:18.000Z","volume":3000,"label":" ","price":67.55},{"type":"A","date":"2018-04-18T02:16:18.000Z","volume":500,"label":" ","price":67.55},{"type":"A","date":"2018-04-18T02:16:18.000Z","volume":500,"label":" ","price":67.5},{"type":"B","date":"2018-04-18T02:16:18.000Z","volume":500,"label":" ","price":67.5},{"type":"A","date":"2018-04-18T02:16:18.000Z","volume":3500,"label":" ","price":67.6},{"type":"A","date":"2018-04-18T02:16:34.000Z","volume":500,"label":" ","price":67.6},{"type":"U","date":"2018-04-18T02:16:45.000Z","volume":500,"label":" ","price":67.6},{"type":"A","date":"2018-04-18T02:16:46.000Z","volume":500,"label":" ","price":67.65},{"type":"A","date":"2018-04-18T02:17:19.000Z","volume":500,"label":"Y","price":67.65},{"type":"B","date":"2018-04-18T02:18:05.000Z","volume":2000,"label":" ","price":67.6},{"type":"B","date":"2018-04-18T02:18:13.000Z","volume":11500,"label":" ","price":67.6},{"type":"A","date":"2018-04-18T02:18:13.000Z","volume":500,"label":" ","price":67.6},{"type":"B","date":"2018-04-18T02:18:14.000Z","volume":2000,"label":" ","price":67.55},{"type":"B","date":"2018-04-18T02:18:14.000Z","volume":1000,"label":" ","price":67.55},{"type":"B","date":"2018-04-18T02:19:21.000Z","volume":5000,"label":" ","price":67.55},{"type":"B","date":"2018-04-18T02:19:22.000Z","volume":1000,"label":" ","price":67.55},{"type":"A","date":"2018-04-18T02:19:30.000Z","volume":32000,"label":" ","price":67.6},{"type":"A","date":"2018-04-18T02:19:31.000Z","volume":2000,"label":" ","price":67.65},{"type":"B","date":"2018-04-18T02:19:31.000Z","volume":1000,"label":" ","price":67.6},{"type":"A","date":"2018-04-18T02:19:32.000Z","volume":500,"label":" ","price":67.65},{"type":"B","date":"2018-04-18T02:19:32.000Z","volume":1000,"label":" ","price":67.6},{"type":"A","date":"2018-04-18T02:19:42.000Z","volume":500,"label":" ","price":67.65},{"type":"A","date":"2018-04-18T02:19:53.000Z","volume":500,"label":" ","price":67.65},{"type":"A","date":"2018-04-18T02:20:11.000Z","volume":500,"label":" ","price":67.65},{"type":"B","date":"2018-04-18T02:20:11.000Z","volume":500,"label":" ","price":67.6},{"type":"A","date":"2018-04-18T02:20:23.000Z","volume":500,"label":" ","price":67.65},{"type":"B","date":"2018-04-18T02:20:27.000Z","volume":2000,"label":" ","price":67.6},{"type":"B","date":"2018-04-18T02:20:29.000Z","volume":500,"label":" ","price":67.6},{"type":"B","date":"2018-04-18T02:20:49.000Z","volume":5500,"label":" ","price":67.6},{"type":"B","date":"2018-04-18T02:20:49.000Z","volume":500,"label":" ","price":67.6},{"type":"B","date":"2018-04-18T02:20:50.000Z","volume":1000,"label":" ","price":67.55},{"type":"B","date":"2018-04-18T02:21:12.000Z","volume":2000,"label":" ","price":67.55},{"type":"A","date":"2018-04-18T02:21:33.000Z","volume":500,"label":" ","price":67.6},{"type":"B","date":"2018-04-18T02:21:35.000Z","volume":500,"label":" ","price":67.55},{"type":"B","date":"2018-04-18T02:21:52.000Z","volume":8000,"label":" ","price":67.55},{"type":"B","date":"2018-04-18T02:21:52.000Z","volume":500,"label":" ","price":67.55},{"type":"A","date":"2018-04-18T02:21:53.000Z","volume":1500,"label":" ","price":67.55},{"type":"B","date":"2018-04-18T02:21:54.000Z","volume":1500,"label":" ","price":67.5},{"type":"U","date":"2018-04-18T02:22:06.000Z","volume":236,"label":"D","price":67},{"type":"B","date":"2018-04-18T02:22:56.000Z","volume":2000,"label":" ","price":67.5},{"type":"B","date":"2018-04-18T02:22:56.000Z","volume":500,"label":" ","price":67.5},{"type":"B","date":"2018-04-18T02:22:57.000Z","volume":500,"label":" ","price":67.5},{"type":"B","date":"2018-04-18T02:23:01.000Z","volume":2000,"label":" ","price":67.5},{"type":"B","date":"2018-04-18T02:23:01.000Z","volume":500,"label":" ","price":67.5},{"type":"B","date":"2018-04-18T02:23:01.000Z","volume":3000,"label":" ","price":67.5},{"type":"A","date":"2018-04-18T02:23:01.000Z","volume":1000,"label":" ","price":67.55},{"type":"B","date":"2018-04-18T02:23:01.000Z","volume":500,"label":" ","price":67.5},{"type":"B","date":"2018-04-18T02:23:01.000Z","volume":1000,"label":" ","price":67.45},{"type":"B","date":"2018-04-18T02:23:10.000Z","volume":500,"label":" ","price":67.45},{"type":"B","date":"2018-04-18T02:23:11.000Z","volume":500,"label":" ","price":67.45},{"type":"B","date":"2018-04-18T02:23:11.000Z","volume":500,"label":" ","price":67.45},{"type":"A","date":"2018-04-18T02:23:12.000Z","volume":500,"label":" ","price":67.5},{"type":"U","date":"2018-04-18T02:23:31.000Z","volume":500,"label":"X","price":67.475},{"type":"B","date":"2018-04-18T02:23:36.000Z","volume":1500,"label":" ","price":67.45},{"type":"B","date":"2018-04-18T02:23:36.000Z","volume":1000,"label":"Y","price":67.4},{"type":"B","date":"2018-04-18T02:23:36.000Z","volume":11000,"label":" ","price":67.4},{"type":"B","date":"2018-04-18T02:23:36.000Z","volume":1500,"label":" ","price":67.35},{"type":"B","date":"2018-04-18T02:23:36.000Z","volume":500,"label":" ","price":67.35},{"type":"B","date":"2018-04-18T02:23:38.000Z","volume":2500,"label":" ","price":67.35},{"type":"A","date":"2018-04-18T02:23:40.000Z","volume":500,"label":" ","price":67.45},{"type":"B","date":"2018-04-18T02:23:42.000Z","volume":500,"label":" ","price":67.35},{"type":"B","date":"2018-04-18T02:24:01.000Z","volume":500,"label":"Y","price":67.35},{"type":"B","date":"2018-04-18T02:24:01.000Z","volume":14500,"label":" ","price":67.35},{"type":"B","date":"2018-04-18T02:24:01.000Z","volume":2500,"label":" ","price":67.35},{"type":"U","date":"2018-04-18T02:24:01.000Z","volume":500,"label":" ","price":67.4},{"type":"B","date":"2018-04-18T02:24:02.000Z","volume":500,"label":" ","price":67.35},{"type":"U","date":"2018-04-18T02:24:03.000Z","volume":2500,"label":" ","price":67.4},{"type":"B","date":"2018-04-18T02:24:03.000Z","volume":500,"label":" ","price":67.35},{"type":"A","date":"2018-04-18T02:24:05.000Z","volume":1500,"label":" ","price":67.45},{"type":"A","date":"2018-04-18T02:24:05.000Z","volume":4000,"label":" ","price":67.45},{"type":"A","date":"2018-04-18T02:24:05.000Z","volume":1000,"label":" ","price":67.45},{"type":"B","date":"2018-04-18T02:24:50.000Z","volume":2000,"label":" ","price":67.45},{"type":"B","date":"2018-04-18T02:24:50.000Z","volume":500,"label":" ","price":67.45},{"type":"B","date":"2018-04-18T02:25:05.000Z","volume":1000,"label":" ","price":67.45},{"type":"B","date":"2018-04-18T02:25:21.000Z","volume":500,"label":" ","price":67.45},{"type":"A","date":"2018-04-18T02:25:34.000Z","volume":500,"label":" ","price":67.5},{"type":"A","date":"2018-04-18T02:25:40.000Z","volume":500,"label":" ","price":67.5},{"type":"B","date":"2018-04-18T02:25:42.000Z","volume":500,"label":" ","price":67.45},{"type":"A","date":"2018-04-18T02:25:48.000Z","volume":6000,"label":" ","price":67.5},{"type":"B","date":"2018-04-18T02:25:48.000Z","volume":500,"label":" ","price":67.5},{"type":"B","date":"2018-04-18T02:25:49.000Z","volume":1000,"label":" ","price":67.5},{"type":"A","date":"2018-04-18T02:26:11.000Z","volume":13000,"label":" ","price":67.55},{"type":"A","date":"2018-04-18T02:26:11.000Z","volume":500,"label":" ","price":67.55},{"type":"B","date":"2018-04-18T02:26:11.000Z","volume":500,"label":" ","price":67.55},{"type":"A","date":"2018-04-18T02:26:13.000Z","volume":1000,"label":" ","price":67.6},{"type":"U","date":"2018-04-18T02:26:13.000Z","volume":500,"label":" ","price":67.6},{"type":"B","date":"2018-04-18T02:26:13.000Z","volume":500,"label":" ","price":67.6},{"type":"A","date":"2018-04-18T02:26:13.000Z","volume":1000,"label":" ","price":67.65},{"type":"B","date":"2018-04-18T02:27:03.000Z","volume":3000,"label":" ","price":67.6},{"type":"B","date":"2018-04-18T02:27:03.000Z","volume":2500,"label":" ","price":67.6},{"type":"B","date":"2018-04-18T02:27:04.000Z","volume":1500,"label":" ","price":67.6},{"type":"B","date":"2018-04-18T02:27:04.000Z","volume":500,"label":" ","price":67.6},{"type":"B","date":"2018-04-18T02:27:05.000Z","volume":4000,"label":" ","price":67.6},{"type":"B","date":"2018-04-18T02:27:05.000Z","volume":500,"label":" ","price":67.6},{"type":"B","date":"2018-04-18T02:27:07.000Z","volume":1500,"label":" ","price":67.55},{"type":"A","date":"2018-04-18T02:27:11.000Z","volume":500,"label":" ","price":67.6},{"type":"A","date":"2018-04-18T02:27:21.000Z","volume":500,"label":" ","price":67.6},{"type":"B","date":"2018-04-18T02:27:28.000Z","volume":15500,"label":" ","price":67.55},{"type":"B","date":"2018-04-18T02:27:29.000Z","volume":3000,"label":" ","price":67.5},{"type":"A","date":"2018-04-18T02:28:19.000Z","volume":500,"label":" ","price":67.55},{"type":"A","date":"2018-04-18T02:28:39.000Z","volume":1000,"label":" ","price":67.55},{"type":"A","date":"2018-04-18T02:28:39.000Z","volume":6500,"label":" ","price":67.55},{"type":"A","date":"2018-04-18T02:28:41.000Z","volume":1500,"label":" ","price":67.6},{"type":"B","date":"2018-04-18T02:28:42.000Z","volume":500,"label":" ","price":67.55},{"type":"A","date":"2018-04-18T02:29:21.000Z","volume":1500,"label":" ","price":67.65},{"type":"A","date":"2018-04-18T02:30:21.000Z","volume":5500,"label":" ","price":67.65},{"type":"B","date":"2018-04-18T02:30:23.000Z","volume":500,"label":" ","price":67.6},{"type":"B","date":"2018-04-18T02:30:29.000Z","volume":1000,"label":" ","price":67.6},{"type":"B","date":"2018-04-18T02:30:31.000Z","volume":500,"label":" ","price":67.6},{"type":"A","date":"2018-04-18T02:30:55.000Z","volume":5000,"label":"Y","price":67.65},{"type":"B","date":"2018-04-18T02:30:56.000Z","volume":500,"label":" ","price":67.6},{"type":"A","date":"2018-04-18T02:31:26.000Z","volume":3500,"label":" ","price":67.65},{"type":"B","date":"2018-04-18T02:31:26.000Z","volume":19000,"label":" ","price":67.6},{"type":"B","date":"2018-04-18T02:31:26.000Z","volume":1000,"label":" ","price":67.6},{"type":"A","date":"2018-04-18T02:31:26.000Z","volume":500,"label":" ","price":67.6},{"type":"B","date":"2018-04-18T02:31:26.000Z","volume":500,"label":" ","price":67.6},{"type":"B","date":"2018-04-18T02:31:26.000Z","volume":4500,"label":" ","price":67.55},{"type":"U","date":"2018-04-18T02:31:47.000Z","volume":500,"label":"X","price":67.55},{"type":"A","date":"2018-04-18T02:32:27.000Z","volume":2500,"label":" ","price":67.6},{"type":"B","date":"2018-04-18T02:32:29.000Z","volume":500,"label":" ","price":67.6},{"type":"B","date":"2018-04-18T02:32:31.000Z","volume":500,"label":" ","price":67.6},{"type":"B","date":"2018-04-18T02:34:08.000Z","volume":500,"label":" ","price":67.6},{"type":"B","date":"2018-04-18T02:34:13.000Z","volume":2500,"label":" ","price":67.6},{"type":"B","date":"2018-04-18T02:34:13.000Z","volume":1500,"label":" ","price":67.6},{"type":"B","date":"2018-04-18T02:34:14.000Z","volume":1000,"label":" ","price":67.6},{"type":"B","date":"2018-04-18T02:34:14.000Z","volume":1000,"label":" ","price":67.6},{"type":"B","date":"2018-04-18T02:34:18.000Z","volume":500,"label":" ","price":67.6},{"type":"A","date":"2018-04-18T02:34:24.000Z","volume":500,"label":" ","price":67.65},{"type":"U","date":"2018-04-18T02:34:31.000Z","volume":500,"label":"X","price":67.625},{"type":"B","date":"2018-04-18T02:34:31.000Z","volume":1000,"label":" ","price":67.6},{"type":"B","date":"2018-04-18T02:35:14.000Z","volume":1000,"label":" ","price":67.6},{"type":"A","date":"2018-04-18T02:35:18.000Z","volume":17500,"label":" ","price":67.65},{"type":"A","date":"2018-04-18T02:35:18.000Z","volume":1500,"label":" ","price":67.65},{"type":"A","date":"2018-04-18T02:35:18.000Z","volume":500,"label":" ","price":67.65},{"type":"A","date":"2018-04-18T02:35:18.000Z","volume":500,"label":" ","price":67.65},{"type":"A","date":"2018-04-18T02:35:19.000Z","volume":500,"label":" ","price":67.7},{"type":"B","date":"2018-04-18T02:35:38.000Z","volume":9500,"label":" ","price":67.65},{"type":"B","date":"2018-04-18T02:35:38.000Z","volume":500,"label":" ","price":67.65},{"type":"B","date":"2018-04-18T02:36:23.000Z","volume":20000,"label":" ","price":67.6},{"type":"B","date":"2018-04-18T02:36:23.000Z","volume":500,"label":" ","price":67.6},{"type":"U","date":"2018-04-18T02:36:23.000Z","volume":500,"label":" ","price":67.6},{"type":"U","date":"2018-04-18T02:36:23.000Z","volume":500,"label":" ","price":67.6},{"type":"B","date":"2018-04-18T02:36:24.000Z","volume":3500,"label":" ","price":67.55},{"type":"B","date":"2018-04-18T02:36:24.000Z","volume":500,"label":" ","price":67.55},{"type":"A","date":"2018-04-18T02:36:27.000Z","volume":1000,"label":" ","price":67.6},{"type":"A","date":"2018-04-18T02:36:27.000Z","volume":1500,"label":" ","price":67.6},{"type":"A","date":"2018-04-18T02:36:28.000Z","volume":500,"label":" ","price":67.6},{"type":"B","date":"2018-04-18T02:36:31.000Z","volume":1500,"label":" ","price":67.6},{"type":"B","date":"2018-04-18T02:36:32.000Z","volume":500,"label":" ","price":67.6},{"type":"B","date":"2018-04-18T02:36:57.000Z","volume":2000,"label":" ","price":67.6},{"type":"U","date":"2018-04-18T02:37:18.000Z","volume":52,"label":"D","price":67},{"type":"B","date":"2018-04-18T02:37:20.000Z","volume":500,"label":" ","price":67.6},{"type":"B","date":"2018-04-18T02:37:22.000Z","volume":500,"label":" ","price":67.6},{"type":"A","date":"2018-04-18T02:37:22.000Z","volume":1000,"label":" ","price":67.65},{"type":"B","date":"2018-04-18T02:37:51.000Z","volume":1000,"label":" ","price":67.6},{"type":"B","date":"2018-04-18T02:37:51.000Z","volume":1000,"label":" ","price":67.6},{"type":"B","date":"2018-04-18T02:37:52.000Z","volume":500,"label":" ","price":67.6},{"type":"B","date":"2018-04-18T02:38:04.000Z","volume":4000,"label":" ","price":67.6},{"type":"B","date":"2018-04-18T02:38:04.000Z","volume":1000,"label":" ","price":67.6},{"type":"B","date":"2018-04-18T02:38:04.000Z","volume":500,"label":" ","price":67.55},{"type":"B","date":"2018-04-18T02:38:06.000Z","volume":500,"label":" ","price":67.55},{"type":"B","date":"2018-04-18T02:38:06.000Z","volume":1000,"label":" ","price":67.55},{"type":"A","date":"2018-04-18T02:38:09.000Z","volume":500,"label":" ","price":67.6},{"type":"A","date":"2018-04-18T02:38:16.000Z","volume":1500,"label":" ","price":67.6},{"type":"A","date":"2018-04-18T02:38:16.000Z","volume":13000,"label":" ","price":67.65},{"type":"A","date":"2018-04-18T02:38:16.000Z","volume":500,"label":" ","price":67.65},{"type":"A","date":"2018-04-18T02:38:16.000Z","volume":1000,"label":" ","price":67.65},{"type":"B","date":"2018-04-18T02:38:16.000Z","volume":1000,"label":" ","price":67.65},{"type":"B","date":"2018-04-18T02:38:49.000Z","volume":3000,"label":" ","price":67.65},{"type":"B","date":"2018-04-18T02:38:49.000Z","volume":6500,"label":" ","price":67.65},{"type":"A","date":"2018-04-18T02:38:49.000Z","volume":500,"label":" ","price":67.65},{"type":"B","date":"2018-04-18T02:38:49.000Z","volume":1000,"label":" ","price":67.6},{"type":"A","date":"2018-04-18T02:38:49.000Z","volume":500,"label":" ","price":67.65},{"type":"B","date":"2018-04-18T02:38:51.000Z","volume":500,"label":" ","price":67.6},{"type":"U","date":"2018-04-18T02:39:12.000Z","volume":2000,"label":" ","price":67.55},{"type":"B","date":"2018-04-18T02:39:12.000Z","volume":500,"label":" ","price":67.55},{"type":"B","date":"2018-04-18T02:39:15.000Z","volume":500,"label":" ","price":67.55},{"type":"B","date":"2018-04-18T02:39:17.000Z","volume":500,"label":" ","price":67.5},{"type":"B","date":"2018-04-18T02:39:33.000Z","volume":500,"label":"Y","price":67.55},{"type":"B","date":"2018-04-18T02:39:33.000Z","volume":500,"label":" ","price":67.55},{"type":"B","date":"2018-04-18T02:39:33.000Z","volume":500,"label":" ","price":67.55},{"type":"A","date":"2018-04-18T02:39:34.000Z","volume":500,"label":"Y","price":67.55},{"type":"B","date":"2018-04-18T02:39:34.000Z","volume":500,"label":" ","price":67.5},{"type":"B","date":"2018-04-18T02:39:35.000Z","volume":500,"label":" ","price":67.5},{"type":"A","date":"2018-04-18T02:40:00.000Z","volume":1500,"label":" ","price":67.55},{"type":"B","date":"2018-04-18T02:40:02.000Z","volume":500,"label":" ","price":67.5},{"type":"B","date":"2018-04-18T02:40:15.000Z","volume":500,"label":" ","price":67.5},{"type":"B","date":"2018-04-18T02:40:17.000Z","volume":500,"label":" ","price":67.5},{"type":"U","date":"2018-04-18T02:40:17.000Z","volume":52,"label":"D","price":67.55},{"type":"B","date":"2018-04-18T02:40:43.000Z","volume":7500,"label":" ","price":67.5},{"type":"B","date":"2018-04-18T02:40:43.000Z","volume":1000,"label":" ","price":67.5},{"type":"B","date":"2018-04-18T02:40:44.000Z","volume":1500,"label":" ","price":67.5},{"type":"B","date":"2018-04-18T02:40:47.000Z","volume":1000,"label":"Y","price":67.5},{"type":"B","date":"2018-04-18T02:40:47.000Z","volume":1500,"label":" ","price":67.5},{"type":"B","date":"2018-04-18T02:40:47.000Z","volume":1000,"label":" ","price":67.5},{"type":"B","date":"2018-04-18T02:40:48.000Z","volume":500,"label":" ","price":67.5},{"type":"B","date":"2018-04-18T02:41:27.000Z","volume":1000,"label":" ","price":67.5},{"type":"B","date":"2018-04-18T02:41:27.000Z","volume":500,"label":" ","price":67.5},{"type":"B","date":"2018-04-18T02:41:28.000Z","volume":1000,"label":" ","price":67.5},{"type":"B","date":"2018-04-18T02:41:29.000Z","volume":500,"label":" ","price":67.5},{"type":"B","date":"2018-04-18T02:41:29.000Z","volume":11000,"label":" ","price":67.5},{"type":"A","date":"2018-04-18T02:41:29.000Z","volume":500,"label":" ","price":67.5},{"type":"B","date":"2018-04-18T02:41:29.000Z","volume":2000,"label":" ","price":67.45},{"type":"B","date":"2018-04-18T02:41:29.000Z","volume":500,"label":"Y","price":67.45},{"type":"B","date":"2018-04-18T02:41:29.000Z","volume":2500,"label":" ","price":67.45},{"type":"B","date":"2018-04-18T02:41:31.000Z","volume":1000,"label":" ","price":67.45},{"type":"A","date":"2018-04-18T02:41:32.000Z","volume":5000,"label":" ","price":67.5},{"type":"B","date":"2018-04-18T02:41:32.000Z","volume":500,"label":" ","price":67.5},{"type":"B","date":"2018-04-18T02:41:33.000Z","volume":1000,"label":" ","price":67.5},{"type":"B","date":"2018-04-18T02:41:33.000Z","volume":2500,"label":" ","price":67.5},{"type":"A","date":"2018-04-18T02:41:34.000Z","volume":3000,"label":" ","price":67.55},{"type":"B","date":"2018-04-18T02:41:35.000Z","volume":500,"label":" ","price":67.5},{"type":"B","date":"2018-04-18T02:41:52.000Z","volume":1000,"label":" ","price":67.5},{"type":"B","date":"2018-04-18T02:42:09.000Z","volume":1500,"label":" ","price":67.5},{"type":"B","date":"2018-04-18T02:42:10.000Z","volume":500,"label":" ","price":67.5},{"type":"B","date":"2018-04-18T02:42:29.000Z","volume":10500,"label":" ","price":67.5},{"type":"B","date":"2018-04-18T02:42:31.000Z","volume":2000,"label":" ","price":67.45},{"type":"B","date":"2018-04-18T02:42:40.000Z","volume":500,"label":" ","price":67.45},{"type":"B","date":"2018-04-18T02:42:40.000Z","volume":500,"label":" ","price":67.45},{"type":"B","date":"2018-04-18T02:42:49.000Z","volume":500,"label":" ","price":67.45},{"type":"B","date":"2018-04-18T02:42:59.000Z","volume":1000,"label":" ","price":67.45},{"type":"A","date":"2018-04-18T02:43:00.000Z","volume":1000,"label":" ","price":67.5},{"type":"B","date":"2018-04-18T02:43:00.000Z","volume":1000,"label":" ","price":67.45},{"type":"B","date":"2018-04-18T02:43:00.000Z","volume":500,"label":" ","price":67.45},{"type":"B","date":"2018-04-18T02:43:03.000Z","volume":1500,"label":" ","price":67.45},{"type":"B","date":"2018-04-18T02:43:03.000Z","volume":1000,"label":" ","price":67.45},{"type":"B","date":"2018-04-18T02:43:04.000Z","volume":500,"label":" ","price":67.45},{"type":"B","date":"2018-04-18T02:43:11.000Z","volume":1000,"label":" ","price":67.45},{"type":"B","date":"2018-04-18T02:43:26.000Z","volume":2000,"label":" ","price":67.45},{"type":"B","date":"2018-04-18T02:43:26.000Z","volume":500,"label":" ","price":67.45},{"type":"B","date":"2018-04-18T02:43:28.000Z","volume":1500,"label":" ","price":67.45},{"type":"B","date":"2018-04-18T02:43:28.000Z","volume":1000,"label":" ","price":67.45},{"type":"B","date":"2018-04-18T02:43:28.000Z","volume":2000,"label":" ","price":67.45},{"type":"B","date":"2018-04-18T02:43:28.000Z","volume":1000,"label":" ","price":67.4},{"type":"A","date":"2018-04-18T02:43:58.000Z","volume":5000,"label":" ","price":67.45},{"type":"B","date":"2018-04-18T02:43:58.000Z","volume":1000,"label":" ","price":67.4},{"type":"A","date":"2018-04-18T02:44:04.000Z","volume":9000,"label":" ","price":67.45},{"type":"B","date":"2018-04-18T02:44:18.000Z","volume":1500,"label":" ","price":67.45},{"type":"B","date":"2018-04-18T02:44:18.000Z","volume":500,"label":" ","price":67.45},{"type":"B","date":"2018-04-18T02:44:18.000Z","volume":1000,"label":" ","price":67.45},{"type":"B","date":"2018-04-18T02:44:18.000Z","volume":500,"label":" ","price":67.45},{"type":"B","date":"2018-04-18T02:44:41.000Z","volume":5000,"label":" ","price":67.4},{"type":"B","date":"2018-04-18T02:44:41.000Z","volume":500,"label":" ","price":67.4},{"type":"B","date":"2018-04-18T02:44:42.000Z","volume":1000,"label":" ","price":67.35},{"type":"A","date":"2018-04-18T02:44:56.000Z","volume":5500,"label":" ","price":67.4},{"type":"B","date":"2018-04-18T02:44:56.000Z","volume":500,"label":" ","price":67.35},{"type":"A","date":"2018-04-18T02:45:21.000Z","volume":500,"label":" ","price":67.4},{"type":"A","date":"2018-04-18T02:45:33.000Z","volume":1000,"label":" ","price":67.4},{"type":"B","date":"2018-04-18T02:45:34.000Z","volume":500,"label":" ","price":67.35},{"type":"A","date":"2018-04-18T02:45:37.000Z","volume":3500,"label":" ","price":67.4},{"type":"U","date":"2018-04-18T02:45:38.000Z","volume":500,"label":" ","price":67.4},{"type":"U","date":"2018-04-18T02:45:38.000Z","volume":500,"label":" ","price":67.4},{"type":"A","date":"2018-04-18T02:45:51.000Z","volume":2500,"label":" ","price":67.4},{"type":"B","date":"2018-04-18T02:45:51.000Z","volume":500,"label":" ","price":67.4},{"type":"A","date":"2018-04-18T02:45:58.000Z","volume":1500,"label":" ","price":67.45},{"type":"B","date":"2018-04-18T02:46:08.000Z","volume":9000,"label":" ","price":67.4},{"type":"B","date":"2018-04-18T02:46:08.000Z","volume":500,"label":" ","price":67.4},{"type":"B","date":"2018-04-18T02:46:09.000Z","volume":2000,"label":" ","price":67.35},{"type":"A","date":"2018-04-18T02:46:10.000Z","volume":500,"label":" ","price":67.4},{"type":"A","date":"2018-04-18T02:46:32.000Z","volume":1000,"label":" ","price":67.4},{"type":"A","date":"2018-04-18T02:46:32.000Z","volume":1000,"label":" ","price":67.4},{"type":"B","date":"2018-04-18T02:46:34.000Z","volume":500,"label":" ","price":67.35},{"type":"A","date":"2018-04-18T02:46:54.000Z","volume":1000,"label":" ","price":67.4},{"type":"A","date":"2018-04-18T02:46:54.000Z","volume":500,"label":" ","price":67.4},{"type":"A","date":"2018-04-18T02:46:55.000Z","volume":17000,"label":" ","price":67.4},{"type":"A","date":"2018-04-18T02:46:55.000Z","volume":8000,"label":" ","price":67.4},{"type":"B","date":"2018-04-18T02:46:56.000Z","volume":500,"label":" ","price":67.4},{"type":"A","date":"2018-04-18T02:47:09.000Z","volume":3000,"label":" ","price":67.45},{"type":"A","date":"2018-04-18T02:47:09.000Z","volume":1000,"label":" ","price":67.45},{"type":"U","date":"2018-04-18T02:47:55.000Z","volume":500,"label":"X","price":67.475},{"type":"B","date":"2018-04-18T02:48:07.000Z","volume":500,"label":" ","price":67.45},{"type":"B","date":"2018-04-18T02:48:17.000Z","volume":500,"label":" ","price":67.45},{"type":"B","date":"2018-04-18T02:48:34.000Z","volume":1000,"label":" ","price":67.45},{"type":"B","date":"2018-04-18T02:48:34.000Z","volume":500,"label":" ","price":67.45},{"type":"A","date":"2018-04-18T02:48:44.000Z","volume":1000,"label":" ","price":67.5},{"type":"A","date":"2018-04-18T02:48:55.000Z","volume":2000,"label":" ","price":67.5},{"type":"A","date":"2018-04-18T02:49:07.000Z","volume":2000,"label":" ","price":67.5},{"type":"A","date":"2018-04-18T02:49:13.000Z","volume":1000,"label":" ","price":67.5},{"type":"B","date":"2018-04-18T02:49:20.000Z","volume":500,"label":" ","price":67.45},{"type":"B","date":"2018-04-18T02:49:41.000Z","volume":10000,"label":" ","price":67.45},{"type":"B","date":"2018-04-18T02:49:43.000Z","volume":1500,"label":" ","price":67.45},{"type":"B","date":"2018-04-18T02:50:16.000Z","volume":500,"label":" ","price":67.45},{"type":"B","date":"2018-04-18T02:50:44.000Z","volume":12500,"label":" ","price":67.45},{"type":"B","date":"2018-04-18T02:50:44.000Z","volume":3000,"label":" ","price":67.45},{"type":"B","date":"2018-04-18T02:50:44.000Z","volume":2500,"label":" ","price":67.45},{"type":"B","date":"2018-04-18T02:50:44.000Z","volume":7500,"label":" ","price":67.45},{"type":"B","date":"2018-04-18T02:50:44.000Z","volume":1000,"label":" ","price":67.45},{"type":"B","date":"2018-04-18T02:50:44.000Z","volume":4000,"label":" ","price":67.45},{"type":"B","date":"2018-04-18T02:50:44.000Z","volume":500,"label":" ","price":67.45},{"type":"B","date":"2018-04-18T02:50:46.000Z","volume":5000,"label":" ","price":67.4},{"type":"B","date":"2018-04-18T02:50:48.000Z","volume":500,"label":" ","price":67.35},{"type":"U","date":"2018-04-18T02:51:40.000Z","volume":217000,"label":"X","price":67.475},{"type":"A","date":"2018-04-18T02:52:00.000Z","volume":4500,"label":" ","price":67.45},{"type":"B","date":"2018-04-18T02:52:02.000Z","volume":1000,"label":" ","price":67.35},{"type":"U","date":"2018-04-18T02:52:16.000Z","volume":190500,"label":"X","price":67.45},{"type":"A","date":"2018-04-18T02:53:00.000Z","volume":20000,"label":" ","price":67.45},{"type":"A","date":"2018-04-18T02:53:00.000Z","volume":3500,"label":" ","price":67.45},{"type":"A","date":"2018-04-18T02:53:00.000Z","volume":500,"label":" ","price":67.45},{"type":"B","date":"2018-04-18T02:53:00.000Z","volume":500,"label":" ","price":67.45},{"type":"A","date":"2018-04-18T02:53:00.000Z","volume":500,"label":"Y","price":67.5},{"type":"A","date":"2018-04-18T02:53:00.000Z","volume":3500,"label":" ","price":67.5},{"type":"B","date":"2018-04-18T02:53:00.000Z","volume":500,"label":" ","price":67.45},{"type":"A","date":"2018-04-18T02:53:00.000Z","volume":1500,"label":"Y","price":67.5},{"type":"B","date":"2018-04-18T02:53:01.000Z","volume":1000,"label":" ","price":67.45},{"type":"A","date":"2018-04-18T02:53:03.000Z","volume":500,"label":"Y","price":67.5},{"type":"B","date":"2018-04-18T02:53:03.000Z","volume":500,"label":"Y","price":67.45},{"type":"B","date":"2018-04-18T02:53:07.000Z","volume":500,"label":" ","price":67.45},{"type":"B","date":"2018-04-18T02:53:19.000Z","volume":4000,"label":" ","price":67.45},{"type":"B","date":"2018-04-18T02:53:19.000Z","volume":3000,"label":" ","price":67.45},{"type":"B","date":"2018-04-18T02:53:20.000Z","volume":1000,"label":" ","price":67.45},{"type":"A","date":"2018-04-18T02:54:13.000Z","volume":31000,"label":" ","price":67.5},{"type":"A","date":"2018-04-18T02:54:13.000Z","volume":1000,"label":" ","price":67.5},{"type":"A","date":"2018-04-18T02:54:13.000Z","volume":500,"label":"Y","price":67.5},{"type":"A","date":"2018-04-18T02:54:13.000Z","volume":3500,"label":"Y","price":67.5},{"type":"A","date":"2018-04-18T02:54:13.000Z","volume":2000,"label":" ","price":67.5},{"type":"A","date":"2018-04-18T02:54:13.000Z","volume":500,"label":" ","price":67.55},{"type":"A","date":"2018-04-18T02:54:13.000Z","volume":1000,"label":" ","price":67.55},{"type":"B","date":"2018-04-18T02:54:15.000Z","volume":1500,"label":" ","price":67.5},{"type":"A","date":"2018-04-18T02:54:20.000Z","volume":3000,"label":" ","price":67.55},{"type":"A","date":"2018-04-18T02:54:20.000Z","volume":500,"label":" ","price":67.55},{"type":"U","date":"2018-04-18T02:54:25.000Z","volume":1000,"label":"X","price":67.45},{"type":"B","date":"2018-04-18T02:54:45.000Z","volume":3000,"label":" ","price":67.5},{"type":"A","date":"2018-04-18T02:54:58.000Z","volume":500,"label":" ","price":67.55},{"type":"B","date":"2018-04-18T02:55:11.000Z","volume":10000,"label":" ","price":67.5},{"type":"A","date":"2018-04-18T02:55:11.000Z","volume":500,"label":" ","price":67.55},{"type":"U","date":"2018-04-18T02:55:11.000Z","volume":500,"label":"X","price":67.525},{"type":"B","date":"2018-04-18T02:55:15.000Z","volume":500,"label":" ","price":67.5},{"type":"B","date":"2018-04-18T02:55:26.000Z","volume":1000,"label":" ","price":67.5},{"type":"B","date":"2018-04-18T02:55:37.000Z","volume":500,"label":" ","price":67.5},{"type":"A","date":"2018-04-18T02:55:57.000Z","volume":1000,"label":" ","price":67.55},{"type":"B","date":"2018-04-18T02:57:15.000Z","volume":1000,"label":" ","price":67.5},{"type":"A","date":"2018-04-18T02:57:15.000Z","volume":2000,"label":" ","price":67.55},{"type":"A","date":"2018-04-18T02:57:28.000Z","volume":3500,"label":" ","price":67.55},{"type":"A","date":"2018-04-18T02:57:28.000Z","volume":2500,"label":" ","price":67.55},{"type":"A","date":"2018-04-18T02:57:28.000Z","volume":7500,"label":" ","price":67.55},{"type":"A","date":"2018-04-18T02:57:29.000Z","volume":500,"label":" ","price":67.55},{"type":"A","date":"2018-04-18T02:57:29.000Z","volume":500,"label":" ","price":67.55},{"type":"A","date":"2018-04-18T02:57:29.000Z","volume":1500,"label":" ","price":67.55},{"type":"A","date":"2018-04-18T02:57:29.000Z","volume":500,"label":" ","price":67.55},{"type":"A","date":"2018-04-18T02:57:30.000Z","volume":1000,"label":" ","price":67.55},{"type":"A","date":"2018-04-18T02:57:30.000Z","volume":500,"label":" ","price":67.55},{"type":"A","date":"2018-04-18T02:57:30.000Z","volume":2000,"label":" ","price":67.55},{"type":"A","date":"2018-04-18T02:57:31.000Z","volume":500,"label":" ","price":67.55},{"type":"A","date":"2018-04-18T02:57:31.000Z","volume":1000,"label":" ","price":67.55},{"type":"A","date":"2018-04-18T02:57:31.000Z","volume":500,"label":" ","price":67.55},{"type":"A","date":"2018-04-18T02:57:32.000Z","volume":2000,"label":" ","price":67.55},{"type":"A","date":"2018-04-18T02:57:32.000Z","volume":500,"label":" ","price":67.55},{"type":"A","date":"2018-04-18T02:57:32.000Z","volume":500,"label":" ","price":67.55},{"type":"U","date":"2018-04-18T02:57:32.000Z","volume":500,"label":" ","price":67.55},{"type":"U","date":"2018-04-18T02:57:32.000Z","volume":2000,"label":" ","price":67.55},{"type":"U","date":"2018-04-18T02:57:36.000Z","volume":1500,"label":" ","price":67.55},{"type":"U","date":"2018-04-18T02:57:36.000Z","volume":500,"label":" ","price":67.55},{"type":"A","date":"2018-04-18T02:59:14.000Z","volume":1500,"label":" ","price":67.6},{"type":"B","date":"2018-04-18T02:59:28.000Z","volume":500,"label":" ","price":67.55},{"type":"A","date":"2018-04-18T02:59:45.000Z","volume":500,"label":" ","price":67.6},{"type":"A","date":"2018-04-18T03:00:00.000Z","volume":3500,"label":" ","price":67.6},{"type":"A","date":"2018-04-18T03:00:08.000Z","volume":1000,"label":" ","price":67.6},{"type":"A","date":"2018-04-18T03:00:08.000Z","volume":75500,"label":" ","price":67.6},{"type":"A","date":"2018-04-18T03:00:08.000Z","volume":3500,"label":" ","price":67.65},{"type":"A","date":"2018-04-18T03:00:08.000Z","volume":3500,"label":" ","price":67.65},{"type":"A","date":"2018-04-18T03:00:08.000Z","volume":13000,"label":" ","price":67.65},{"type":"A","date":"2018-04-18T03:00:08.000Z","volume":500,"label":" ","price":67.65},{"type":"A","date":"2018-04-18T03:00:08.000Z","volume":1500,"label":" ","price":67.65},{"type":"A","date":"2018-04-18T03:00:09.000Z","volume":1000,"label":" ","price":67.65},{"type":"A","date":"2018-04-18T03:00:09.000Z","volume":1500,"label":" ","price":67.7},{"type":"U","date":"2018-04-18T03:00:09.000Z","volume":500,"label":" ","price":67.7},{"type":"U","date":"2018-04-18T03:00:09.000Z","volume":500,"label":" ","price":67.7},{"type":"A","date":"2018-04-18T03:00:09.000Z","volume":2000,"label":" ","price":67.75},{"type":"U","date":"2018-04-18T03:00:17.000Z","volume":2500,"label":"X","price":67.625},{"type":"A","date":"2018-04-18T03:00:19.000Z","volume":500,"label":" ","price":67.75},{"type":"A","date":"2018-04-18T03:00:19.000Z","volume":500,"label":" ","price":67.75},{"type":"A","date":"2018-04-18T03:00:23.000Z","volume":1000,"label":" ","price":67.75},{"type":"A","date":"2018-04-18T03:00:23.000Z","volume":500,"label":" ","price":67.75},{"type":"A","date":"2018-04-18T03:00:31.000Z","volume":2000,"label":" ","price":67.75},{"type":"A","date":"2018-04-18T03:00:32.000Z","volume":2500,"label":" ","price":67.75},{"type":"A","date":"2018-04-18T03:00:34.000Z","volume":500,"label":" ","price":67.75},{"type":"A","date":"2018-04-18T03:00:42.000Z","volume":1000,"label":" ","price":67.75},{"type":"A","date":"2018-04-18T03:01:04.000Z","volume":500,"label":" ","price":67.75},{"type":"A","date":"2018-04-18T03:01:07.000Z","volume":1000,"label":" ","price":67.75},{"type":"U","date":"2018-04-18T03:01:27.000Z","volume":500,"label":" ","price":67.75},{"type":"U","date":"2018-04-18T03:01:28.000Z","volume":2000,"label":" ","price":67.75},{"type":"U","date":"2018-04-18T03:01:28.000Z","volume":500,"label":" ","price":67.75},{"type":"A","date":"2018-04-18T03:01:28.000Z","volume":500,"label":" ","price":67.75},{"type":"B","date":"2018-04-18T03:01:33.000Z","volume":2000,"label":" ","price":67.7},{"type":"A","date":"2018-04-18T03:01:39.000Z","volume":500,"label":" ","price":67.75},{"type":"A","date":"2018-04-18T03:01:39.000Z","volume":1000,"label":" ","price":67.75},{"type":"A","date":"2018-04-18T03:01:50.000Z","volume":500,"label":" ","price":67.75},{"type":"A","date":"2018-04-18T03:02:02.000Z","volume":2000,"label":" ","price":67.75},{"type":"B","date":"2018-04-18T03:02:14.000Z","volume":2000,"label":" ","price":67.7},{"type":"A","date":"2018-04-18T03:02:47.000Z","volume":500,"label":" ","price":67.75},{"type":"U","date":"2018-04-18T03:02:55.000Z","volume":500,"label":"X","price":67.7},{"type":"A","date":"2018-04-18T03:04:18.000Z","volume":500,"label":" ","price":67.75},{"type":"A","date":"2018-04-18T03:04:31.000Z","volume":500,"label":" ","price":67.75},{"type":"A","date":"2018-04-18T03:05:11.000Z","volume":3000,"label":" ","price":67.75},{"type":"A","date":"2018-04-18T03:05:47.000Z","volume":500,"label":" ","price":67.75},{"type":"A","date":"2018-04-18T03:05:48.000Z","volume":500,"label":" ","price":67.75},{"type":"B","date":"2018-04-18T03:05:50.000Z","volume":500,"label":" ","price":67.7},{"type":"A","date":"2018-04-18T03:05:53.000Z","volume":500,"label":" ","price":67.75},{"type":"B","date":"2018-04-18T03:06:15.000Z","volume":19500,"label":" ","price":67.7},{"type":"B","date":"2018-04-18T03:06:15.000Z","volume":13000,"label":" ","price":67.7},{"type":"B","date":"2018-04-18T03:06:15.000Z","volume":6000,"label":" ","price":67.7},{"type":"B","date":"2018-04-18T03:06:15.000Z","volume":500,"label":" ","price":67.7},{"type":"B","date":"2018-04-18T03:06:15.000Z","volume":2000,"label":" ","price":67.7},{"type":"B","date":"2018-04-18T03:06:15.000Z","volume":1500,"label":"Y","price":67.7},{"type":"B","date":"2018-04-18T03:06:16.000Z","volume":1000,"label":"Y","price":67.65},{"type":"B","date":"2018-04-18T03:06:16.000Z","volume":4000,"label":" ","price":67.65},{"type":"A","date":"2018-04-18T03:06:16.000Z","volume":500,"label":" ","price":67.65},{"type":"B","date":"2018-04-18T03:06:16.000Z","volume":1000,"label":" ","price":67.6},{"type":"U","date":"2018-04-18T03:06:25.000Z","volume":1000,"label":"X","price":67.65},{"type":"A","date":"2018-04-18T03:07:53.000Z","volume":500,"label":"Y","price":67.65},{"type":"A","date":"2018-04-18T03:07:57.000Z","volume":3500,"label":" ","price":67.65},{"type":"A","date":"2018-04-18T03:08:11.000Z","volume":10000,"label":" ","price":67.65},{"type":"A","date":"2018-04-18T03:08:11.000Z","volume":500,"label":"Y","price":67.65},{"type":"A","date":"2018-04-18T03:08:13.000Z","volume":1500,"label":" ","price":67.65},{"type":"B","date":"2018-04-18T03:08:14.000Z","volume":3500,"label":" ","price":67.65},{"type":"B","date":"2018-04-18T03:08:15.000Z","volume":500,"label":" ","price":67.65},{"type":"A","date":"2018-04-18T03:08:34.000Z","volume":17000,"label":" ","price":67.7},{"type":"B","date":"2018-04-18T03:08:34.000Z","volume":1000,"label":" ","price":67.7},{"type":"B","date":"2018-04-18T03:08:34.000Z","volume":2000,"label":" ","price":67.7},{"type":"B","date":"2018-04-18T03:08:34.000Z","volume":1000,"label":" ","price":67.7},{"type":"B","date":"2018-04-18T03:08:43.000Z","volume":6000,"label":" ","price":67.7},{"type":"B","date":"2018-04-18T03:08:45.000Z","volume":1500,"label":" ","price":67.65},{"type":"B","date":"2018-04-18T03:08:56.000Z","volume":1500,"label":" ","price":67.65},{"type":"U","date":"2018-04-18T03:09:30.000Z","volume":500,"label":"X","price":67.625},{"type":"U","date":"2018-04-18T03:09:45.000Z","volume":184,"label":"D","price":67.1},{"type":"U","date":"2018-04-18T03:09:47.000Z","volume":500,"label":"X","price":67.6},{"type":"B","date":"2018-04-18T03:10:39.000Z","volume":500,"label":"Y","price":67.6},{"type":"A","date":"2018-04-18T03:10:46.000Z","volume":1000,"label":" ","price":67.65},{"type":"A","date":"2018-04-18T03:11:13.000Z","volume":7000,"label":" ","price":67.65},{"type":"A","date":"2018-04-18T03:11:47.000Z","volume":500,"label":" ","price":67.7},{"type":"A","date":"2018-04-18T03:12:07.000Z","volume":2000,"label":" ","price":67.7},{"type":"A","date":"2018-04-18T03:12:44.000Z","volume":1500,"label":" ","price":67.7},{"type":"A","date":"2018-04-18T03:12:48.000Z","volume":500,"label":" ","price":67.7},{"type":"A","date":"2018-04-18T03:13:34.000Z","volume":3000,"label":" ","price":67.7},{"type":"A","date":"2018-04-18T03:13:34.000Z","volume":500,"label":" ","price":67.7},{"type":"A","date":"2018-04-18T03:13:34.000Z","volume":500,"label":" ","price":67.7},{"type":"A","date":"2018-04-18T03:13:35.000Z","volume":500,"label":" ","price":67.7},{"type":"A","date":"2018-04-18T03:13:37.000Z","volume":500,"label":" ","price":67.7},{"type":"U","date":"2018-04-18T03:13:47.000Z","volume":500,"label":"X","price":67.65},{"type":"A","date":"2018-04-18T03:14:42.000Z","volume":500,"label":" ","price":67.7},{"type":"A","date":"2018-04-18T03:14:42.000Z","volume":1000,"label":" ","price":67.7},{"type":"U","date":"2018-04-18T03:14:42.000Z","volume":500,"label":" ","price":67.7},{"type":"B","date":"2018-04-18T03:14:42.000Z","volume":4000,"label":" ","price":67.7},{"type":"B","date":"2018-04-18T03:14:42.000Z","volume":1500,"label":" ","price":67.7},{"type":"B","date":"2018-04-18T03:14:43.000Z","volume":2500,"label":" ","price":67.7},{"type":"U","date":"2018-04-18T03:14:55.000Z","volume":500,"label":"X","price":67.65},{"type":"A","date":"2018-04-18T03:16:31.000Z","volume":500,"label":" ","price":67.7},{"type":"A","date":"2018-04-18T03:16:32.000Z","volume":1000,"label":" ","price":67.7},{"type":"A","date":"2018-04-18T03:16:58.000Z","volume":1000,"label":" ","price":67.7},{"type":"A","date":"2018-04-18T03:17:18.000Z","volume":500,"label":" ","price":67.7},{"type":"B","date":"2018-04-18T03:17:41.000Z","volume":19500,"label":" ","price":67.65},{"type":"B","date":"2018-04-18T03:17:41.000Z","volume":500,"label":"Y","price":67.6},{"type":"B","date":"2018-04-18T03:17:41.000Z","volume":2000,"label":" ","price":67.6},{"type":"B","date":"2018-04-18T03:17:41.000Z","volume":1500,"label":" ","price":67.6},{"type":"U","date":"2018-04-18T03:17:48.000Z","volume":500,"label":"X","price":67.55},{"type":"B","date":"2018-04-18T03:18:16.000Z","volume":500,"label":" ","price":67.6},{"type":"B","date":"2018-04-18T03:19:15.000Z","volume":500,"label":" ","price":67.6},{"type":"A","date":"2018-04-18T03:19:33.000Z","volume":1500,"label":" ","price":67.65},{"type":"B","date":"2018-04-18T03:19:45.000Z","volume":2000,"label":" ","price":67.6},{"type":"B","date":"2018-04-18T03:19:53.000Z","volume":1000,"label":" ","price":67.6},{"type":"B","date":"2018-04-18T03:19:58.000Z","volume":2000,"label":" ","price":67.6},{"type":"B","date":"2018-04-18T03:19:58.000Z","volume":2500,"label":" ","price":67.6},{"type":"B","date":"2018-04-18T03:19:58.000Z","volume":1000,"label":"Y","price":67.6},{"type":"B","date":"2018-04-18T03:19:58.000Z","volume":3500,"label":" ","price":67.6},{"type":"A","date":"2018-04-18T03:19:59.000Z","volume":500,"label":" ","price":67.6},{"type":"A","date":"2018-04-18T03:21:11.000Z","volume":1500,"label":" ","price":67.6},{"type":"A","date":"2018-04-18T03:21:11.000Z","volume":5000,"label":" ","price":67.6},{"type":"A","date":"2018-04-18T03:21:12.000Z","volume":500,"label":" ","price":67.6},{"type":"A","date":"2018-04-18T03:21:54.000Z","volume":1500,"label":" ","price":67.6},{"type":"A","date":"2018-04-18T03:21:54.000Z","volume":2000,"label":" ","price":67.6},{"type":"A","date":"2018-04-18T03:21:54.000Z","volume":7500,"label":" ","price":67.6},{"type":"A","date":"2018-04-18T03:22:02.000Z","volume":500,"label":" ","price":67.6},{"type":"U","date":"2018-04-18T03:22:31.000Z","volume":500,"label":"X","price":67.625},{"type":"U","date":"2018-04-18T03:23:15.000Z","volume":368,"label":"D","price":67.1},{"type":"U","date":"2018-04-18T03:23:47.000Z","volume":2000,"label":"X","price":66.6},{"type":"A","date":"2018-04-18T03:23:50.000Z","volume":500,"label":" ","price":67.65},{"type":"A","date":"2018-04-18T03:24:50.000Z","volume":2500,"label":" ","price":67.65},{"type":"A","date":"2018-04-18T03:25:04.000Z","volume":500,"label":" ","price":67.65},{"type":"A","date":"2018-04-18T03:25:08.000Z","volume":500,"label":" ","price":67.65},{"type":"B","date":"2018-04-18T03:25:25.000Z","volume":500,"label":" ","price":67.6},{"type":"A","date":"2018-04-18T03:25:39.000Z","volume":500,"label":" ","price":67.65},{"type":"A","date":"2018-04-18T03:25:40.000Z","volume":500,"label":" ","price":67.65},{"type":"A","date":"2018-04-18T03:26:20.000Z","volume":500,"label":" ","price":67.65},{"type":"A","date":"2018-04-18T03:26:50.000Z","volume":500,"label":" ","price":67.65},{"type":"A","date":"2018-04-18T03:27:39.000Z","volume":500,"label":" ","price":67.65},{"type":"A","date":"2018-04-18T03:27:47.000Z","volume":3500,"label":" ","price":67.65},{"type":"A","date":"2018-04-18T03:27:47.000Z","volume":500,"label":" ","price":67.65},{"type":"A","date":"2018-04-18T03:27:47.000Z","volume":1500,"label":" ","price":67.65},{"type":"B","date":"2018-04-18T03:28:07.000Z","volume":500,"label":" ","price":67.65},{"type":"A","date":"2018-04-18T03:29:12.000Z","volume":500,"label":" ","price":67.7},{"type":"A","date":"2018-04-18T03:29:12.000Z","volume":500,"label":" ","price":67.7},{"type":"A","date":"2018-04-18T03:29:13.000Z","volume":500,"label":" ","price":67.7},{"type":"A","date":"2018-04-18T03:29:13.000Z","volume":500,"label":" ","price":67.7},{"type":"A","date":"2018-04-18T03:29:15.000Z","volume":500,"label":" ","price":67.7},{"type":"A","date":"2018-04-18T03:29:15.000Z","volume":500,"label":" ","price":67.7},{"type":"A","date":"2018-04-18T03:29:16.000Z","volume":500,"label":" ","price":67.7},{"type":"A","date":"2018-04-18T03:29:16.000Z","volume":500,"label":" ","price":67.7},{"type":"A","date":"2018-04-18T03:29:16.000Z","volume":500,"label":" ","price":67.7},{"type":"A","date":"2018-04-18T03:29:17.000Z","volume":500,"label":" ","price":67.7},{"type":"A","date":"2018-04-18T03:29:17.000Z","volume":500,"label":" ","price":67.7},{"type":"A","date":"2018-04-18T03:29:21.000Z","volume":1500,"label":" ","price":67.7},{"type":"A","date":"2018-04-18T03:29:29.000Z","volume":1500,"label":" ","price":67.7},{"type":"A","date":"2018-04-18T03:29:39.000Z","volume":500,"label":" ","price":67.7},{"type":"A","date":"2018-04-18T03:29:52.000Z","volume":500,"label":" ","price":67.7},{"type":"A","date":"2018-04-18T03:29:58.000Z","volume":500,"label":" ","price":67.7},{"type":"A","date":"2018-04-18T03:30:00.000Z","volume":5500,"label":" ","price":67.7},{"type":"A","date":"2018-04-18T03:30:01.000Z","volume":1000,"label":" ","price":67.7},{"type":"A","date":"2018-04-18T03:30:01.000Z","volume":10000,"label":" ","price":67.7},{"type":"A","date":"2018-04-18T03:30:01.000Z","volume":500,"label":" ","price":67.7},{"type":"A","date":"2018-04-18T03:30:12.000Z","volume":31000,"label":" ","price":67.75},{"type":"A","date":"2018-04-18T03:30:12.000Z","volume":27000,"label":" ","price":67.8},{"type":"A","date":"2018-04-18T03:30:12.000Z","volume":500,"label":" ","price":67.75},{"type":"A","date":"2018-04-18T03:30:12.000Z","volume":1500,"label":" ","price":67.75},{"type":"A","date":"2018-04-18T03:30:13.000Z","volume":500,"label":" ","price":67.8},{"type":"A","date":"2018-04-18T03:30:13.000Z","volume":2500,"label":" ","price":67.8},{"type":"B","date":"2018-04-18T03:30:14.000Z","volume":1000,"label":" ","price":67.8},{"type":"A","date":"2018-04-18T03:30:14.000Z","volume":5000,"label":" ","price":67.85},{"type":"A","date":"2018-04-18T03:30:14.000Z","volume":3500,"label":" ","price":67.85},{"type":"A","date":"2018-04-18T03:30:19.000Z","volume":500,"label":" ","price":67.85},{"type":"A","date":"2018-04-18T03:30:25.000Z","volume":1500,"label":" ","price":67.85},{"type":"A","date":"2018-04-18T03:30:26.000Z","volume":1000,"label":" ","price":67.85},{"type":"A","date":"2018-04-18T03:30:36.000Z","volume":500,"label":" ","price":67.85},{"type":"A","date":"2018-04-18T03:30:48.000Z","volume":500,"label":" ","price":67.85},{"type":"A","date":"2018-04-18T03:30:48.000Z","volume":2000,"label":" ","price":67.85},{"type":"A","date":"2018-04-18T03:31:05.000Z","volume":500,"label":" ","price":67.85},{"type":"B","date":"2018-04-18T03:31:10.000Z","volume":1000,"label":" ","price":67.8},{"type":"A","date":"2018-04-18T03:31:33.000Z","volume":1000,"label":" ","price":67.85},{"type":"A","date":"2018-04-18T03:32:52.000Z","volume":500,"label":" ","price":67.85},{"type":"A","date":"2018-04-18T03:33:05.000Z","volume":1000,"label":" ","price":67.85},{"type":"A","date":"2018-04-18T03:33:11.000Z","volume":500,"label":" ","price":67.85},{"type":"A","date":"2018-04-18T03:33:23.000Z","volume":500,"label":" ","price":67.85},{"type":"A","date":"2018-04-18T03:33:23.000Z","volume":2500,"label":" ","price":67.85},{"type":"B","date":"2018-04-18T03:33:23.000Z","volume":500,"label":" ","price":67.8},{"type":"A","date":"2018-04-18T03:33:24.000Z","volume":500,"label":" ","price":67.85},{"type":"A","date":"2018-04-18T03:33:53.000Z","volume":1000,"label":" ","price":67.85},{"type":"A","date":"2018-04-18T03:34:04.000Z","volume":500,"label":" ","price":67.85},{"type":"A","date":"2018-04-18T03:34:12.000Z","volume":500,"label":" ","price":67.85},{"type":"B","date":"2018-04-18T03:34:30.000Z","volume":500,"label":" ","price":67.8},{"type":"A","date":"2018-04-18T03:35:14.000Z","volume":500,"label":" ","price":67.85},{"type":"A","date":"2018-04-18T03:35:34.000Z","volume":500,"label":" ","price":67.85},{"type":"A","date":"2018-04-18T03:35:52.000Z","volume":500,"label":" ","price":67.85},{"type":"A","date":"2018-04-18T03:35:55.000Z","volume":2000,"label":" ","price":67.85},{"type":"A","date":"2018-04-18T03:35:55.000Z","volume":500,"label":" ","price":67.85},{"type":"A","date":"2018-04-18T03:35:55.000Z","volume":500,"label":" ","price":67.85},{"type":"A","date":"2018-04-18T03:35:55.000Z","volume":500,"label":"Y","price":67.85},{"type":"A","date":"2018-04-18T03:35:55.000Z","volume":500,"label":" ","price":67.85},{"type":"A","date":"2018-04-18T03:35:56.000Z","volume":500,"label":" ","price":67.85},{"type":"U","date":"2018-04-18T03:36:03.000Z","volume":1000,"label":" ","price":67.85},{"type":"A","date":"2018-04-18T03:36:05.000Z","volume":25500,"label":" ","price":67.9},{"type":"B","date":"2018-04-18T03:36:05.000Z","volume":500,"label":" ","price":67.85},{"type":"U","date":"2018-04-18T03:36:18.000Z","volume":500,"label":"X","price":67.8},{"type":"A","date":"2018-04-18T03:36:23.000Z","volume":5500,"label":" ","price":67.95},{"type":"B","date":"2018-04-18T03:36:23.000Z","volume":500,"label":" ","price":67.9},{"type":"A","date":"2018-04-18T03:36:27.000Z","volume":500,"label":" ","price":67.95},{"type":"A","date":"2018-04-18T03:36:39.000Z","volume":6500,"label":" ","price":67.95},{"type":"A","date":"2018-04-18T03:36:46.000Z","volume":1500,"label":" ","price":67.95},{"type":"B","date":"2018-04-18T03:36:49.000Z","volume":500,"label":" ","price":67.9},{"type":"A","date":"2018-04-18T03:37:03.000Z","volume":500,"label":" ","price":67.95},{"type":"A","date":"2018-04-18T03:37:33.000Z","volume":1000,"label":" ","price":67.95},{"type":"A","date":"2018-04-18T03:37:40.000Z","volume":2000,"label":" ","price":67.95},{"type":"B","date":"2018-04-18T03:38:04.000Z","volume":1000,"label":" ","price":67.9},{"type":"B","date":"2018-04-18T03:38:32.000Z","volume":45500,"label":" ","price":67.9},{"type":"B","date":"2018-04-18T03:38:32.000Z","volume":12000,"label":" ","price":67.85},{"type":"B","date":"2018-04-18T03:38:33.000Z","volume":1500,"label":" ","price":67.9},{"type":"B","date":"2018-04-18T03:38:33.000Z","volume":500,"label":"Y","price":67.8},{"type":"B","date":"2018-04-18T03:38:33.000Z","volume":6500,"label":" ","price":67.8},{"type":"B","date":"2018-04-18T03:38:33.000Z","volume":1500,"label":" ","price":67.8},{"type":"B","date":"2018-04-18T03:38:33.000Z","volume":500,"label":" ","price":67.8},{"type":"B","date":"2018-04-18T03:38:33.000Z","volume":500,"label":" ","price":67.75},{"type":"B","date":"2018-04-18T03:38:34.000Z","volume":4000,"label":" ","price":67.7},{"type":"B","date":"2018-04-18T03:38:34.000Z","volume":2500,"label":" ","price":67.7},{"type":"B","date":"2018-04-18T03:38:34.000Z","volume":2000,"label":" ","price":67.65},{"type":"B","date":"2018-04-18T03:38:34.000Z","volume":1500,"label":" ","price":67.65},{"type":"B","date":"2018-04-18T03:38:34.000Z","volume":2500,"label":" ","price":67.6},{"type":"A","date":"2018-04-18T03:38:35.000Z","volume":3000,"label":" ","price":67.65},{"type":"A","date":"2018-04-18T03:38:36.000Z","volume":500,"label":" ","price":67.65},{"type":"A","date":"2018-04-18T03:38:42.000Z","volume":5500,"label":" ","price":67.7},{"type":"A","date":"2018-04-18T03:39:00.000Z","volume":3000,"label":" ","price":67.7},{"type":"A","date":"2018-04-18T03:39:00.000Z","volume":500,"label":" ","price":67.75},{"type":"U","date":"2018-04-18T03:39:06.000Z","volume":5000,"label":" ","price":67.75},{"type":"A","date":"2018-04-18T03:39:07.000Z","volume":6500,"label":" ","price":67.8},{"type":"A","date":"2018-04-18T03:39:07.000Z","volume":2000,"label":" ","price":67.8},{"type":"B","date":"2018-04-18T03:39:07.000Z","volume":500,"label":" ","price":67.8},{"type":"A","date":"2018-04-18T03:39:34.000Z","volume":500,"label":" ","price":67.85},{"type":"A","date":"2018-04-18T03:39:35.000Z","volume":500,"label":" ","price":67.85},{"type":"B","date":"2018-04-18T03:40:05.000Z","volume":3000,"label":" ","price":67.8},{"type":"B","date":"2018-04-18T03:40:57.000Z","volume":500,"label":" ","price":67.8},{"type":"A","date":"2018-04-18T03:41:19.000Z","volume":500,"label":" ","price":67.85},{"type":"A","date":"2018-04-18T03:41:19.000Z","volume":4500,"label":" ","price":67.85},{"type":"A","date":"2018-04-18T03:41:54.000Z","volume":500,"label":" ","price":67.9},{"type":"A","date":"2018-04-18T03:41:59.000Z","volume":500,"label":" ","price":67.9},{"type":"A","date":"2018-04-18T03:42:32.000Z","volume":500,"label":" ","price":67.9},{"type":"U","date":"2018-04-18T03:42:43.000Z","volume":184,"label":"D","price":67.4},{"type":"B","date":"2018-04-18T03:43:35.000Z","volume":1000,"label":" ","price":67.85},{"type":"B","date":"2018-04-18T03:44:02.000Z","volume":500,"label":" ","price":67.85},{"type":"B","date":"2018-04-18T03:44:02.000Z","volume":5500,"label":" ","price":67.85},{"type":"A","date":"2018-04-18T03:44:18.000Z","volume":1000,"label":" ","price":67.9},{"type":"U","date":"2018-04-18T03:44:18.000Z","volume":500,"label":"X","price":67.85},{"type":"A","date":"2018-04-18T03:44:23.000Z","volume":1000,"label":" ","price":67.9},{"type":"B","date":"2018-04-18T03:44:31.000Z","volume":500,"label":"Y","price":67.85},{"type":"B","date":"2018-04-18T03:44:31.000Z","volume":14000,"label":" ","price":67.85},{"type":"B","date":"2018-04-18T03:44:31.000Z","volume":1500,"label":" ","price":67.8},{"type":"B","date":"2018-04-18T03:44:33.000Z","volume":500,"label":"Y","price":67.75},{"type":"B","date":"2018-04-18T03:44:33.000Z","volume":2000,"label":" ","price":67.75},{"type":"B","date":"2018-04-18T03:44:33.000Z","volume":500,"label":" ","price":67.75},{"type":"U","date":"2018-04-18T03:44:48.000Z","volume":500,"label":"X","price":67.75},{"type":"B","date":"2018-04-18T03:45:54.000Z","volume":4500,"label":" ","price":67.7},{"type":"B","date":"2018-04-18T03:45:54.000Z","volume":4000,"label":" ","price":67.7},{"type":"B","date":"2018-04-18T03:45:54.000Z","volume":1500,"label":" ","price":67.7},{"type":"B","date":"2018-04-18T03:46:30.000Z","volume":2000,"label":" ","price":67.65},{"type":"B","date":"2018-04-18T03:46:30.000Z","volume":1000,"label":" ","price":67.65},{"type":"B","date":"2018-04-18T03:46:32.000Z","volume":500,"label":" ","price":67.6},{"type":"A","date":"2018-04-18T03:46:40.000Z","volume":1500,"label":" ","price":67.65},{"type":"B","date":"2018-04-18T03:47:00.000Z","volume":500,"label":" ","price":67.6},{"type":"B","date":"2018-04-18T03:47:05.000Z","volume":500,"label":" ","price":67.6},{"type":"B","date":"2018-04-18T03:47:13.000Z","volume":500,"label":" ","price":67.6},{"type":"A","date":"2018-04-18T03:47:13.000Z","volume":500,"label":" ","price":67.65},{"type":"B","date":"2018-04-18T03:48:07.000Z","volume":5000,"label":" ","price":67.6},{"type":"B","date":"2018-04-18T03:48:07.000Z","volume":1000,"label":" ","price":67.6},{"type":"B","date":"2018-04-18T03:48:12.000Z","volume":500,"label":" ","price":67.55},{"type":"B","date":"2018-04-18T03:48:23.000Z","volume":500,"label":" ","price":67.55},{"type":"B","date":"2018-04-18T03:49:16.000Z","volume":1000,"label":" ","price":67.55},{"type":"U","date":"2018-04-18T03:49:41.000Z","volume":500,"label":"X","price":67.575},{"type":"A","date":"2018-04-18T03:49:42.000Z","volume":500,"label":"Y","price":67.6},{"type":"A","date":"2018-04-18T03:49:42.000Z","volume":9000,"label":" ","price":67.6},{"type":"A","date":"2018-04-18T03:49:42.000Z","volume":500,"label":" ","price":67.6},{"type":"A","date":"2018-04-18T03:49:43.000Z","volume":500,"label":" ","price":67.6},{"type":"A","date":"2018-04-18T03:49:43.000Z","volume":500,"label":" ","price":67.6},{"type":"A","date":"2018-04-18T03:50:16.000Z","volume":2000,"label":" ","price":67.6},{"type":"A","date":"2018-04-18T03:50:54.000Z","volume":500,"label":" ","price":67.65},{"type":"B","date":"2018-04-18T03:50:54.000Z","volume":5500,"label":" ","price":67.6},{"type":"U","date":"2018-04-18T03:51:33.000Z","volume":500,"label":"X","price":67.625},{"type":"B","date":"2018-04-18T03:51:58.000Z","volume":500,"label":" ","price":67.6},{"type":"A","date":"2018-04-18T03:52:11.000Z","volume":5000,"label":" ","price":67.65},{"type":"A","date":"2018-04-18T03:52:11.000Z","volume":3000,"label":" ","price":67.65},{"type":"A","date":"2018-04-18T03:53:47.000Z","volume":2000,"label":" ","price":67.65},{"type":"A","date":"2018-04-18T03:53:54.000Z","volume":500,"label":" ","price":67.7},{"type":"A","date":"2018-04-18T03:55:18.000Z","volume":1500,"label":" ","price":67.7},{"type":"B","date":"2018-04-18T03:56:53.000Z","volume":1000,"label":" ","price":67.65},{"type":"A","date":"2018-04-18T03:56:55.000Z","volume":1000,"label":" ","price":67.7},{"type":"A","date":"2018-04-18T03:56:56.000Z","volume":500,"label":" ","price":67.7},{"type":"A","date":"2018-04-18T03:57:47.000Z","volume":58500,"label":" ","price":67.7},{"type":"A","date":"2018-04-18T03:57:47.000Z","volume":500,"label":" ","price":67.7},{"type":"B","date":"2018-04-18T03:57:47.000Z","volume":1500,"label":" ","price":67.65},{"type":"A","date":"2018-04-18T03:57:48.000Z","volume":500,"label":"Y","price":67.75},{"type":"A","date":"2018-04-18T03:57:48.000Z","volume":2000,"label":" ","price":67.75},{"type":"A","date":"2018-04-18T03:57:49.000Z","volume":500,"label":" ","price":67.75},{"type":"A","date":"2018-04-18T03:57:49.000Z","volume":500,"label":" ","price":67.75},{"type":"A","date":"2018-04-18T03:57:50.000Z","volume":1000,"label":" ","price":67.8},{"type":"A","date":"2018-04-18T03:57:50.000Z","volume":2500,"label":" ","price":67.8},{"type":"A","date":"2018-04-18T03:57:56.000Z","volume":500,"label":" ","price":67.8},{"type":"A","date":"2018-04-18T03:57:58.000Z","volume":500,"label":" ","price":67.8},{"type":"A","date":"2018-04-18T03:58:08.000Z","volume":3000,"label":" ","price":67.8},{"type":"A","date":"2018-04-18T03:58:08.000Z","volume":2000,"label":" ","price":67.8},{"type":"A","date":"2018-04-18T03:58:36.000Z","volume":1000,"label":" ","price":67.85},{"type":"A","date":"2018-04-18T03:58:36.000Z","volume":1000,"label":" ","price":67.85},{"type":"U","date":"2018-04-18T03:58:36.000Z","volume":500,"label":" ","price":67.85},{"type":"A","date":"2018-04-18T03:58:42.000Z","volume":2000,"label":" ","price":67.9},{"type":"A","date":"2018-04-18T03:58:56.000Z","volume":500,"label":" ","price":67.9},{"type":"A","date":"2018-04-18T03:58:56.000Z","volume":500,"label":" ","price":67.95},{"type":"A","date":"2018-04-18T03:59:34.000Z","volume":500,"label":" ","price":67.9}