[{"type":"B","date":"2018-05-04T02:51:37.000Z","volume":2000,"label":" ","price":1.61},{"type":"B","date":"2018-05-04T03:07:42.000Z","volume":10000,"label":" ","price":1.61},{"type":"A","date":"2018-05-04T03:12:36.000Z","volume":14000,"label":" ","price":1.62},{"type":"A","date":"2018-05-04T03:12:36.000Z","volume":6000,"label":" ","price":1.63},{"type":"A","date":"2018-05-04T03:12:36.000Z","volume":10000,"label":"Y","price":1.64},{"type":"A","date":"2018-05-04T03:12:36.000Z","volume":4000,"label":" ","price":1.64},{"type":"A","date":"2018-05-04T03:12:36.000Z","volume":6000,"label":" ","price":1.64},{"type":"U","date":"2018-05-04T03:14:32.000Z","volume":10000,"label":" ","price":1.63},{"type":"B","date":"2018-05-04T05:00:07.000Z","volume":2000,"label":" ","price":1.62},{"type":"B","date":"2018-05-04T05:15:58.000Z","volume":2000,"label":" ","price":1.62},{"type":"B","date":"2018-05-04T05:54:17.000Z","volume":8000,"label":" ","price":1.61},{"type":"B","date":"2018-05-04T05:54:37.000Z","volume":4000,"label":" ","price":1.61},{"type":"B","date":"2018-05-04T06:00:16.000Z","volume":8000,"label":" ","price":1.61},{"type":"B","date":"2018-05-04T06:09:40.000Z","volume":132000,"label":" ","price":1.61},{"type":"B","date":"2018-05-04T06:09:40.000Z","volume":418000,"label":" ","price":1.6},{"type":"B","date":"2018-05-04T06:09:40.000Z","volume":6000,"label":" ","price":1.6},{"type":"B","date":"2018-05-04T06:09:40.000Z","volume":114000,"label":" ","price":1.59},{"type":"B","date":"2018-05-04T06:18:32.000Z","volume":22000,"label":" ","price":1.59},{"type":"A","date":"2018-05-04T06:31:35.000Z","volume":6000,"label":" ","price":1.6},{"type":"B","date":"2018-05-04T06:31:48.000Z","volume":20000,"label":" ","price":1.59},{"type":"A","date":"2018-05-04T06:42:31.000Z","volume":4000,"label":" ","price":1.6},{"type":"A","date":"2018-05-04T06:49:54.000Z","volume":16000,"label":"Y","price":1.61},{"type":"B","date":"2018-05-04T06:53:15.000Z","volume":4000,"label":" ","price":1.61},{"type":"A","date":"2018-05-04T06:53:40.000Z","volume":6000,"label":" ","price":1.61},{"type":"A","date":"2018-05-04T06:57:13.000Z","volume":26000,"label":" ","price":1.62},{"type":"A","date":"2018-05-04T06:57:13.000Z","volume":8000,"label":" ","price":1.62},{"type":"B","date":"2018-05-04T07:01:17.000Z","volume":32000,"label":" ","price":1.61},{"type":"B","date":"2018-05-04T07:04:10.000Z","volume":2000,"label":" ","price":1.61},{"type":"A","date":"2018-05-04T07:07:33.000Z","volume":4000,"label":"Y","price":1.61},{"type":"B","date":"2018-05-04T07:12:32.000Z","volume":60000,"label":" ","price":1.6},{"type":"B","date":"2018-05-04T07:25:34.000Z","volume":50000,"label":" ","price":1.6},{"type":"B","date":"2018-05-04T07:25:58.000Z","volume":36000,"label":"Y","price":1.6},{"type":"B","date":"2018-05-04T07:25:58.000Z","volume":2000,"label":" ","price":1.6},{"type":"B","date":"2018-05-04T07:28:47.000Z","volume":26000,"label":" ","price":1.59},{"type":"B","date":"2018-05-04T07:38:00.000Z","volume":40000,"label":" ","price":1.59},{"type":"B","date":"2018-05-04T07:38:41.000Z","volume":40000,"label":" ","price":1.59},{"type":"B","date":"2018-05-04T07:40:25.000Z","volume":146000,"label":" ","price":1.59},{"type":"B","date":"2018-05-04T07:43:35.000Z","volume":6000,"label":" ","price":1.58},{"type":"B","date":"2018-05-04T07:44:08.000Z","volume":26000,"label":" ","price":1.58},{"type":"B","date":"2018-05-04T07:45:08.000Z","volume":40000,"label":" ","price":1.58},{"type":"B","date":"2018-05-04T07:48:05.000Z","volume":14000,"label":" ","price":1.58},{"type":"B","date":"2018-05-04T07:48:05.000Z","volume":8000,"label":" ","price":1.58},{"type":"B","date":"2018-05-04T07:48:27.000Z","volume":20000,"label":" ","price":1.57},{"type":"B","date":"2018-05-04T07:48:40.000Z","volume":2000,"label":" ","price":1.58},{"type":"B","date":"2018-05-04T07:51:37.000Z","volume":28000,"label":" ","price":1.58},{"type":"B","date":"2018-05-04T07:51:37.000Z","volume":72000,"label":"Y","price":1.57},{"type":"A","date":"2018-05-04T07:51:50.000Z","volume":10000,"label":" ","price":1.58},{"type":"B","date":"2018-05-04T07:52:52.000Z","volume":68000,"label":"Y","price":1.57},{"type":"B","date":"2018-05-04T07:52:52.000Z","volume":8000,"label":" ","price":1.57},{"type":"B","date":"2018-05-04T07:54:02.000Z","volume":100000,"label":" ","price":1.57},{"type":"B","date":"2018-05-04T07:54:15.000Z","volume":12000,"label":" ","price":1.57},{"type":"B","date":"2018-05-04T07:55:21.000Z","volume":10000,"label":" ","price":1.57},{"type":"B","date":"2018-05-04T07:55:26.000Z","volume":38000,"label":" ","price":1.57},{"type":"B","date":"2018-05-04T07:55:26.000Z","volume":44000,"label":" ","price":1.56},{"type":"B","date":"2018-05-04T07:57:47.000Z","volume":80000,"label":" ","price":1.57},{"type":"B","date":"2018-05-04T07:58:08.000Z","volume":12000,"label":" ","price":1.57},{"type":"A","date":"2018-05-04T07:58:18.000Z","volume":2000,"label":" ","price":1.57},{"type":"A","date":"2018-05-04T07:58:18.000Z","volume":6000,"label":" ","price":1.58},{"type":"A","date":"2018-05-04T07:59:37.000Z","volume":2000,"label":" ","price":1.57},{"type":"B","date":"2018-05-04T07:59:58.000Z","volume":14000,"label":" ","price":1.56}]