[{"type":"A","date":"2018-03-21T05:55:19.000Z","volume":800000,"price":0.255,"category":"ubbull"},{"type":"A","date":"2018-03-21T05:09:44.000Z","volume":410000,"price":0.255,"category":"ubbull"},{"type":"A","date":"2018-03-21T07:26:29.000Z","volume":170000,"price":0.255,"category":"bbull"},{"type":"A","date":"2018-03-21T06:23:03.000Z","volume":100000,"price":0.255,"category":"bbull"},{"type":"A","date":"2018-03-21T06:18:16.000Z","volume":100000,"price":0.255,"category":"bbull"},{"type":"A","date":"2018-03-21T03:35:03.000Z","volume":100000,"price":0.255,"category":"bbull"},{"type":"A","date":"2018-03-21T02:23:48.000Z","volume":164000,"price":0.25,"category":"bbull"},{"type":"A","date":"2018-03-21T02:23:28.000Z","volume":100000,"price":0.25,"category":"bbull"},{"type":"A","date":"2018-03-21T02:23:21.000Z","volume":100000,"price":0.25,"category":"bbull"},{"type":"A","date":"2018-03-21T02:22:49.000Z","volume":100000,"price":0.25,"category":"bbull"},{"type":"A","date":"2018-03-21T02:14:20.000Z","volume":200000,"price":0.255,"category":"bbull"},{"type":"A","date":"2018-03-21T06:45:46.000Z","volume":2000,"price":0.255,"category":"rbull"},{"type":"A","date":"2018-03-21T06:28:53.000Z","volume":2000,"price":0.255,"category":"rbull"},{"type":"A","date":"2018-03-21T03:44:10.000Z","volume":2000,"price":0.255,"category":"rbull"},{"type":"A","date":"2018-03-21T02:22:58.000Z","volume":2000,"price":0.25,"category":"rbull"},{"type":"A","date":"2018-03-21T02:09:00.000Z","volume":2000,"price":0.255,"category":"rbull"},{"type":"A","date":"2018-03-21T02:08:29.000Z","volume":2000,"price":0.255,"category":"rbull"},{"type":"B","date":"2018-03-21T07:58:00.000Z","volume":2000,"price":0.25,"category":"rbear"},{"type":"B","date":"2018-03-21T07:35:47.000Z","volume":2000,"price":0.255,"category":"rbear"},{"type":"B","date":"2018-03-21T07:30:47.000Z","volume":2000,"price":0.255,"category":"rbear"},{"type":"B","date":"2018-03-21T07:21:47.000Z","volume":2000,"price":0.25,"category":"rbear"},{"type":"B","date":"2018-03-21T07:14:47.000Z","volume":2000,"price":0.25,"category":"rbear"},{"type":"B","date":"2018-03-21T07:02:32.000Z","volume":2000,"price":0.25,"category":"rbear"},{"type":"B","date":"2018-03-21T06:54:32.000Z","volume":2000,"price":0.255,"category":"rbear"},{"type":"B","date":"2018-03-21T06:37:17.000Z","volume":2000,"price":0.255,"category":"rbear"},{"type":"B","date":"2018-03-21T05:54:02.000Z","volume":2000,"price":0.25,"category":"rbear"},{"type":"B","date":"2018-03-21T05:48:14.000Z","volume":2000,"price":0.25,"category":"rbear"},{"type":"B","date":"2018-03-21T05:39:02.000Z","volume":2000,"price":0.25,"category":"rbear"},{"type":"B","date":"2018-03-21T05:09:24.000Z","volume":2000,"price":0.25,"category":"rbear"},{"type":"B","date":"2018-03-21T03:54:12.000Z","volume":2000,"price":0.25,"category":"rbear"},{"type":"B","date":"2018-03-21T03:34:04.000Z","volume":2000,"price":0.25,"category":"rbear"},{"type":"B","date":"2018-03-21T03:20:19.000Z","volume":2000,"price":0.25,"category":"rbear"},{"type":"B","date":"2018-03-21T03:20:19.000Z","volume":2000,"price":0.25,"category":"rbear"},{"type":"B","date":"2018-03-21T02:22:34.000Z","volume":2000,"price":0.25,"category":"rbear"},{"type":"B","date":"2018-03-21T02:22:29.000Z","volume":2000,"price":0.25,"category":"rbear"},{"type":"B","date":"2018-03-21T02:03:19.000Z","volume":2000,"price":0.25,"category":"rbear"},{"type":"B","date":"2018-03-21T01:55:36.000Z","volume":2000,"price":0.249,"category":"rbear"},{"type":"B","date":"2018-03-21T01:55:31.000Z","volume":2000,"price":0.247,"category":"rbear"},{"type":"B","date":"2018-03-21T01:54:42.000Z","volume":2000,"price":0.255,"category":"rbear"},{"type":"B","date":"2018-03-21T07:39:35.000Z","volume":200000,"price":0.255,"category":"bbear"},{"type":"B","date":"2018-03-21T07:38:41.000Z","volume":80000,"price":0.255,"category":"bbear"},{"type":"B","date":"2018-03-21T06:40:41.000Z","volume":98000,"price":0.255,"category":"bbear"},{"type":"B","date":"2018-03-21T07:38:35.000Z","volume":500000,"price":0.255,"category":"ubbear"},{"type":"B","date":"2018-03-21T02:22:24.000Z","volume":512000,"price":0.25,"category":"ubbear"},{"type":"B","date":"2018-03-21T02:06:29.000Z","volume":1176000,"price":0.25,"category":"ubbear"},{"type":"B","date":"2018-03-21T01:54:56.000Z","volume":2130000,"price":0.25,"category":"ubbear"},{"type":"B","date":"2018-03-21T01:54:42.000Z","volume":1390000,"price":0.255,"category":"ubbear"},{"type":"B","date":"2018-03-21T01:54:18.000Z","volume":372000,"price":0.26,"category":"ubbear"}]