[{"type":"A","date":"2018-03-19T07:56:19.000Z","volume":5000,"price":3.4,"category":"ubbull"},{"type":"A","date":"2018-03-19T07:53:50.000Z","volume":5000,"price":3.4,"category":"ubbull"},{"type":"A","date":"2018-03-19T06:18:43.000Z","volume":10000,"price":3.41,"category":"ubbull"},{"type":"A","date":"2018-03-19T06:02:37.000Z","volume":39000,"price":3.41,"category":"ubbull"},{"type":"A","date":"2018-03-19T06:02:37.000Z","volume":16500,"price":3.41,"category":"ubbull"},{"type":"A","date":"2018-03-19T06:02:27.000Z","volume":8500,"price":3.4,"category":"ubbull"},{"type":"A","date":"2018-03-19T05:49:39.000Z","volume":15500,"price":3.4,"category":"ubbull"},{"type":"A","date":"2018-03-19T05:43:23.000Z","volume":670500,"price":3.4,"category":"ubbull"},{"type":"A","date":"2018-03-19T05:01:32.000Z","volume":5500,"price":3.4,"category":"ubbull"},{"type":"A","date":"2018-03-19T03:33:40.000Z","volume":5000,"price":3.39,"category":"ubbull"},{"type":"A","date":"2018-03-19T03:25:57.000Z","volume":10000,"price":3.39,"category":"ubbull"},{"type":"A","date":"2018-03-19T03:24:01.000Z","volume":18000,"price":3.38,"category":"ubbull"},{"type":"A","date":"2018-03-19T03:24:01.000Z","volume":27000,"price":3.38,"category":"ubbull"},{"type":"A","date":"2018-03-19T02:54:09.000Z","volume":50000,"price":3.38,"category":"ubbull"},{"type":"A","date":"2018-03-19T02:48:14.000Z","volume":10000,"price":3.38,"category":"ubbull"},{"type":"A","date":"2018-03-19T02:44:40.000Z","volume":10000,"price":3.38,"category":"ubbull"},{"type":"A","date":"2018-03-19T02:02:22.000Z","volume":6500,"price":3.38,"category":"ubbull"},{"type":"A","date":"2018-03-19T01:46:20.000Z","volume":10000,"price":3.38,"category":"ubbull"},{"type":"A","date":"2018-03-19T07:56:39.000Z","volume":4000,"price":3.4,"category":"bbull"},{"type":"A","date":"2018-03-19T07:50:49.000Z","volume":2500,"price":3.4,"category":"bbull"},{"type":"A","date":"2018-03-19T07:39:34.000Z","volume":2500,"price":3.4,"category":"bbull"},{"type":"A","date":"2018-03-19T07:35:34.000Z","volume":2000,"price":3.4,"category":"bbull"},{"type":"A","date":"2018-03-19T07:30:34.000Z","volume":3000,"price":3.4,"category":"bbull"},{"type":"A","date":"2018-03-19T07:15:04.000Z","volume":2500,"price":3.4,"category":"bbull"},{"type":"A","date":"2018-03-19T07:06:04.000Z","volume":4500,"price":3.39,"category":"bbull"},{"type":"A","date":"2018-03-19T06:58:02.000Z","volume":2500,"price":3.41,"category":"bbull"},{"type":"A","date":"2018-03-19T06:55:32.000Z","volume":2500,"price":3.41,"category":"bbull"},{"type":"A","date":"2018-03-19T06:34:47.000Z","volume":2000,"price":3.4,"category":"bbull"},{"type":"A","date":"2018-03-19T06:26:32.000Z","volume":2000,"price":3.4,"category":"bbull"},{"type":"A","date":"2018-03-19T06:15:02.000Z","volume":2000,"price":3.41,"category":"bbull"},{"type":"A","date":"2018-03-19T05:50:17.000Z","volume":2000,"price":3.41,"category":"bbull"},{"type":"A","date":"2018-03-19T05:49:39.000Z","volume":3500,"price":3.4,"category":"bbull"},{"type":"A","date":"2018-03-19T05:45:09.000Z","volume":2500,"price":3.41,"category":"bbull"},{"type":"A","date":"2018-03-19T05:42:09.000Z","volume":2500,"price":3.4,"category":"bbull"},{"type":"A","date":"2018-03-19T05:10:17.000Z","volume":3000,"price":3.4,"category":"bbull"},{"type":"A","date":"2018-03-19T03:55:23.000Z","volume":2000,"price":3.39,"category":"bbull"},{"type":"A","date":"2018-03-19T03:39:38.000Z","volume":2500,"price":3.39,"category":"bbull"},{"type":"A","date":"2018-03-19T03:37:38.000Z","volume":2000,"price":3.39,"category":"bbull"},{"type":"A","date":"2018-03-19T03:30:38.000Z","volume":2000,"price":3.39,"category":"bbull"},{"type":"A","date":"2018-03-19T03:25:23.000Z","volume":2000,"price":3.39,"category":"bbull"},{"type":"A","date":"2018-03-19T03:09:54.000Z","volume":2000,"price":3.38,"category":"bbull"},{"type":"A","date":"2018-03-19T03:07:23.000Z","volume":2000,"price":3.38,"category":"bbull"},{"type":"A","date":"2018-03-19T02:19:04.000Z","volume":3000,"price":3.38,"category":"bbull"},{"type":"A","date":"2018-03-19T07:57:19.000Z","volume":500,"price":3.4,"category":"rbull"},{"type":"A","date":"2018-03-19T07:56:49.000Z","volume":500,"price":3.4,"category":"rbull"},{"type":"A","date":"2018-03-19T07:56:49.000Z","volume":500,"price":3.4,"category":"rbull"},{"type":"A","date":"2018-03-19T07:56:47.000Z","volume":500,"price":3.4,"category":"rbull"},{"type":"A","date":"2018-03-19T07:56:19.000Z","volume":500,"price":3.4,"category":"rbull"},{"type":"A","date":"2018-03-19T07:56:19.000Z","volume":500,"price":3.4,"category":"rbull"},{"type":"A","date":"2018-03-19T07:55:49.000Z","volume":500,"price":3.4,"category":"rbull"},{"type":"A","date":"2018-03-19T07:54:47.000Z","volume":500,"price":3.4,"category":"rbull"},{"type":"A","date":"2018-03-19T07:51:04.000Z","volume":500,"price":3.4,"category":"rbull"},{"type":"A","date":"2018-03-19T07:47:47.000Z","volume":500,"price":3.4,"category":"rbull"},{"type":"A","date":"2018-03-19T07:45:17.000Z","volume":500,"price":3.4,"category":"rbull"},{"type":"A","date":"2018-03-19T07:40:17.000Z","volume":500,"price":3.4,"category":"rbull"},{"type":"A","date":"2018-03-19T07:33:17.000Z","volume":500,"price":3.4,"category":"rbull"},{"type":"A","date":"2018-03-19T07:24:19.000Z","volume":500,"price":3.4,"category":"rbull"},{"type":"A","date":"2018-03-19T07:19:34.000Z","volume":500,"price":3.4,"category":"rbull"},{"type":"A","date":"2018-03-19T07:18:49.000Z","volume":500,"price":3.4,"category":"rbull"},{"type":"A","date":"2018-03-19T07:14:19.000Z","volume":500,"price":3.4,"category":"rbull"},{"type":"A","date":"2018-03-19T07:13:34.000Z","volume":500,"price":3.4,"category":"rbull"},{"type":"A","date":"2018-03-19T06:47:17.000Z","volume":500,"price":3.4,"category":"rbull"},{"type":"A","date":"2018-03-19T06:47:17.000Z","volume":500,"price":3.4,"category":"rbull"},{"type":"A","date":"2018-03-19T06:47:17.000Z","volume":500,"price":3.4,"category":"rbull"},{"type":"A","date":"2018-03-19T06:43:17.000Z","volume":500,"price":3.4,"category":"rbull"},{"type":"A","date":"2018-03-19T06:38:47.000Z","volume":500,"price":3.4,"category":"rbull"},{"type":"A","date":"2018-03-19T06:24:47.000Z","volume":500,"price":3.4,"category":"rbull"},{"type":"A","date":"2018-03-19T06:24:02.000Z","volume":500,"price":3.4,"category":"rbull"},{"type":"A","date":"2018-03-19T06:23:32.000Z","volume":500,"price":3.4,"category":"rbull"},{"type":"A","date":"2018-03-19T06:09:02.000Z","volume":500,"price":3.41,"category":"rbull"},{"type":"A","date":"2018-03-19T06:07:32.000Z","volume":500,"price":3.41,"category":"rbull"},{"type":"A","date":"2018-03-19T06:03:02.000Z","volume":500,"price":3.41,"category":"rbull"},{"type":"A","date":"2018-03-19T06:03:02.000Z","volume":500,"price":3.41,"category":"rbull"},{"type":"A","date":"2018-03-19T06:02:17.000Z","volume":500,"price":3.4,"category":"rbull"},{"type":"A","date":"2018-03-19T06:01:17.000Z","volume":500,"price":3.4,"category":"rbull"},{"type":"A","date":"2018-03-19T06:00:32.000Z","volume":500,"price":3.4,"category":"rbull"},{"type":"A","date":"2018-03-19T05:59:47.000Z","volume":500,"price":3.4,"category":"rbull"},{"type":"A","date":"2018-03-19T05:59:17.000Z","volume":500,"price":3.4,"category":"rbull"},{"type":"A","date":"2018-03-19T05:58:47.000Z","volume":500,"price":3.4,"category":"rbull"},{"type":"A","date":"2018-03-19T05:58:17.000Z","volume":500,"price":3.4,"category":"rbull"},{"type":"A","date":"2018-03-19T05:58:17.000Z","volume":500,"price":3.4,"category":"rbull"},{"type":"A","date":"2018-03-19T05:57:47.000Z","volume":500,"price":3.4,"category":"rbull"},{"type":"A","date":"2018-03-19T05:57:17.000Z","volume":500,"price":3.4,"category":"rbull"},{"type":"A","date":"2018-03-19T05:51:32.000Z","volume":500,"price":3.41,"category":"rbull"},{"type":"A","date":"2018-03-19T05:51:02.000Z","volume":500,"price":3.41,"category":"rbull"},{"type":"A","date":"2018-03-19T05:38:02.000Z","volume":500,"price":3.4,"category":"rbull"},{"type":"A","date":"2018-03-19T05:29:47.000Z","volume":500,"price":3.4,"category":"rbull"},{"type":"A","date":"2018-03-19T05:28:47.000Z","volume":500,"price":3.4,"category":"rbull"},{"type":"A","date":"2018-03-19T05:27:47.000Z","volume":500,"price":3.4,"category":"rbull"},{"type":"A","date":"2018-03-19T05:24:02.000Z","volume":500,"price":3.4,"category":"rbull"},{"type":"A","date":"2018-03-19T05:22:17.000Z","volume":500,"price":3.4,"category":"rbull"},{"type":"A","date":"2018-03-19T05:21:47.000Z","volume":500,"price":3.4,"category":"rbull"},{"type":"A","date":"2018-03-19T05:21:09.000Z","volume":500,"price":3.4,"category":"rbull"},{"type":"A","date":"2018-03-19T05:20:02.000Z","volume":500,"price":3.4,"category":"rbull"},{"type":"A","date":"2018-03-19T05:13:17.000Z","volume":500,"price":3.4,"category":"rbull"},{"type":"A","date":"2018-03-19T05:12:02.000Z","volume":500,"price":3.4,"category":"rbull"},{"type":"A","date":"2018-03-19T05:11:32.000Z","volume":500,"price":3.4,"category":"rbull"},{"type":"A","date":"2018-03-19T05:05:02.000Z","volume":500,"price":3.4,"category":"rbull"},{"type":"A","date":"2018-03-19T05:04:47.000Z","volume":500,"price":3.4,"category":"rbull"},{"type":"A","date":"2018-03-19T05:04:32.000Z","volume":500,"price":3.4,"category":"rbull"},{"type":"A","date":"2018-03-19T05:04:02.000Z","volume":500,"price":3.4,"category":"rbull"},{"type":"A","date":"2018-03-19T05:03:39.000Z","volume":500,"price":3.4,"category":"rbull"},{"type":"A","date":"2018-03-19T03:59:40.000Z","volume":500,"price":3.4,"category":"rbull"},{"type":"A","date":"2018-03-19T03:59:38.000Z","volume":500,"price":3.4,"category":"rbull"},{"type":"A","date":"2018-03-19T03:59:23.000Z","volume":500,"price":3.4,"category":"rbull"},{"type":"A","date":"2018-03-19T03:59:08.000Z","volume":500,"price":3.39,"category":"rbull"},{"type":"A","date":"2018-03-19T03:58:53.000Z","volume":500,"price":3.39,"category":"rbull"},{"type":"A","date":"2018-03-19T03:58:53.000Z","volume":500,"price":3.39,"category":"rbull"},{"type":"A","date":"2018-03-19T03:58:38.000Z","volume":500,"price":3.39,"category":"rbull"},{"type":"A","date":"2018-03-19T03:58:38.000Z","volume":500,"price":3.39,"category":"rbull"},{"type":"A","date":"2018-03-19T03:58:08.000Z","volume":500,"price":3.39,"category":"rbull"},{"type":"A","date":"2018-03-19T03:57:38.000Z","volume":500,"price":3.39,"category":"rbull"},{"type":"A","date":"2018-03-19T03:57:38.000Z","volume":500,"price":3.39,"category":"rbull"},{"type":"A","date":"2018-03-19T03:54:29.000Z","volume":500,"price":3.39,"category":"rbull"},{"type":"A","date":"2018-03-19T03:48:29.000Z","volume":500,"price":3.39,"category":"rbull"},{"type":"A","date":"2018-03-19T03:46:53.000Z","volume":500,"price":3.39,"category":"rbull"},{"type":"A","date":"2018-03-19T03:46:23.000Z","volume":500,"price":3.39,"category":"rbull"},{"type":"A","date":"2018-03-19T03:45:45.000Z","volume":500,"price":3.39,"category":"rbull"},{"type":"A","date":"2018-03-19T03:45:44.000Z","volume":500,"price":3.39,"category":"rbull"},{"type":"A","date":"2018-03-19T03:44:08.000Z","volume":500,"price":3.39,"category":"rbull"},{"type":"A","date":"2018-03-19T03:43:53.000Z","volume":500,"price":3.39,"category":"rbull"},{"type":"A","date":"2018-03-19T03:42:44.000Z","volume":500,"price":3.39,"category":"rbull"},{"type":"A","date":"2018-03-19T03:36:59.000Z","volume":500,"price":3.39,"category":"rbull"},{"type":"A","date":"2018-03-19T03:34:29.000Z","volume":500,"price":3.39,"category":"rbull"},{"type":"A","date":"2018-03-19T03:28:14.000Z","volume":500,"price":3.39,"category":"rbull"},{"type":"A","date":"2018-03-19T03:24:02.000Z","volume":500,"price":3.39,"category":"rbull"},{"type":"A","date":"2018-03-19T03:23:08.000Z","volume":500,"price":3.38,"category":"rbull"},{"type":"A","date":"2018-03-19T03:22:08.000Z","volume":500,"price":3.38,"category":"rbull"},{"type":"A","date":"2018-03-19T03:21:23.000Z","volume":500,"price":3.38,"category":"rbull"},{"type":"A","date":"2018-03-19T03:20:23.000Z","volume":500,"price":3.38,"category":"rbull"},{"type":"A","date":"2018-03-19T03:19:44.000Z","volume":500,"price":3.38,"category":"rbull"},{"type":"A","date":"2018-03-19T03:19:08.000Z","volume":500,"price":3.38,"category":"rbull"},{"type":"A","date":"2018-03-19T03:19:08.000Z","volume":500,"price":3.38,"category":"rbull"},{"type":"A","date":"2018-03-19T03:19:08.000Z","volume":500,"price":3.38,"category":"rbull"},{"type":"A","date":"2018-03-19T02:46:59.000Z","volume":500,"price":3.38,"category":"rbull"},{"type":"A","date":"2018-03-19T02:44:59.000Z","volume":500,"price":3.38,"category":"rbull"},{"type":"A","date":"2018-03-19T02:44:59.000Z","volume":500,"price":3.38,"category":"rbull"},{"type":"A","date":"2018-03-19T02:44:59.000Z","volume":500,"price":3.38,"category":"rbull"},{"type":"A","date":"2018-03-19T02:44:59.000Z","volume":500,"price":3.38,"category":"rbull"},{"type":"A","date":"2018-03-19T02:44:59.000Z","volume":500,"price":3.38,"category":"rbull"},{"type":"A","date":"2018-03-19T02:37:59.000Z","volume":500,"price":3.38,"category":"rbull"},{"type":"A","date":"2018-03-19T02:37:59.000Z","volume":500,"price":3.38,"category":"rbull"},{"type":"A","date":"2018-03-19T02:02:40.000Z","volume":500,"price":3.38,"category":"rbull"},{"type":"A","date":"2018-03-19T01:54:44.000Z","volume":500,"price":3.38,"category":"rbull"},{"type":"A","date":"2018-03-19T01:50:59.000Z","volume":500,"price":3.38,"category":"rbull"},{"type":"A","date":"2018-03-19T01:43:59.000Z","volume":500,"price":3.38,"category":"rbull"},{"type":"A","date":"2018-03-19T01:43:59.000Z","volume":500,"price":3.38,"category":"rbull"},{"type":"A","date":"2018-03-19T01:30:03.000Z","volume":500,"price":3.4,"category":"rbull"},{"type":"B","date":"2018-03-19T07:28:37.000Z","volume":500,"price":3.38,"category":"rbear"},{"type":"B","date":"2018-03-19T07:26:51.000Z","volume":500,"price":3.38,"category":"rbear"},{"type":"B","date":"2018-03-19T07:26:17.000Z","volume":500,"price":3.38,"category":"rbear"},{"type":"B","date":"2018-03-19T07:25:43.000Z","volume":500,"price":3.38,"category":"rbear"},{"type":"B","date":"2018-03-19T07:25:10.000Z","volume":500,"price":3.38,"category":"rbear"},{"type":"B","date":"2018-03-19T07:24:38.000Z","volume":500,"price":3.38,"category":"rbear"},{"type":"B","date":"2018-03-19T07:23:34.000Z","volume":500,"price":3.38,"category":"rbear"},{"type":"B","date":"2018-03-19T07:22:30.000Z","volume":500,"price":3.38,"category":"rbear"},{"type":"B","date":"2018-03-19T07:21:24.000Z","volume":500,"price":3.38,"category":"rbear"},{"type":"B","date":"2018-03-19T07:20:18.000Z","volume":500,"price":3.38,"category":"rbear"},{"type":"B","date":"2018-03-19T07:19:06.000Z","volume":500,"price":3.38,"category":"rbear"},{"type":"B","date":"2018-03-19T07:18:30.000Z","volume":500,"price":3.38,"category":"rbear"},{"type":"B","date":"2018-03-19T07:17:28.000Z","volume":500,"price":3.38,"category":"rbear"},{"type":"B","date":"2018-03-19T07:16:24.000Z","volume":500,"price":3.38,"category":"rbear"},{"type":"B","date":"2018-03-19T07:14:09.000Z","volume":500,"price":3.38,"category":"rbear"},{"type":"B","date":"2018-03-19T07:12:28.000Z","volume":500,"price":3.38,"category":"rbear"},{"type":"B","date":"2018-03-19T07:10:17.000Z","volume":500,"price":3.38,"category":"rbear"},{"type":"B","date":"2018-03-19T07:09:11.000Z","volume":500,"price":3.38,"category":"rbear"},{"type":"B","date":"2018-03-19T07:07:34.000Z","volume":500,"price":3.38,"category":"rbear"},{"type":"B","date":"2018-03-19T07:05:53.000Z","volume":500,"price":3.38,"category":"rbear"},{"type":"B","date":"2018-03-19T07:05:15.000Z","volume":500,"price":3.38,"category":"rbear"},{"type":"B","date":"2018-03-19T07:04:43.000Z","volume":500,"price":3.38,"category":"rbear"},{"type":"B","date":"2018-03-19T07:04:28.000Z","volume":500,"price":3.38,"category":"rbear"},{"type":"B","date":"2018-03-19T07:04:14.000Z","volume":500,"price":3.38,"category":"rbear"},{"type":"B","date":"2018-03-19T07:03:57.000Z","volume":500,"price":3.39,"category":"rbear"},{"type":"B","date":"2018-03-19T07:00:36.000Z","volume":500,"price":3.4,"category":"rbear"},{"type":"B","date":"2018-03-19T06:58:06.000Z","volume":500,"price":3.4,"category":"rbear"},{"type":"B","date":"2018-03-19T06:56:36.000Z","volume":500,"price":3.4,"category":"rbear"},{"type":"B","date":"2018-03-19T06:55:36.000Z","volume":500,"price":3.4,"category":"rbear"},{"type":"B","date":"2018-03-19T06:53:18.000Z","volume":500,"price":3.4,"category":"rbear"},{"type":"B","date":"2018-03-19T06:51:06.000Z","volume":500,"price":3.4,"category":"rbear"},{"type":"B","date":"2018-03-19T06:49:36.000Z","volume":500,"price":3.4,"category":"rbear"},{"type":"B","date":"2018-03-19T06:48:06.000Z","volume":500,"price":3.4,"category":"rbear"},{"type":"B","date":"2018-03-19T06:45:51.000Z","volume":500,"price":3.39,"category":"rbear"},{"type":"B","date":"2018-03-19T06:43:36.000Z","volume":500,"price":3.39,"category":"rbear"},{"type":"B","date":"2018-03-19T06:42:21.000Z","volume":500,"price":3.39,"category":"rbear"},{"type":"B","date":"2018-03-19T06:40:36.000Z","volume":500,"price":3.39,"category":"rbear"},{"type":"B","date":"2018-03-19T06:37:51.000Z","volume":500,"price":3.39,"category":"rbear"},{"type":"B","date":"2018-03-19T06:36:36.000Z","volume":500,"price":3.39,"category":"rbear"},{"type":"B","date":"2018-03-19T06:34:21.000Z","volume":500,"price":3.39,"category":"rbear"},{"type":"B","date":"2018-03-19T06:31:36.000Z","volume":500,"price":3.39,"category":"rbear"},{"type":"B","date":"2018-03-19T06:29:21.000Z","volume":500,"price":3.39,"category":"rbear"},{"type":"B","date":"2018-03-19T05:42:23.000Z","volume":500,"price":3.39,"category":"rbear"},{"type":"B","date":"2018-03-19T05:42:23.000Z","volume":500,"price":3.39,"category":"rbear"},{"type":"B","date":"2018-03-19T05:38:08.000Z","volume":500,"price":3.39,"category":"rbear"},{"type":"B","date":"2018-03-19T05:34:53.000Z","volume":500,"price":3.39,"category":"rbear"},{"type":"B","date":"2018-03-19T05:33:08.000Z","volume":500,"price":3.39,"category":"rbear"},{"type":"B","date":"2018-03-19T05:29:06.000Z","volume":500,"price":3.39,"category":"rbear"},{"type":"B","date":"2018-03-19T05:24:36.000Z","volume":500,"price":3.39,"category":"rbear"},{"type":"B","date":"2018-03-19T05:23:06.000Z","volume":500,"price":3.39,"category":"rbear"},{"type":"B","date":"2018-03-19T05:21:36.000Z","volume":500,"price":3.39,"category":"rbear"},{"type":"B","date":"2018-03-19T05:18:06.000Z","volume":500,"price":3.39,"category":"rbear"},{"type":"B","date":"2018-03-19T05:12:06.000Z","volume":500,"price":3.39,"category":"rbear"},{"type":"B","date":"2018-03-19T05:06:36.000Z","volume":500,"price":3.39,"category":"rbear"},{"type":"B","date":"2018-03-19T05:05:36.000Z","volume":500,"price":3.39,"category":"rbear"},{"type":"B","date":"2018-03-19T05:04:36.000Z","volume":500,"price":3.39,"category":"rbear"},{"type":"B","date":"2018-03-19T05:04:06.000Z","volume":500,"price":3.39,"category":"rbear"},{"type":"B","date":"2018-03-19T05:03:36.000Z","volume":500,"price":3.39,"category":"rbear"},{"type":"B","date":"2018-03-19T05:03:06.000Z","volume":500,"price":3.39,"category":"rbear"},{"type":"B","date":"2018-03-19T05:01:35.000Z","volume":500,"price":3.39,"category":"rbear"},{"type":"B","date":"2018-03-19T01:36:34.000Z","volume":500,"price":3.38,"category":"rbear"},{"type":"B","date":"2018-03-19T01:31:51.000Z","volume":500,"price":3.39,"category":"rbear"},{"type":"B","date":"2018-03-19T06:03:46.000Z","volume":2500,"price":3.41,"category":"bbear"},{"type":"B","date":"2018-03-19T05:42:22.000Z","volume":2000,"price":3.39,"category":"bbear"},{"type":"B","date":"2018-03-19T07:03:57.000Z","volume":32000,"price":3.39,"category":"ubbear"},{"type":"B","date":"2018-03-19T07:03:03.000Z","volume":9500,"price":3.4,"category":"ubbear"},{"type":"B","date":"2018-03-19T05:42:22.000Z","volume":14000,"price":3.39,"category":"ubbear"},{"type":"B","date":"2018-03-19T01:40:47.000Z","volume":50000,"price":3.38,"category":"ubbear"},{"type":"B","date":"2018-03-19T01:36:21.000Z","volume":5000,"price":3.38,"category":"ubbear"}]