[{"type":"A","date":"2018-03-13T07:53:53.000Z","volume":70000,"price":2.7,"category":"ubbull"},{"type":"A","date":"2018-03-13T07:46:58.000Z","volume":50000,"price":2.71,"category":"ubbull"},{"type":"A","date":"2018-03-13T07:28:53.000Z","volume":90000,"price":2.71,"category":"ubbull"},{"type":"A","date":"2018-03-13T06:51:04.000Z","volume":40000,"price":2.72,"category":"ubbull"},{"type":"A","date":"2018-03-13T06:35:32.000Z","volume":65000,"price":2.73,"category":"ubbull"},{"type":"A","date":"2018-03-13T06:26:02.000Z","volume":65000,"price":2.71,"category":"ubbull"},{"type":"A","date":"2018-03-13T06:22:25.000Z","volume":45000,"price":2.71,"category":"ubbull"},{"type":"A","date":"2018-03-13T06:19:06.000Z","volume":40000,"price":2.71,"category":"ubbull"},{"type":"A","date":"2018-03-13T06:15:54.000Z","volume":50000,"price":2.71,"category":"ubbull"},{"type":"A","date":"2018-03-13T05:32:04.000Z","volume":42500,"price":2.72,"category":"ubbull"},{"type":"A","date":"2018-03-13T05:28:26.000Z","volume":50000,"price":2.72,"category":"ubbull"},{"type":"A","date":"2018-03-13T05:13:30.000Z","volume":80000,"price":2.72,"category":"ubbull"},{"type":"A","date":"2018-03-13T05:13:15.000Z","volume":40000,"price":2.72,"category":"ubbull"},{"type":"A","date":"2018-03-13T05:06:07.000Z","volume":40000,"price":2.72,"category":"ubbull"},{"type":"A","date":"2018-03-13T03:30:28.000Z","volume":70000,"price":2.71,"category":"ubbull"},{"type":"A","date":"2018-03-13T03:20:17.000Z","volume":40000,"price":2.72,"category":"ubbull"},{"type":"A","date":"2018-03-13T02:51:54.000Z","volume":35000,"price":2.72,"category":"ubbull"},{"type":"A","date":"2018-03-13T02:51:08.000Z","volume":40000,"price":2.72,"category":"ubbull"},{"type":"A","date":"2018-03-13T02:19:12.000Z","volume":40000,"price":2.74,"category":"ubbull"},{"type":"A","date":"2018-03-13T02:04:42.000Z","volume":42500,"price":2.72,"category":"ubbull"},{"type":"A","date":"2018-03-13T01:58:40.000Z","volume":40000,"price":2.72,"category":"ubbull"},{"type":"A","date":"2018-03-13T01:38:59.000Z","volume":35000,"price":2.74,"category":"ubbull"},{"type":"A","date":"2018-03-13T01:33:22.000Z","volume":50000,"price":2.74,"category":"ubbull"},{"type":"A","date":"2018-03-13T07:34:28.000Z","volume":20000,"price":2.72,"category":"bbull"},{"type":"A","date":"2018-03-13T07:27:20.000Z","volume":20000,"price":2.71,"category":"bbull"},{"type":"A","date":"2018-03-13T06:11:05.000Z","volume":22500,"price":2.71,"category":"bbull"},{"type":"A","date":"2018-03-13T05:40:03.000Z","volume":22500,"price":2.71,"category":"bbull"},{"type":"A","date":"2018-03-13T05:28:31.000Z","volume":20000,"price":2.72,"category":"bbull"},{"type":"A","date":"2018-03-13T05:06:14.000Z","volume":30000,"price":2.72,"category":"bbull"},{"type":"A","date":"2018-03-13T03:53:40.000Z","volume":20000,"price":2.72,"category":"bbull"},{"type":"A","date":"2018-03-13T03:48:59.000Z","volume":30000,"price":2.72,"category":"bbull"},{"type":"A","date":"2018-03-13T03:19:12.000Z","volume":32500,"price":2.72,"category":"bbull"},{"type":"A","date":"2018-03-13T03:14:12.000Z","volume":17500,"price":2.72,"category":"bbull"},{"type":"A","date":"2018-03-13T03:12:49.000Z","volume":17500,"price":2.72,"category":"bbull"},{"type":"A","date":"2018-03-13T03:12:16.000Z","volume":25000,"price":2.72,"category":"bbull"},{"type":"A","date":"2018-03-13T02:32:11.000Z","volume":25000,"price":2.73,"category":"bbull"},{"type":"A","date":"2018-03-13T02:31:38.000Z","volume":20000,"price":2.73,"category":"bbull"},{"type":"A","date":"2018-03-13T02:19:24.000Z","volume":25000,"price":2.74,"category":"bbull"},{"type":"A","date":"2018-03-13T01:39:39.000Z","volume":20000,"price":2.74,"category":"bbull"},{"type":"A","date":"2018-03-13T01:35:26.000Z","volume":20000,"price":2.74,"category":"bbull"},{"type":"A","date":"2018-03-13T01:35:01.000Z","volume":25000,"price":2.74,"category":"bbull"},{"type":"A","date":"2018-03-13T07:59:57.000Z","volume":2500,"price":2.72,"category":"rbull"},{"type":"A","date":"2018-03-13T07:59:52.000Z","volume":2500,"price":2.72,"category":"rbull"},{"type":"A","date":"2018-03-13T07:59:24.000Z","volume":2500,"price":2.72,"category":"rbull"},{"type":"A","date":"2018-03-13T07:58:57.000Z","volume":2500,"price":2.73,"category":"rbull"},{"type":"A","date":"2018-03-13T07:58:57.000Z","volume":2500,"price":2.72,"category":"rbull"},{"type":"A","date":"2018-03-13T07:58:27.000Z","volume":2500,"price":2.72,"category":"rbull"},{"type":"A","date":"2018-03-13T07:57:32.000Z","volume":2500,"price":2.71,"category":"rbull"},{"type":"A","date":"2018-03-13T07:54:29.000Z","volume":2500,"price":2.72,"category":"rbull"},{"type":"A","date":"2018-03-13T07:54:29.000Z","volume":2500,"price":2.71,"category":"rbull"},{"type":"A","date":"2018-03-13T07:54:29.000Z","volume":2500,"price":2.7,"category":"rbull"},{"type":"A","date":"2018-03-13T07:53:53.000Z","volume":2500,"price":2.7,"category":"rbull"},{"type":"A","date":"2018-03-13T07:53:03.000Z","volume":2500,"price":2.71,"category":"rbull"},{"type":"A","date":"2018-03-13T07:44:39.000Z","volume":2500,"price":2.72,"category":"rbull"},{"type":"A","date":"2018-03-13T07:41:15.000Z","volume":2500,"price":2.71,"category":"rbull"},{"type":"A","date":"2018-03-13T07:30:54.000Z","volume":2500,"price":2.73,"category":"rbull"},{"type":"A","date":"2018-03-13T07:14:40.000Z","volume":2500,"price":2.72,"category":"rbull"},{"type":"A","date":"2018-03-13T06:36:22.000Z","volume":2500,"price":2.73,"category":"rbull"},{"type":"A","date":"2018-03-13T06:19:06.000Z","volume":2500,"price":2.71,"category":"rbull"},{"type":"A","date":"2018-03-13T06:11:24.000Z","volume":2500,"price":2.72,"category":"rbull"},{"type":"A","date":"2018-03-13T06:11:24.000Z","volume":2500,"price":2.71,"category":"rbull"},{"type":"A","date":"2018-03-13T06:11:05.000Z","volume":2500,"price":2.72,"category":"rbull"},{"type":"A","date":"2018-03-13T06:02:41.000Z","volume":2500,"price":2.71,"category":"rbull"},{"type":"A","date":"2018-03-13T05:48:15.000Z","volume":2500,"price":2.72,"category":"rbull"},{"type":"A","date":"2018-03-13T05:16:48.000Z","volume":2500,"price":2.73,"category":"rbull"},{"type":"A","date":"2018-03-13T05:06:14.000Z","volume":2500,"price":2.72,"category":"rbull"},{"type":"A","date":"2018-03-13T05:03:46.000Z","volume":2500,"price":2.73,"category":"rbull"},{"type":"A","date":"2018-03-13T03:45:57.000Z","volume":2500,"price":2.73,"category":"rbull"},{"type":"A","date":"2018-03-13T03:45:57.000Z","volume":2500,"price":2.72,"category":"rbull"},{"type":"A","date":"2018-03-13T03:38:47.000Z","volume":2500,"price":2.72,"category":"rbull"},{"type":"A","date":"2018-03-13T03:14:32.000Z","volume":2500,"price":2.72,"category":"rbull"},{"type":"A","date":"2018-03-13T03:08:52.000Z","volume":2500,"price":2.73,"category":"rbull"},{"type":"A","date":"2018-03-13T03:05:59.000Z","volume":2500,"price":2.72,"category":"rbull"},{"type":"A","date":"2018-03-13T02:32:20.000Z","volume":2500,"price":2.73,"category":"rbull"},{"type":"A","date":"2018-03-13T02:18:15.000Z","volume":2500,"price":2.75,"category":"rbull"},{"type":"A","date":"2018-03-13T02:17:18.000Z","volume":2500,"price":2.7,"category":"rbull"},{"type":"A","date":"2018-03-13T02:10:53.000Z","volume":2500,"price":2.71,"category":"rbull"},{"type":"A","date":"2018-03-13T02:10:53.000Z","volume":2500,"price":2.7,"category":"rbull"},{"type":"A","date":"2018-03-13T02:10:21.000Z","volume":2500,"price":2.7,"category":"rbull"},{"type":"A","date":"2018-03-13T02:05:16.000Z","volume":2500,"price":2.72,"category":"rbull"},{"type":"A","date":"2018-03-13T02:05:16.000Z","volume":2500,"price":2.71,"category":"rbull"},{"type":"A","date":"2018-03-13T01:46:09.000Z","volume":2500,"price":2.74,"category":"rbull"},{"type":"B","date":"2018-03-13T07:59:55.000Z","volume":2500,"price":2.7,"category":"rbear"},{"type":"B","date":"2018-03-13T07:59:10.000Z","volume":2500,"price":2.71,"category":"rbear"},{"type":"B","date":"2018-03-13T07:54:55.000Z","volume":2500,"price":2.7,"category":"rbear"},{"type":"B","date":"2018-03-13T07:51:53.000Z","volume":2500,"price":2.7,"category":"rbear"},{"type":"B","date":"2018-03-13T07:39:42.000Z","volume":2500,"price":2.71,"category":"rbear"},{"type":"B","date":"2018-03-13T07:24:09.000Z","volume":2500,"price":2.71,"category":"rbear"},{"type":"B","date":"2018-03-13T07:18:49.000Z","volume":2500,"price":2.71,"category":"rbear"},{"type":"B","date":"2018-03-13T07:09:07.000Z","volume":2500,"price":2.71,"category":"rbear"},{"type":"B","date":"2018-03-13T06:58:36.000Z","volume":2500,"price":2.71,"category":"rbear"},{"type":"B","date":"2018-03-13T06:48:05.000Z","volume":2500,"price":2.72,"category":"rbear"},{"type":"B","date":"2018-03-13T06:37:33.000Z","volume":2500,"price":2.71,"category":"rbear"},{"type":"B","date":"2018-03-13T06:35:23.000Z","volume":2500,"price":2.72,"category":"rbear"},{"type":"B","date":"2018-03-13T06:14:50.000Z","volume":2500,"price":2.71,"category":"rbear"},{"type":"B","date":"2018-03-13T06:05:19.000Z","volume":2500,"price":2.7,"category":"rbear"},{"type":"B","date":"2018-03-13T05:53:37.000Z","volume":2500,"price":2.7,"category":"rbear"},{"type":"B","date":"2018-03-13T05:47:49.000Z","volume":2500,"price":2.7,"category":"rbear"},{"type":"B","date":"2018-03-13T05:41:36.000Z","volume":2500,"price":2.7,"category":"rbear"},{"type":"B","date":"2018-03-13T05:29:03.000Z","volume":2500,"price":2.72,"category":"rbear"},{"type":"B","date":"2018-03-13T05:12:34.000Z","volume":2500,"price":2.72,"category":"rbear"},{"type":"B","date":"2018-03-13T03:44:52.000Z","volume":2500,"price":2.71,"category":"rbear"},{"type":"B","date":"2018-03-13T03:23:18.000Z","volume":2500,"price":2.71,"category":"rbear"},{"type":"B","date":"2018-03-13T03:01:24.000Z","volume":2500,"price":2.71,"category":"rbear"},{"type":"B","date":"2018-03-13T02:51:22.000Z","volume":2500,"price":2.71,"category":"rbear"},{"type":"B","date":"2018-03-13T02:51:12.000Z","volume":2500,"price":2.71,"category":"rbear"},{"type":"B","date":"2018-03-13T02:44:30.000Z","volume":2500,"price":2.71,"category":"rbear"},{"type":"B","date":"2018-03-13T02:41:31.000Z","volume":2500,"price":2.71,"category":"rbear"},{"type":"B","date":"2018-03-13T02:37:37.000Z","volume":2500,"price":2.71,"category":"rbear"},{"type":"B","date":"2018-03-13T02:37:36.000Z","volume":2500,"price":2.71,"category":"rbear"},{"type":"B","date":"2018-03-13T02:33:52.000Z","volume":2500,"price":2.71,"category":"rbear"},{"type":"B","date":"2018-03-13T02:32:20.000Z","volume":2500,"price":2.72,"category":"rbear"},{"type":"B","date":"2018-03-13T02:15:05.000Z","volume":2500,"price":2.69,"category":"rbear"},{"type":"B","date":"2018-03-13T02:07:24.000Z","volume":2500,"price":2.7,"category":"rbear"},{"type":"B","date":"2018-03-13T02:04:43.000Z","volume":2500,"price":2.7,"category":"rbear"},{"type":"B","date":"2018-03-13T02:04:34.000Z","volume":2500,"price":2.71,"category":"rbear"},{"type":"B","date":"2018-03-13T02:00:13.000Z","volume":2500,"price":2.71,"category":"rbear"},{"type":"B","date":"2018-03-13T01:58:40.000Z","volume":2500,"price":2.71,"category":"rbear"},{"type":"B","date":"2018-03-13T01:53:42.000Z","volume":2500,"price":2.71,"category":"rbear"},{"type":"B","date":"2018-03-13T01:52:51.000Z","volume":2500,"price":2.72,"category":"rbear"},{"type":"B","date":"2018-03-13T01:45:36.000Z","volume":2500,"price":2.72,"category":"rbear"},{"type":"B","date":"2018-03-13T01:39:39.000Z","volume":2500,"price":2.72,"category":"rbear"},{"type":"B","date":"2018-03-13T01:35:38.000Z","volume":2500,"price":2.71,"category":"rbear"},{"type":"B","date":"2018-03-13T01:35:01.000Z","volume":2500,"price":2.73,"category":"rbear"},{"type":"B","date":"2018-03-13T07:31:46.000Z","volume":30000,"price":2.71,"category":"bbear"},{"type":"B","date":"2018-03-13T02:33:47.000Z","volume":20000,"price":2.72,"category":"bbear"},{"type":"B","date":"2018-03-13T07:41:21.000Z","volume":75000,"price":2.7,"category":"ubbear"},{"type":"B","date":"2018-03-13T06:31:49.000Z","volume":45000,"price":2.72,"category":"ubbear"}]