[{"type":"A","date":"2018-04-09T01:34:16.000Z","volume":20000,"label":" ","price":2.45},{"type":"A","date":"2018-04-09T01:34:34.000Z","volume":1000,"label":" ","price":2.44},{"type":"A","date":"2018-04-09T01:34:50.000Z","volume":5000,"label":" ","price":2.45},{"type":"A","date":"2018-04-09T01:35:04.000Z","volume":3000,"label":" ","price":2.45},{"type":"A","date":"2018-04-09T01:35:04.000Z","volume":2000,"label":" ","price":2.45},{"type":"U","date":"2018-04-09T01:35:17.000Z","volume":2000,"label":" ","price":2.45},{"type":"B","date":"2018-04-09T01:36:42.000Z","volume":11000,"label":" ","price":2.45},{"type":"U","date":"2018-04-09T01:37:42.000Z","volume":3000,"label":" ","price":2.42},{"type":"A","date":"2018-04-09T01:37:53.000Z","volume":1000,"label":" ","price":2.44},{"type":"U","date":"2018-04-09T01:38:23.000Z","volume":3000,"label":" ","price":2.42},{"type":"A","date":"2018-04-09T01:38:41.000Z","volume":19000,"label":" ","price":2.44},{"type":"A","date":"2018-04-09T01:38:41.000Z","volume":59000,"label":" ","price":2.45},{"type":"B","date":"2018-04-09T01:38:48.000Z","volume":22000,"label":" ","price":2.45},{"type":"A","date":"2018-04-09T01:39:30.000Z","volume":28000,"label":" ","price":2.45},{"type":"B","date":"2018-04-09T01:39:40.000Z","volume":22000,"label":" ","price":2.45},{"type":"A","date":"2018-04-09T01:40:32.000Z","volume":18000,"label":" ","price":2.44},{"type":"A","date":"2018-04-09T01:40:32.000Z","volume":50000,"label":" ","price":2.45},{"type":"B","date":"2018-04-09T01:40:42.000Z","volume":30000,"label":" ","price":2.45},{"type":"B","date":"2018-04-09T01:40:42.000Z","volume":2000,"label":" ","price":2.45},{"type":"B","date":"2018-04-09T01:43:09.000Z","volume":5000,"label":" ","price":2.44},{"type":"B","date":"2018-04-09T01:43:09.000Z","volume":15000,"label":" ","price":2.44},{"type":"A","date":"2018-04-09T01:43:58.000Z","volume":20000,"label":" ","price":2.45},{"type":"A","date":"2018-04-09T01:43:58.000Z","volume":13000,"label":" ","price":2.45},{"type":"B","date":"2018-04-09T01:44:14.000Z","volume":17000,"label":" ","price":2.45},{"type":"A","date":"2018-04-09T01:47:50.000Z","volume":1000,"label":" ","price":2.45},{"type":"A","date":"2018-04-09T01:48:33.000Z","volume":39000,"label":" ","price":2.45},{"type":"A","date":"2018-04-09T01:48:33.000Z","volume":22000,"label":" ","price":2.46},{"type":"A","date":"2018-04-09T01:48:33.000Z","volume":4000,"label":" ","price":2.5},{"type":"B","date":"2018-04-09T01:49:44.000Z","volume":60000,"label":" ","price":2.45},{"type":"B","date":"2018-04-09T01:56:26.000Z","volume":1000,"label":" ","price":2.45},{"type":"B","date":"2018-04-09T01:56:26.000Z","volume":3000,"label":" ","price":2.44},{"type":"B","date":"2018-04-09T01:59:48.000Z","volume":5000,"label":" ","price":2.45},{"type":"A","date":"2018-04-09T02:01:50.000Z","volume":45000,"label":" ","price":2.45},{"type":"B","date":"2018-04-09T02:02:20.000Z","volume":50000,"label":" ","price":2.45},{"type":"B","date":"2018-04-09T02:02:20.000Z","volume":5000,"label":" ","price":2.45},{"type":"A","date":"2018-04-09T02:34:03.000Z","volume":6000,"label":" ","price":2.44},{"type":"A","date":"2018-04-09T02:34:03.000Z","volume":4000,"label":" ","price":2.45},{"type":"A","date":"2018-04-09T05:02:25.000Z","volume":2000,"label":" ","price":2.45},{"type":"A","date":"2018-04-09T05:24:27.000Z","volume":19000,"label":" ","price":2.45},{"type":"A","date":"2018-04-09T05:24:27.000Z","volume":48000,"label":" ","price":2.46},{"type":"A","date":"2018-04-09T05:24:27.000Z","volume":3000,"label":" ","price":2.47},{"type":"A","date":"2018-04-09T05:28:14.000Z","volume":37000,"label":" ","price":2.47},{"type":"A","date":"2018-04-09T05:28:14.000Z","volume":140000,"label":" ","price":2.48},{"type":"A","date":"2018-04-09T05:28:14.000Z","volume":30000,"label":" ","price":2.49},{"type":"A","date":"2018-04-09T05:28:14.000Z","volume":3000,"label":" ","price":2.5},{"type":"B","date":"2018-04-09T05:37:56.000Z","volume":1000,"label":" ","price":2.45},{"type":"A","date":"2018-04-09T06:03:18.000Z","volume":1000,"label":" ","price":2.47},{"type":"B","date":"2018-04-09T07:57:55.000Z","volume":1000,"label":" ","price":2.44},{"type":"A","date":"2018-04-09T07:59:01.000Z","volume":1000,"label":" ","price":2.45}]