[{"type":"A","date":"2018-03-23T01:30:02.000Z","volume":1000,"label":"Y","price":1.33},{"type":"A","date":"2018-03-23T01:30:25.000Z","volume":1000,"label":"Y","price":1.33},{"type":"B","date":"2018-03-23T01:30:57.000Z","volume":7000,"label":" ","price":1.32},{"type":"B","date":"2018-03-23T01:31:01.000Z","volume":16000,"label":" ","price":1.31},{"type":"B","date":"2018-03-23T01:31:01.000Z","volume":1000,"label":" ","price":1.31},{"type":"B","date":"2018-03-23T01:31:46.000Z","volume":2000,"label":" ","price":1.3},{"type":"B","date":"2018-03-23T01:32:05.000Z","volume":4000,"label":" ","price":1.3},{"type":"A","date":"2018-03-23T01:34:35.000Z","volume":40000,"label":" ","price":1.31},{"type":"A","date":"2018-03-23T01:34:43.000Z","volume":3000,"label":" ","price":1.32},{"type":"A","date":"2018-03-23T01:36:12.000Z","volume":3000,"label":" ","price":1.31},{"type":"A","date":"2018-03-23T01:36:12.000Z","volume":1000,"label":" ","price":1.32},{"type":"A","date":"2018-03-23T01:37:16.000Z","volume":38000,"label":" ","price":1.31},{"type":"A","date":"2018-03-23T01:37:16.000Z","volume":2000,"label":" ","price":1.31},{"type":"A","date":"2018-03-23T01:37:16.000Z","volume":4000,"label":" ","price":1.31},{"type":"A","date":"2018-03-23T01:37:41.000Z","volume":4000,"label":" ","price":1.31},{"type":"A","date":"2018-03-23T01:37:41.000Z","volume":1000,"label":" ","price":1.32},{"type":"U","date":"2018-03-23T01:56:54.000Z","volume":1000,"label":" ","price":1.31},{"type":"A","date":"2018-03-23T01:57:07.000Z","volume":2000,"label":" ","price":1.32},{"type":"B","date":"2018-03-23T01:58:29.000Z","volume":1000,"label":" ","price":1.31},{"type":"A","date":"2018-03-23T01:59:50.000Z","volume":1000,"label":" ","price":1.32},{"type":"B","date":"2018-03-23T01:59:59.000Z","volume":1000,"label":" ","price":1.31},{"type":"A","date":"2018-03-23T02:00:42.000Z","volume":1000,"label":" ","price":1.32},{"type":"U","date":"2018-03-23T02:01:39.000Z","volume":1000,"label":" ","price":1.31},{"type":"U","date":"2018-03-23T02:04:09.000Z","volume":1000,"label":" ","price":1.31},{"type":"U","date":"2018-03-23T02:07:09.000Z","volume":1000,"label":" ","price":1.31},{"type":"A","date":"2018-03-23T02:13:41.000Z","volume":1000,"label":" ","price":1.32},{"type":"B","date":"2018-03-23T02:46:26.000Z","volume":19000,"label":" ","price":1.29},{"type":"B","date":"2018-03-23T02:46:26.000Z","volume":6000,"label":" ","price":1.29},{"type":"A","date":"2018-03-23T02:46:46.000Z","volume":1000,"label":" ","price":1.32},{"type":"B","date":"2018-03-23T02:47:46.000Z","volume":4000,"label":" ","price":1.3},{"type":"A","date":"2018-03-23T02:48:09.000Z","volume":1000,"label":" ","price":1.31},{"type":"A","date":"2018-03-23T02:48:09.000Z","volume":1000,"label":" ","price":1.32},{"type":"A","date":"2018-03-23T02:52:46.000Z","volume":13000,"label":" ","price":1.31},{"type":"A","date":"2018-03-23T02:52:46.000Z","volume":1000,"label":" ","price":1.32},{"type":"A","date":"2018-03-23T02:52:52.000Z","volume":1000,"label":" ","price":1.32},{"type":"A","date":"2018-03-23T03:13:32.000Z","volume":5000,"label":" ","price":1.32},{"type":"A","date":"2018-03-23T03:15:58.000Z","volume":5000,"label":" ","price":1.32},{"type":"A","date":"2018-03-23T03:19:31.000Z","volume":5000,"label":" ","price":1.32},{"type":"A","date":"2018-03-23T03:23:27.000Z","volume":5000,"label":" ","price":1.32},{"type":"B","date":"2018-03-23T03:48:34.000Z","volume":3000,"label":" ","price":1.3},{"type":"B","date":"2018-03-23T03:48:34.000Z","volume":9000,"label":" ","price":1.29},{"type":"B","date":"2018-03-23T03:48:34.000Z","volume":71000,"label":" ","price":1.29},{"type":"B","date":"2018-03-23T03:48:34.000Z","volume":17000,"label":" ","price":1.29},{"type":"A","date":"2018-03-23T03:48:51.000Z","volume":4000,"label":" ","price":1.31},{"type":"A","date":"2018-03-23T03:48:51.000Z","volume":1000,"label":" ","price":1.32},{"type":"A","date":"2018-03-23T03:48:54.000Z","volume":1000,"label":" ","price":1.32},{"type":"A","date":"2018-03-23T05:11:22.000Z","volume":50000,"label":" ","price":1.31},{"type":"A","date":"2018-03-23T05:11:30.000Z","volume":1000,"label":" ","price":1.32},{"type":"A","date":"2018-03-23T05:29:20.000Z","volume":50000,"label":" ","price":1.31},{"type":"A","date":"2018-03-23T05:29:29.000Z","volume":1000,"label":" ","price":1.32},{"type":"U","date":"2018-03-23T05:29:32.000Z","volume":2000,"label":" ","price":1.31},{"type":"B","date":"2018-03-23T05:29:54.000Z","volume":2000,"label":"Y","price":1.31},{"type":"A","date":"2018-03-23T05:29:54.000Z","volume":1000,"label":" ","price":1.32},{"type":"A","date":"2018-03-23T05:29:54.000Z","volume":16000,"label":" ","price":1.32},{"type":"B","date":"2018-03-23T05:29:54.000Z","volume":2000,"label":" ","price":1.31},{"type":"A","date":"2018-03-23T05:30:04.000Z","volume":1000,"label":" ","price":1.32},{"type":"A","date":"2018-03-23T05:34:13.000Z","volume":4000,"label":" ","price":1.31},{"type":"A","date":"2018-03-23T05:34:13.000Z","volume":1000,"label":" ","price":1.32},{"type":"B","date":"2018-03-23T05:40:57.000Z","volume":5000,"label":" ","price":1.3},{"type":"B","date":"2018-03-23T05:41:00.000Z","volume":26000,"label":" ","price":1.29},{"type":"A","date":"2018-03-23T05:41:01.000Z","volume":1000,"label":" ","price":1.31},{"type":"A","date":"2018-03-23T05:41:44.000Z","volume":9000,"label":" ","price":1.3},{"type":"A","date":"2018-03-23T05:41:47.000Z","volume":1000,"label":" ","price":1.31},{"type":"A","date":"2018-03-23T05:44:49.000Z","volume":24000,"label":" ","price":1.31},{"type":"A","date":"2018-03-23T05:44:49.000Z","volume":1000,"label":" ","price":1.31},{"type":"A","date":"2018-03-23T05:44:59.000Z","volume":1000,"label":" ","price":1.32},{"type":"B","date":"2018-03-23T06:03:08.000Z","volume":3000,"label":" ","price":1.31},{"type":"A","date":"2018-03-23T06:03:22.000Z","volume":1000,"label":" ","price":1.32},{"type":"A","date":"2018-03-23T06:22:55.000Z","volume":1000,"label":" ","price":1.32},{"type":"B","date":"2018-03-23T06:23:58.000Z","volume":1000,"label":" ","price":1.31},{"type":"A","date":"2018-03-23T06:24:41.000Z","volume":1000,"label":" ","price":1.32},{"type":"B","date":"2018-03-23T06:42:30.000Z","volume":5000,"label":" ","price":1.3},{"type":"A","date":"2018-03-23T06:42:59.000Z","volume":1000,"label":" ","price":1.32},{"type":"B","date":"2018-03-23T06:49:51.000Z","volume":5000,"label":" ","price":1.3},{"type":"B","date":"2018-03-23T06:49:51.000Z","volume":13000,"label":" ","price":1.3},{"type":"A","date":"2018-03-23T06:49:51.000Z","volume":8000,"label":" ","price":1.3},{"type":"A","date":"2018-03-23T06:49:51.000Z","volume":16000,"label":" ","price":1.3},{"type":"A","date":"2018-03-23T06:50:10.000Z","volume":1000,"label":" ","price":1.32},{"type":"A","date":"2018-03-23T06:51:02.000Z","volume":4000,"label":" ","price":1.32},{"type":"A","date":"2018-03-23T07:08:57.000Z","volume":1000,"label":" ","price":1.32},{"type":"A","date":"2018-03-23T07:52:13.000Z","volume":2000,"label":" ","price":1.32},{"type":"A","date":"2018-03-23T07:59:06.000Z","volume":2000,"label":" ","price":1.32},{"type":"A","date":"2018-03-23T07:59:07.000Z","volume":1000,"label":" ","price":1.32},{"type":"B","date":"2018-03-23T07:59:11.000Z","volume":1000,"label":" ","price":1.31},{"type":"A","date":"2018-03-23T07:59:21.000Z","volume":1000,"label":" ","price":1.32},{"type":"U","date":"2018-03-23T08:08:12.000Z","volume":31000,"label":"U","price":1.32}]