[{"type":"U","date":"2018-04-18T01:05:00.000Z","volume":7572000,"label":"P","price":4.266},{"type":"U","date":"2018-04-18T01:05:01.000Z","volume":419000,"label":"P","price":4.302},{"type":"U","date":"2018-04-18T01:20:00.000Z","volume":2597000,"label":"U","price":4.32},{"type":"A","date":"2018-04-18T01:30:01.000Z","volume":204000,"label":"Y","price":4.32},{"type":"A","date":"2018-04-18T01:30:01.000Z","volume":523000,"label":" ","price":4.32},{"type":"A","date":"2018-04-18T01:30:01.000Z","volume":20000,"label":" ","price":4.32},{"type":"A","date":"2018-04-18T01:30:01.000Z","volume":72000,"label":" ","price":4.32},{"type":"A","date":"2018-04-18T01:30:02.000Z","volume":144000,"label":"Y","price":4.32},{"type":"A","date":"2018-04-18T01:30:02.000Z","volume":9000,"label":" ","price":4.32},{"type":"A","date":"2018-04-18T01:30:02.000Z","volume":7000,"label":" ","price":4.32},{"type":"A","date":"2018-04-18T01:30:02.000Z","volume":10000,"label":"Y","price":4.32},{"type":"B","date":"2018-04-18T01:30:03.000Z","volume":8000,"label":" ","price":4.31},{"type":"U","date":"2018-04-18T01:30:03.000Z","volume":1000,"label":" ","price":4.32},{"type":"B","date":"2018-04-18T01:30:03.000Z","volume":7000,"label":" ","price":4.31},{"type":"A","date":"2018-04-18T01:30:03.000Z","volume":9000,"label":" ","price":4.32},{"type":"A","date":"2018-04-18T01:30:03.000Z","volume":1000,"label":"Y","price":4.32},{"type":"A","date":"2018-04-18T01:30:03.000Z","volume":1000,"label":" ","price":4.32},{"type":"A","date":"2018-04-18T01:30:03.000Z","volume":3000,"label":" ","price":4.33},{"type":"B","date":"2018-04-18T01:30:03.000Z","volume":3000,"label":" ","price":4.31},{"type":"U","date":"2018-04-18T01:30:04.000Z","volume":3000,"label":" ","price":4.32},{"type":"U","date":"2018-04-18T01:30:05.000Z","volume":3769000,"label":"X","price":4.32},{"type":"U","date":"2018-04-18T01:30:05.000Z","volume":29000,"label":"X","price":4.32},{"type":"B","date":"2018-04-18T01:30:05.000Z","volume":2000,"label":" ","price":4.31},{"type":"B","date":"2018-04-18T01:30:07.000Z","volume":8000,"label":" ","price":4.32},{"type":"A","date":"2018-04-18T01:30:09.000Z","volume":10000,"label":" ","price":4.33},{"type":"B","date":"2018-04-18T01:30:11.000Z","volume":3000,"label":" ","price":4.32},{"type":"B","date":"2018-04-18T01:30:12.000Z","volume":1000,"label":" ","price":4.32},{"type":"A","date":"2018-04-18T01:30:15.000Z","volume":8000,"label":" ","price":4.33},{"type":"B","date":"2018-04-18T01:30:17.000Z","volume":5000,"label":" ","price":4.32},{"type":"B","date":"2018-04-18T01:30:17.000Z","volume":5000,"label":" ","price":4.32},{"type":"B","date":"2018-04-18T01:30:17.000Z","volume":4000,"label":" ","price":4.32},{"type":"B","date":"2018-04-18T01:30:18.000Z","volume":15000,"label":" ","price":4.32},{"type":"B","date":"2018-04-18T01:30:19.000Z","volume":2000,"label":" ","price":4.32},{"type":"B","date":"2018-04-18T01:30:20.000Z","volume":2000,"label":" ","price":4.32},{"type":"B","date":"2018-04-18T01:30:26.000Z","volume":24000,"label":" ","price":4.32},{"type":"B","date":"2018-04-18T01:30:26.000Z","volume":1000,"label":" ","price":4.32},{"type":"B","date":"2018-04-18T01:30:27.000Z","volume":5000,"label":" ","price":4.32},{"type":"A","date":"2018-04-18T01:30:27.000Z","volume":250000,"label":" ","price":4.33},{"type":"B","date":"2018-04-18T01:30:29.000Z","volume":44000,"label":" ","price":4.32},{"type":"B","date":"2018-04-18T01:30:30.000Z","volume":22000,"label":" ","price":4.32},{"type":"B","date":"2018-04-18T01:30:31.000Z","volume":4000,"label":" ","price":4.32},{"type":"B","date":"2018-04-18T01:30:32.000Z","volume":2000,"label":" ","price":4.32},{"type":"B","date":"2018-04-18T01:30:40.000Z","volume":1000,"label":" ","price":4.32},{"type":"B","date":"2018-04-18T01:30:40.000Z","volume":20000,"label":" ","price":4.32},{"type":"B","date":"2018-04-18T01:30:41.000Z","volume":4000,"label":" ","price":4.32},{"type":"B","date":"2018-04-18T01:30:47.000Z","volume":1000,"label":" ","price":4.32},{"type":"B","date":"2018-04-18T01:30:55.000Z","volume":1000,"label":" ","price":4.32},{"type":"B","date":"2018-04-18T01:30:56.000Z","volume":1000,"label":" ","price":4.32},{"type":"B","date":"2018-04-18T01:31:00.000Z","volume":1000,"label":" ","price":4.32},{"type":"B","date":"2018-04-18T01:31:01.000Z","volume":50000,"label":" ","price":4.32},{"type":"B","date":"2018-04-18T01:31:01.000Z","volume":10000,"label":" ","price":4.32},{"type":"B","date":"2018-04-18T01:31:01.000Z","volume":20000,"label":" ","price":4.32},{"type":"B","date":"2018-04-18T01:31:03.000Z","volume":3000,"label":" ","price":4.32},{"type":"B","date":"2018-04-18T01:31:03.000Z","volume":10000,"label":" ","price":4.32},{"type":"B","date":"2018-04-18T01:31:04.000Z","volume":10000,"label":" ","price":4.32},{"type":"B","date":"2018-04-18T01:31:05.000Z","volume":3000,"label":" ","price":4.32},{"type":"B","date":"2018-04-18T01:31:05.000Z","volume":4000,"label":" ","price":4.32},{"type":"B","date":"2018-04-18T01:31:05.000Z","volume":10000,"label":" ","price":4.32},{"type":"B","date":"2018-04-18T01:31:07.000Z","volume":935000,"label":" ","price":4.32},{"type":"B","date":"2018-04-18T01:31:07.000Z","volume":61000,"label":" ","price":4.32},{"type":"B","date":"2018-04-18T01:31:07.000Z","volume":5000,"label":" ","price":4.31},{"type":"B","date":"2018-04-18T01:31:07.000Z","volume":179000,"label":" ","price":4.31},{"type":"B","date":"2018-04-18T01:31:07.000Z","volume":176000,"label":" ","price":4.31},{"type":"B","date":"2018-04-18T01:31:07.000Z","volume":20000,"label":" ","price":4.32},{"type":"B","date":"2018-04-18T01:31:07.000Z","volume":4000,"label":" ","price":4.3},{"type":"B","date":"2018-04-18T01:31:07.000Z","volume":5000,"label":"Y","price":4.32},{"type":"B","date":"2018-04-18T01:31:07.000Z","volume":79000,"label":" ","price":4.32},{"type":"U","date":"2018-04-18T01:31:08.000Z","volume":61000,"label":" ","price":4.32},{"type":"U","date":"2018-04-18T01:31:08.000Z","volume":8000,"label":" ","price":4.32},{"type":"A","date":"2018-04-18T01:31:08.000Z","volume":54000,"label":" ","price":4.32},{"type":"B","date":"2018-04-18T01:31:09.000Z","volume":66000,"label":" ","price":4.31},{"type":"U","date":"2018-04-18T01:31:09.000Z","volume":200000,"label":" ","price":4.32},{"type":"U","date":"2018-04-18T01:31:10.000Z","volume":100000,"label":" ","price":4.32},{"type":"B","date":"2018-04-18T01:31:11.000Z","volume":53000,"label":" ","price":4.31},{"type":"U","date":"2018-04-18T01:31:12.000Z","volume":10000,"label":" ","price":4.32},{"type":"U","date":"2018-04-18T01:31:14.000Z","volume":10000,"label":" ","price":4.32},{"type":"B","date":"2018-04-18T01:31:15.000Z","volume":3000,"label":" ","price":4.31},{"type":"U","date":"2018-04-18T01:31:19.000Z","volume":11000,"label":" ","price":4.32},{"type":"A","date":"2018-04-18T01:31:20.000Z","volume":11000,"label":" ","price":4.32},{"type":"B","date":"2018-04-18T01:31:21.000Z","volume":4000,"label":" ","price":4.31},{"type":"U","date":"2018-04-18T01:31:22.000Z","volume":3000,"label":" ","price":4.32},{"type":"U","date":"2018-04-18T01:31:23.000Z","volume":100000,"label":" ","price":4.32},{"type":"U","date":"2018-04-18T01:31:23.000Z","volume":600000,"label":" ","price":4.32},{"type":"U","date":"2018-04-18T01:31:23.000Z","volume":24000,"label":" ","price":4.32},{"type":"B","date":"2018-04-18T01:31:25.000Z","volume":128000,"label":" ","price":4.31},{"type":"U","date":"2018-04-18T01:31:29.000Z","volume":6000,"label":" ","price":4.32},{"type":"A","date":"2018-04-18T01:31:30.000Z","volume":21000,"label":" ","price":4.32},{"type":"A","date":"2018-04-18T01:31:30.000Z","volume":20000,"label":" ","price":4.33},{"type":"B","date":"2018-04-18T01:31:31.000Z","volume":9000,"label":" ","price":4.31},{"type":"U","date":"2018-04-18T01:31:31.000Z","volume":61000,"label":" ","price":4.32},{"type":"U","date":"2018-04-18T01:31:31.000Z","volume":2000,"label":" ","price":4.32},{"type":"U","date":"2018-04-18T01:31:31.000Z","volume":201000,"label":" ","price":4.32},{"type":"B","date":"2018-04-18T01:31:33.000Z","volume":46000,"label":" ","price":4.31},{"type":"U","date":"2018-04-18T01:31:33.000Z","volume":67000,"label":" ","price":4.32},{"type":"B","date":"2018-04-18T01:31:35.000Z","volume":12000,"label":" ","price":4.31},{"type":"U","date":"2018-04-18T01:31:35.000Z","volume":67000,"label":" ","price":4.32},{"type":"A","date":"2018-04-18T01:31:36.000Z","volume":9000,"label":"Y","price":4.33},{"type":"B","date":"2018-04-18T01:31:37.000Z","volume":13000,"label":" ","price":4.31},{"type":"A","date":"2018-04-18T01:31:37.000Z","volume":16000,"label":" ","price":4.32},{"type":"A","date":"2018-04-18T01:31:38.000Z","volume":6000,"label":"Y","price":4.32},{"type":"A","date":"2018-04-18T01:31:38.000Z","volume":5000,"label":" ","price":4.32},{"type":"B","date":"2018-04-18T01:31:39.000Z","volume":5000,"label":" ","price":4.31},{"type":"U","date":"2018-04-18T01:31:40.000Z","volume":20000,"label":" ","price":4.32},{"type":"B","date":"2018-04-18T01:31:41.000Z","volume":4000,"label":" ","price":4.31},{"type":"U","date":"2018-04-18T01:31:42.000Z","volume":536000,"label":"X","price":4.315},{"type":"B","date":"2018-04-18T01:31:45.000Z","volume":3000,"label":" ","price":4.31},{"type":"A","date":"2018-04-18T01:31:46.000Z","volume":21000,"label":" ","price":4.32},{"type":"B","date":"2018-04-18T01:31:47.000Z","volume":4000,"label":" ","price":4.31},{"type":"A","date":"2018-04-18T01:31:47.000Z","volume":5000,"label":" ","price":4.32},{"type":"B","date":"2018-04-18T01:32:00.000Z","volume":5000,"label":" ","price":4.31},{"type":"A","date":"2018-04-18T01:32:01.000Z","volume":501000,"label":" ","price":4.32},{"type":"A","date":"2018-04-18T01:32:01.000Z","volume":528000,"label":" ","price":4.32},{"type":"B","date":"2018-04-18T01:32:02.000Z","volume":2000,"label":" ","price":4.32},{"type":"B","date":"2018-04-18T01:32:09.000Z","volume":20000,"label":" ","price":4.32},{"type":"B","date":"2018-04-18T01:32:10.000Z","volume":10000,"label":" ","price":4.32},{"type":"B","date":"2018-04-18T01:32:10.000Z","volume":5000,"label":" ","price":4.32},{"type":"B","date":"2018-04-18T01:32:10.000Z","volume":100000,"label":" ","price":4.32},{"type":"B","date":"2018-04-18T01:32:12.000Z","volume":18000,"label":" ","price":4.32},{"type":"B","date":"2018-04-18T01:32:13.000Z","volume":30000,"label":" ","price":4.32},{"type":"B","date":"2018-04-18T01:32:14.000Z","volume":5000,"label":" ","price":4.32},{"type":"B","date":"2018-04-18T01:32:24.000Z","volume":4000,"label":" ","price":4.32},{"type":"B","date":"2018-04-18T01:32:34.000Z","volume":4000,"label":" ","price":4.32},{"type":"B","date":"2018-04-18T01:32:44.000Z","volume":2000,"label":" ","price":4.32},{"type":"B","date":"2018-04-18T01:32:53.000Z","volume":113000,"label":" ","price":4.32},{"type":"B","date":"2018-04-18T01:32:54.000Z","volume":113000,"label":" ","price":4.32},{"type":"B","date":"2018-04-18T01:32:54.000Z","volume":40000,"label":" ","price":4.32},{"type":"B","date":"2018-04-18T01:32:54.000Z","volume":113000,"label":" ","price":4.32},{"type":"B","date":"2018-04-18T01:32:54.000Z","volume":90000,"label":" ","price":4.32},{"type":"B","date":"2018-04-18T01:32:55.000Z","volume":1000,"label":"Y","price":4.31},{"type":"B","date":"2018-04-18T01:32:55.000Z","volume":50000,"label":" ","price":4.31},{"type":"B","date":"2018-04-18T01:33:00.000Z","volume":50000,"label":" ","price":4.32},{"type":"B","date":"2018-04-18T01:33:02.000Z","volume":5000,"label":" ","price":4.32},{"type":"B","date":"2018-04-18T01:33:07.000Z","volume":20000,"label":" ","price":4.32},{"type":"B","date":"2018-04-18T01:33:14.000Z","volume":10000,"label":" ","price":4.32},{"type":"B","date":"2018-04-18T01:33:16.000Z","volume":3000,"label":" ","price":4.32},{"type":"A","date":"2018-04-18T01:33:22.000Z","volume":1000000,"label":" ","price":4.33},{"type":"A","date":"2018-04-18T01:33:22.000Z","volume":202000,"label":" ","price":4.33},{"type":"B","date":"2018-04-18T01:33:24.000Z","volume":1000,"label":" ","price":4.32},{"type":"U","date":"2018-04-18T01:33:26.000Z","volume":250000,"label":" ","price":4.33},{"type":"B","date":"2018-04-18T01:33:27.000Z","volume":20000,"label":" ","price":4.33},{"type":"A","date":"2018-04-18T01:33:31.000Z","volume":5000,"label":" ","price":4.33},{"type":"B","date":"2018-04-18T01:33:38.000Z","volume":10000,"label":"Y","price":4.32},{"type":"A","date":"2018-04-18T01:33:52.000Z","volume":10000,"label":" ","price":4.33},{"type":"B","date":"2018-04-18T01:34:15.000Z","volume":616000,"label":" ","price":4.32},{"type":"B","date":"2018-04-18T01:34:15.000Z","volume":99000,"label":" ","price":4.31},{"type":"A","date":"2018-04-18T01:34:17.000Z","volume":2000,"label":" ","price":4.32},{"type":"A","date":"2018-04-18T01:34:21.000Z","volume":1000,"label":" ","price":4.32},{"type":"A","date":"2018-04-18T01:34:42.000Z","volume":20000,"label":" ","price":4.32},{"type":"A","date":"2018-04-18T01:34:43.000Z","volume":20000,"label":" ","price":4.32},{"type":"A","date":"2018-04-18T01:34:47.000Z","volume":175000,"label":" ","price":4.32},{"type":"A","date":"2018-04-18T01:34:47.000Z","volume":25000,"label":" ","price":4.33},{"type":"A","date":"2018-04-18T01:35:01.000Z","volume":16000,"label":" ","price":4.32},{"type":"A","date":"2018-04-18T01:35:06.000Z","volume":2000,"label":" ","price":4.33},{"type":"A","date":"2018-04-18T01:35:09.000Z","volume":20000,"label":" ","price":4.32},{"type":"A","date":"2018-04-18T01:35:17.000Z","volume":2000,"label":" ","price":4.32},{"type":"A","date":"2018-04-18T01:35:19.000Z","volume":26000,"label":" ","price":4.32},{"type":"A","date":"2018-04-18T01:35:24.000Z","volume":49000,"label":" ","price":4.32},{"type":"A","date":"2018-04-18T01:35:24.000Z","volume":401000,"label":" ","price":4.32},{"type":"A","date":"2018-04-18T01:35:24.000Z","volume":1000,"label":" ","price":4.32},{"type":"A","date":"2018-04-18T01:35:32.000Z","volume":42000,"label":" ","price":4.32},{"type":"A","date":"2018-04-18T01:36:04.000Z","volume":1000,"label":" ","price":4.32},{"type":"A","date":"2018-04-18T01:36:09.000Z","volume":1000,"label":"Y","price":4.32},{"type":"A","date":"2018-04-18T01:36:42.000Z","volume":20000,"label":" ","price":4.32},{"type":"A","date":"2018-04-18T01:36:57.000Z","volume":12000,"label":" ","price":4.32},{"type":"B","date":"2018-04-18T01:37:20.000Z","volume":20000,"label":" ","price":4.31},{"type":"B","date":"2018-04-18T01:37:54.000Z","volume":500000,"label":" ","price":4.31},{"type":"B","date":"2018-04-18T01:37:54.000Z","volume":179000,"label":" ","price":4.31},{"type":"B","date":"2018-04-18T01:37:54.000Z","volume":478000,"label":" ","price":4.31},{"type":"A","date":"2018-04-18T01:38:00.000Z","volume":28000,"label":" ","price":4.31},{"type":"A","date":"2018-04-18T01:38:30.000Z","volume":12000,"label":" ","price":4.32},{"type":"A","date":"2018-04-18T01:38:39.000Z","volume":30000,"label":" ","price":4.32},{"type":"A","date":"2018-04-18T01:38:40.000Z","volume":1000,"label":" ","price":4.31},{"type":"A","date":"2018-04-18T01:38:40.000Z","volume":19000,"label":" ","price":4.31},{"type":"A","date":"2018-04-18T01:38:43.000Z","volume":10000,"label":" ","price":4.32},{"type":"A","date":"2018-04-18T01:38:55.000Z","volume":1000,"label":" ","price":4.31},{"type":"A","date":"2018-04-18T01:38:57.000Z","volume":9000,"label":" ","price":4.31},{"type":"A","date":"2018-04-18T01:38:57.000Z","volume":41000,"label":" ","price":4.31},{"type":"B","date":"2018-04-18T01:39:05.000Z","volume":2000,"label":" ","price":4.31},{"type":"B","date":"2018-04-18T01:39:07.000Z","volume":1000,"label":" ","price":4.31},{"type":"B","date":"2018-04-18T01:39:07.000Z","volume":6000,"label":" ","price":4.31},{"type":"B","date":"2018-04-18T01:39:26.000Z","volume":15000,"label":" ","price":4.31},{"type":"B","date":"2018-04-18T01:39:42.000Z","volume":5000,"label":" ","price":4.31},{"type":"B","date":"2018-04-18T01:39:51.000Z","volume":4000,"label":" ","price":4.31},{"type":"B","date":"2018-04-18T01:39:58.000Z","volume":5000,"label":" ","price":4.31},{"type":"B","date":"2018-04-18T01:39:59.000Z","volume":10000,"label":" ","price":4.31},{"type":"B","date":"2018-04-18T01:40:03.000Z","volume":1000,"label":" ","price":4.31},{"type":"B","date":"2018-04-18T01:40:06.000Z","volume":100000,"label":" ","price":4.31},{"type":"B","date":"2018-04-18T01:40:06.000Z","volume":24000,"label":" ","price":4.31},{"type":"B","date":"2018-04-18T01:40:13.000Z","volume":50000,"label":" ","price":4.31},{"type":"B","date":"2018-04-18T01:40:21.000Z","volume":12000,"label":" ","price":4.31},{"type":"B","date":"2018-04-18T01:40:23.000Z","volume":8000,"label":" ","price":4.31},{"type":"B","date":"2018-04-18T01:40:28.000Z","volume":10000,"label":" ","price":4.31},{"type":"B","date":"2018-04-18T01:40:31.000Z","volume":5000,"label":" ","price":4.31},{"type":"B","date":"2018-04-18T01:40:41.000Z","volume":2000,"label":" ","price":4.31},{"type":"B","date":"2018-04-18T01:40:42.000Z","volume":20000,"label":" ","price":4.31},{"type":"B","date":"2018-04-18T01:40:44.000Z","volume":21000,"label":" ","price":4.31},{"type":"A","date":"2018-04-18T01:40:52.000Z","volume":12000,"label":" ","price":4.32},{"type":"B","date":"2018-04-18T01:41:12.000Z","volume":10000,"label":" ","price":4.31},{"type":"B","date":"2018-04-18T01:41:26.000Z","volume":10000,"label":" ","price":4.31},{"type":"B","date":"2018-04-18T01:41:43.000Z","volume":70000,"label":" ","price":4.31},{"type":"B","date":"2018-04-18T01:41:44.000Z","volume":18000,"label":" ","price":4.31},{"type":"B","date":"2018-04-18T01:41:52.000Z","volume":5000,"label":" ","price":4.31},{"type":"B","date":"2018-04-18T01:42:02.000Z","volume":1000,"label":" ","price":4.31},{"type":"B","date":"2018-04-18T01:42:11.000Z","volume":20000,"label":" ","price":4.31},{"type":"B","date":"2018-04-18T01:42:15.000Z","volume":35000,"label":" ","price":4.31},{"type":"B","date":"2018-04-18T01:42:16.000Z","volume":30000,"label":" ","price":4.31},{"type":"B","date":"2018-04-18T01:42:23.000Z","volume":200000,"label":" ","price":4.31},{"type":"B","date":"2018-04-18T01:42:23.000Z","volume":217000,"label":" ","price":4.31},{"type":"B","date":"2018-04-18T01:42:23.000Z","volume":170000,"label":" ","price":4.31},{"type":"B","date":"2018-04-18T01:42:59.000Z","volume":200000,"label":" ","price":4.3},{"type":"B","date":"2018-04-18T01:42:59.000Z","volume":40000,"label":"Y","price":4.3},{"type":"A","date":"2018-04-18T01:43:03.000Z","volume":100000,"label":" ","price":4.31},{"type":"A","date":"2018-04-18T01:43:03.000Z","volume":291000,"label":" ","price":4.31},{"type":"U","date":"2018-04-18T01:43:07.000Z","volume":19000,"label":" ","price":4.31},{"type":"A","date":"2018-04-18T01:43:07.000Z","volume":1000,"label":" ","price":4.32},{"type":"B","date":"2018-04-18T01:43:07.000Z","volume":1000,"label":" ","price":4.31},{"type":"B","date":"2018-04-18T01:43:07.000Z","volume":18000,"label":" ","price":4.31},{"type":"B","date":"2018-04-18T01:43:07.000Z","volume":9000,"label":" ","price":4.31},{"type":"U","date":"2018-04-18T01:43:07.000Z","volume":10000,"label":" ","price":4.31},{"type":"B","date":"2018-04-18T01:43:13.000Z","volume":10000,"label":" ","price":4.31},{"type":"B","date":"2018-04-18T01:43:13.000Z","volume":5000,"label":" ","price":4.31},{"type":"B","date":"2018-04-18T01:43:16.000Z","volume":3000,"label":" ","price":4.31},{"type":"B","date":"2018-04-18T01:43:19.000Z","volume":2000,"label":" ","price":4.31},{"type":"B","date":"2018-04-18T01:43:31.000Z","volume":10000,"label":" ","price":4.31},{"type":"B","date":"2018-04-18T01:43:32.000Z","volume":2000,"label":" ","price":4.31},{"type":"A","date":"2018-04-18T01:43:59.000Z","volume":14000,"label":" ","price":4.32},{"type":"A","date":"2018-04-18T01:44:04.000Z","volume":12000,"label":" ","price":4.32},{"type":"B","date":"2018-04-18T01:44:13.000Z","volume":30000,"label":" ","price":4.31},{"type":"A","date":"2018-04-18T01:44:14.000Z","volume":12000,"label":" ","price":4.32},{"type":"B","date":"2018-04-18T01:44:20.000Z","volume":1000,"label":" ","price":4.31},{"type":"A","date":"2018-04-18T01:44:43.000Z","volume":3000,"label":" ","price":4.32},{"type":"B","date":"2018-04-18T01:44:50.000Z","volume":1000,"label":" ","price":4.31},{"type":"B","date":"2018-04-18T01:44:52.000Z","volume":30000,"label":" ","price":4.31},{"type":"B","date":"2018-04-18T01:44:56.000Z","volume":20000,"label":" ","price":4.31},{"type":"B","date":"2018-04-18T01:45:29.000Z","volume":12000,"label":"Y","price":4.31},{"type":"B","date":"2018-04-18T01:45:29.000Z","volume":76000,"label":" ","price":4.31},{"type":"B","date":"2018-04-18T01:45:29.000Z","volume":23000,"label":" ","price":4.31},{"type":"B","date":"2018-04-18T01:45:29.000Z","volume":23000,"label":" ","price":4.31},{"type":"A","date":"2018-04-18T01:45:30.000Z","volume":33000,"label":" ","price":4.31},{"type":"B","date":"2018-04-18T01:45:36.000Z","volume":3000,"label":" ","price":4.31},{"type":"B","date":"2018-04-18T01:45:40.000Z","volume":1000,"label":" ","price":4.31},{"type":"B","date":"2018-04-18T01:45:42.000Z","volume":10000,"label":" ","price":4.31},{"type":"B","date":"2018-04-18T01:45:47.000Z","volume":2000,"label":" ","price":4.31},{"type":"B","date":"2018-04-18T01:46:01.000Z","volume":20000,"label":" ","price":4.31},{"type":"B","date":"2018-04-18T01:46:02.000Z","volume":2000,"label":" ","price":4.31},{"type":"B","date":"2018-04-18T01:46:02.000Z","volume":4000,"label":" ","price":4.31},{"type":"A","date":"2018-04-18T01:46:11.000Z","volume":1000,"label":" ","price":4.32},{"type":"B","date":"2018-04-18T01:46:44.000Z","volume":10000,"label":" ","price":4.31},{"type":"B","date":"2018-04-18T01:46:48.000Z","volume":1000,"label":" ","price":4.31},{"type":"B","date":"2018-04-18T01:46:53.000Z","volume":20000,"label":" ","price":4.31},{"type":"B","date":"2018-04-18T01:46:58.000Z","volume":4000,"label":" ","price":4.31},{"type":"B","date":"2018-04-18T01:47:05.000Z","volume":48000,"label":" ","price":4.31},{"type":"B","date":"2018-04-18T01:47:05.000Z","volume":4000,"label":" ","price":4.31},{"type":"A","date":"2018-04-18T01:47:19.000Z","volume":1000,"label":" ","price":4.31},{"type":"B","date":"2018-04-18T01:47:26.000Z","volume":20000,"label":" ","price":4.3},{"type":"A","date":"2018-04-18T01:47:26.000Z","volume":12000,"label":" ","price":4.31},{"type":"A","date":"2018-04-18T01:47:28.000Z","volume":69000,"label":" ","price":4.31},{"type":"A","date":"2018-04-18T01:47:35.000Z","volume":10000,"label":" ","price":4.32},{"type":"A","date":"2018-04-18T01:47:56.000Z","volume":40000,"label":" ","price":4.32},{"type":"U","date":"2018-04-18T01:48:02.000Z","volume":10000,"label":" ","price":4.31},{"type":"U","date":"2018-04-18T01:48:02.000Z","volume":1000,"label":" ","price":4.31},{"type":"B","date":"2018-04-18T01:48:14.000Z","volume":10000,"label":" ","price":4.3},{"type":"B","date":"2018-04-18T01:48:56.000Z","volume":1000,"label":" ","price":4.3},{"type":"A","date":"2018-04-18T01:49:14.000Z","volume":20000,"label":" ","price":4.31},{"type":"B","date":"2018-04-18T01:49:20.000Z","volume":15000,"label":" ","price":4.3},{"type":"B","date":"2018-04-18T01:49:20.000Z","volume":20000,"label":" ","price":4.3},{"type":"A","date":"2018-04-18T01:49:22.000Z","volume":1000,"label":"Y","price":4.31},{"type":"B","date":"2018-04-18T01:49:45.000Z","volume":69000,"label":" ","price":4.3},{"type":"B","date":"2018-04-18T01:49:50.000Z","volume":100000,"label":" ","price":4.3},{"type":"B","date":"2018-04-18T01:49:50.000Z","volume":395000,"label":" ","price":4.3},{"type":"A","date":"2018-04-18T01:49:51.000Z","volume":16000,"label":" ","price":4.3},{"type":"A","date":"2018-04-18T01:49:52.000Z","volume":11000,"label":" ","price":4.3},{"type":"A","date":"2018-04-18T01:49:53.000Z","volume":1000,"label":" ","price":4.3},{"type":"A","date":"2018-04-18T01:50:10.000Z","volume":109000,"label":" ","price":4.3},{"type":"A","date":"2018-04-18T01:50:28.000Z","volume":12000,"label":" ","price":4.31},{"type":"B","date":"2018-04-18T01:50:42.000Z","volume":2000,"label":" ","price":4.3},{"type":"B","date":"2018-04-18T01:50:43.000Z","volume":7000,"label":" ","price":4.3},{"type":"B","date":"2018-04-18T01:50:43.000Z","volume":3000,"label":" ","price":4.3},{"type":"B","date":"2018-04-18T01:51:07.000Z","volume":461000,"label":"Y","price":4.29},{"type":"B","date":"2018-04-18T01:51:07.000Z","volume":1414000,"label":" ","price":4.29},{"type":"B","date":"2018-04-18T01:51:07.000Z","volume":142000,"label":" ","price":4.29},{"type":"B","date":"2018-04-18T01:51:07.000Z","volume":20000,"label":" ","price":4.29},{"type":"A","date":"2018-04-18T01:51:10.000Z","volume":49000,"label":" ","price":4.3},{"type":"B","date":"2018-04-18T01:51:12.000Z","volume":2000,"label":" ","price":4.3},{"type":"B","date":"2018-04-18T01:51:16.000Z","volume":30000,"label":" ","price":4.3},{"type":"B","date":"2018-04-18T01:51:49.000Z","volume":5000,"label":" ","price":4.3},{"type":"B","date":"2018-04-18T01:52:17.000Z","volume":166000,"label":" ","price":4.3},{"type":"B","date":"2018-04-18T01:52:17.000Z","volume":105000,"label":" ","price":4.3},{"type":"B","date":"2018-04-18T01:52:17.000Z","volume":1000,"label":" ","price":4.3},{"type":"B","date":"2018-04-18T01:52:57.000Z","volume":10000,"label":" ","price":4.29},{"type":"A","date":"2018-04-18T01:52:57.000Z","volume":1000,"label":" ","price":4.3},{"type":"A","date":"2018-04-18T01:52:58.000Z","volume":1000,"label":" ","price":4.3},{"type":"A","date":"2018-04-18T01:52:59.000Z","volume":15000,"label":" ","price":4.3},{"type":"B","date":"2018-04-18T01:53:00.000Z","volume":10000,"label":" ","price":4.29},{"type":"B","date":"2018-04-18T01:53:11.000Z","volume":3000,"label":" ","price":4.29},{"type":"B","date":"2018-04-18T01:53:12.000Z","volume":10000,"label":" ","price":4.29},{"type":"B","date":"2018-04-18T01:53:21.000Z","volume":100000,"label":" ","price":4.29},{"type":"B","date":"2018-04-18T01:53:29.000Z","volume":8000,"label":" ","price":4.29},{"type":"B","date":"2018-04-18T01:53:31.000Z","volume":3000,"label":" ","price":4.29},{"type":"B","date":"2018-04-18T01:53:34.000Z","volume":499000,"label":" ","price":4.29},{"type":"B","date":"2018-04-18T01:53:34.000Z","volume":501000,"label":" ","price":4.29},{"type":"A","date":"2018-04-18T01:53:48.000Z","volume":6000,"label":"Y","price":4.29},{"type":"A","date":"2018-04-18T01:53:48.000Z","volume":13000,"label":" ","price":4.29},{"type":"B","date":"2018-04-18T01:53:51.000Z","volume":443000,"label":" ","price":4.29},{"type":"A","date":"2018-04-18T01:54:07.000Z","volume":20000,"label":" ","price":4.29},{"type":"A","date":"2018-04-18T01:54:17.000Z","volume":171000,"label":" ","price":4.29},{"type":"A","date":"2018-04-18T01:54:41.000Z","volume":114000,"label":" ","price":4.3},{"type":"U","date":"2018-04-18T01:54:48.000Z","volume":10000,"label":" ","price":4.3},{"type":"A","date":"2018-04-18T01:54:52.000Z","volume":12000,"label":" ","price":4.31},{"type":"B","date":"2018-04-18T01:55:03.000Z","volume":10000,"label":" ","price":4.3},{"type":"B","date":"2018-04-18T01:55:14.000Z","volume":20000,"label":" ","price":4.3},{"type":"B","date":"2018-04-18T01:55:18.000Z","volume":188000,"label":" ","price":4.3},{"type":"A","date":"2018-04-18T01:55:41.000Z","volume":11000,"label":" ","price":4.3},{"type":"A","date":"2018-04-18T01:56:34.000Z","volume":6000,"label":" ","price":4.3},{"type":"A","date":"2018-04-18T01:57:01.000Z","volume":20000,"label":" ","price":4.3},{"type":"A","date":"2018-04-18T01:57:02.000Z","volume":1000,"label":" ","price":4.3},{"type":"A","date":"2018-04-18T01:57:28.000Z","volume":1000,"label":" ","price":4.3},{"type":"A","date":"2018-04-18T01:57:40.000Z","volume":400000,"label":" ","price":4.3},{"type":"A","date":"2018-04-18T01:57:40.000Z","volume":250000,"label":" ","price":4.3},{"type":"A","date":"2018-04-18T01:57:40.000Z","volume":334000,"label":" ","price":4.3},{"type":"B","date":"2018-04-18T01:57:49.000Z","volume":100000,"label":" ","price":4.3},{"type":"A","date":"2018-04-18T01:57:53.000Z","volume":12000,"label":" ","price":4.31},{"type":"B","date":"2018-04-18T01:57:54.000Z","volume":18000,"label":" ","price":4.3},{"type":"B","date":"2018-04-18T01:57:56.000Z","volume":2000,"label":" ","price":4.3},{"type":"B","date":"2018-04-18T01:58:03.000Z","volume":20000,"label":" ","price":4.3},{"type":"B","date":"2018-04-18T01:58:09.000Z","volume":4000,"label":" ","price":4.3},{"type":"A","date":"2018-04-18T01:58:34.000Z","volume":5000,"label":" ","price":4.31},{"type":"B","date":"2018-04-18T01:58:39.000Z","volume":1000,"label":" ","price":4.3},{"type":"B","date":"2018-04-18T01:58:43.000Z","volume":10000,"label":" ","price":4.3},{"type":"B","date":"2018-04-18T01:58:47.000Z","volume":2000,"label":"Y","price":4.3},{"type":"B","date":"2018-04-18T01:59:57.000Z","volume":100000,"label":" ","price":4.3},{"type":"B","date":"2018-04-18T02:00:01.000Z","volume":19000,"label":" ","price":4.3},{"type":"U","date":"2018-04-18T02:00:11.000Z","volume":10000000,"label":"X","price":4.305},{"type":"B","date":"2018-04-18T02:00:16.000Z","volume":4000,"label":" ","price":4.3},{"type":"A","date":"2018-04-18T02:00:18.000Z","volume":20000,"label":" ","price":4.31},{"type":"B","date":"2018-04-18T02:00:22.000Z","volume":5000,"label":" ","price":4.3},{"type":"A","date":"2018-04-18T02:00:30.000Z","volume":1000,"label":" ","price":4.31},{"type":"B","date":"2018-04-18T02:00:47.000Z","volume":40000,"label":" ","price":4.3},{"type":"B","date":"2018-04-18T02:00:54.000Z","volume":7000,"label":" ","price":4.3},{"type":"A","date":"2018-04-18T02:01:06.000Z","volume":12000,"label":" ","price":4.31},{"type":"B","date":"2018-04-18T02:01:11.000Z","volume":3000,"label":" ","price":4.3},{"type":"B","date":"2018-04-18T02:01:40.000Z","volume":1000,"label":" ","price":4.3},{"type":"B","date":"2018-04-18T02:02:02.000Z","volume":10000,"label":" ","price":4.3},{"type":"A","date":"2018-04-18T02:02:02.000Z","volume":68000,"label":" ","price":4.31},{"type":"A","date":"2018-04-18T02:02:03.000Z","volume":29000,"label":" ","price":4.31},{"type":"U","date":"2018-04-18T02:02:05.000Z","volume":1000,"label":"X","price":4.305},{"type":"B","date":"2018-04-18T02:02:06.000Z","volume":6000,"label":" ","price":4.3},{"type":"A","date":"2018-04-18T02:02:08.000Z","volume":41000,"label":" ","price":4.31},{"type":"B","date":"2018-04-18T02:02:10.000Z","volume":10000,"label":" ","price":4.3},{"type":"A","date":"2018-04-18T02:02:36.000Z","volume":150000,"label":" ","price":4.31},{"type":"A","date":"2018-04-18T02:02:36.000Z","volume":68000,"label":" ","price":4.31},{"type":"A","date":"2018-04-18T02:02:36.000Z","volume":603000,"label":" ","price":4.31},{"type":"B","date":"2018-04-18T02:02:36.000Z","volume":20000,"label":" ","price":4.31},{"type":"B","date":"2018-04-18T02:02:38.000Z","volume":26000,"label":" ","price":4.31},{"type":"B","date":"2018-04-18T02:02:40.000Z","volume":1000,"label":" ","price":4.31},{"type":"B","date":"2018-04-18T02:02:40.000Z","volume":2000,"label":" ","price":4.31},{"type":"B","date":"2018-04-18T02:02:40.000Z","volume":305000,"label":" ","price":4.31},{"type":"B","date":"2018-04-18T02:03:02.000Z","volume":3000,"label":" ","price":4.31},{"type":"B","date":"2018-04-18T02:03:12.000Z","volume":10000,"label":" ","price":4.31},{"type":"B","date":"2018-04-18T02:03:24.000Z","volume":1000,"label":" ","price":4.31},{"type":"B","date":"2018-04-18T02:03:30.000Z","volume":20000,"label":" ","price":4.31},{"type":"A","date":"2018-04-18T02:03:38.000Z","volume":20000,"label":" ","price":4.32},{"type":"B","date":"2018-04-18T02:03:53.000Z","volume":2000,"label":" ","price":4.31},{"type":"B","date":"2018-04-18T02:04:17.000Z","volume":40000,"label":" ","price":4.31},{"type":"A","date":"2018-04-18T02:04:18.000Z","volume":12000,"label":" ","price":4.32},{"type":"U","date":"2018-04-18T02:04:18.000Z","volume":1000,"label":"X","price":4.315},{"type":"B","date":"2018-04-18T02:04:37.000Z","volume":10000,"label":" ","price":4.31},{"type":"A","date":"2018-04-18T02:04:50.000Z","volume":30000,"label":" ","price":4.32},{"type":"U","date":"2018-04-18T02:04:53.000Z","volume":4000,"label":"X","price":4.315},{"type":"A","date":"2018-04-18T02:05:13.000Z","volume":80000,"label":" ","price":4.32},{"type":"U","date":"2018-04-18T02:05:29.000Z","volume":1000,"label":"X","price":4.315},{"type":"U","date":"2018-04-18T02:05:46.000Z","volume":4000,"label":"X","price":4.315},{"type":"A","date":"2018-04-18T02:06:04.000Z","volume":454000,"label":" ","price":4.32},{"type":"U","date":"2018-04-18T02:06:46.000Z","volume":3000,"label":"X","price":4.315},{"type":"U","date":"2018-04-18T02:07:16.000Z","volume":3000,"label":"X","price":4.315},{"type":"A","date":"2018-04-18T02:07:18.000Z","volume":12000,"label":" ","price":4.32},{"type":"A","date":"2018-04-18T02:07:21.000Z","volume":20000,"label":" ","price":4.32},{"type":"B","date":"2018-04-18T02:07:31.000Z","volume":7000,"label":" ","price":4.31},{"type":"B","date":"2018-04-18T02:07:39.000Z","volume":40000,"label":" ","price":4.31},{"type":"U","date":"2018-04-18T02:07:41.000Z","volume":1000,"label":"X","price":4.315},{"type":"U","date":"2018-04-18T02:07:46.000Z","volume":3000,"label":"X","price":4.315},{"type":"A","date":"2018-04-18T02:08:15.000Z","volume":1000,"label":" ","price":4.32},{"type":"B","date":"2018-04-18T02:08:16.000Z","volume":718000,"label":" ","price":4.31},{"type":"B","date":"2018-04-18T02:08:16.000Z","volume":1000,"label":" ","price":4.31},{"type":"B","date":"2018-04-18T02:08:16.000Z","volume":1000,"label":" ","price":4.31},{"type":"B","date":"2018-04-18T02:08:16.000Z","volume":6000,"label":" ","price":4.31},{"type":"B","date":"2018-04-18T02:08:16.000Z","volume":2000,"label":" ","price":4.31},{"type":"B","date":"2018-04-18T02:08:16.000Z","volume":8000,"label":" ","price":4.31},{"type":"A","date":"2018-04-18T02:08:20.000Z","volume":15000,"label":" ","price":4.31},{"type":"A","date":"2018-04-18T02:08:20.000Z","volume":22000,"label":" ","price":4.31},{"type":"A","date":"2018-04-18T02:08:20.000Z","volume":23000,"label":"Y","price":4.31},{"type":"A","date":"2018-04-18T02:08:20.000Z","volume":227000,"label":" ","price":4.31},{"type":"A","date":"2018-04-18T02:08:20.000Z","volume":47000,"label":" ","price":4.31},{"type":"B","date":"2018-04-18T02:08:20.000Z","volume":32000,"label":" ","price":4.31},{"type":"B","date":"2018-04-18T02:08:24.000Z","volume":3000,"label":" ","price":4.31},{"type":"B","date":"2018-04-18T02:08:24.000Z","volume":2000,"label":" ","price":4.31},{"type":"B","date":"2018-04-18T02:08:27.000Z","volume":1000,"label":" ","price":4.31},{"type":"B","date":"2018-04-18T02:08:50.000Z","volume":15000,"label":" ","price":4.31},{"type":"B","date":"2018-04-18T02:08:51.000Z","volume":1000,"label":" ","price":4.31},{"type":"B","date":"2018-04-18T02:08:58.000Z","volume":3000,"label":" ","price":4.31},{"type":"B","date":"2018-04-18T02:09:02.000Z","volume":10000,"label":" ","price":4.31},{"type":"B","date":"2018-04-18T02:09:06.000Z","volume":10000,"label":" ","price":4.31},{"type":"B","date":"2018-04-18T02:09:23.000Z","volume":8000,"label":" ","price":4.31},{"type":"B","date":"2018-04-18T02:09:25.000Z","volume":8000,"label":" ","price":4.31},{"type":"B","date":"2018-04-18T02:09:26.000Z","volume":40000,"label":" ","price":4.31},{"type":"B","date":"2018-04-18T02:09:26.000Z","volume":386000,"label":" ","price":4.31},{"type":"A","date":"2018-04-18T02:09:26.000Z","volume":1000,"label":" ","price":4.31},{"type":"A","date":"2018-04-18T02:09:33.000Z","volume":6000,"label":" ","price":4.31},{"type":"B","date":"2018-04-18T02:09:37.000Z","volume":2000,"label":" ","price":4.3},{"type":"A","date":"2018-04-18T02:09:52.000Z","volume":33000,"label":"Y","price":4.31},{"type":"A","date":"2018-04-18T02:09:52.000Z","volume":53000,"label":" ","price":4.31},{"type":"A","date":"2018-04-18T02:09:52.000Z","volume":294000,"label":" ","price":4.32},{"type":"B","date":"2018-04-18T02:09:58.000Z","volume":2000,"label":" ","price":4.3},{"type":"U","date":"2018-04-18T02:10:00.000Z","volume":3000,"label":" ","price":4.31},{"type":"A","date":"2018-04-18T02:10:00.000Z","volume":2000,"label":" ","price":4.31},{"type":"A","date":"2018-04-18T02:10:02.000Z","volume":1000,"label":" ","price":4.31},{"type":"A","date":"2018-04-18T02:10:03.000Z","volume":11000,"label":" ","price":4.31},{"type":"A","date":"2018-04-18T02:10:14.000Z","volume":1000,"label":" ","price":4.31},{"type":"B","date":"2018-04-18T02:10:18.000Z","volume":1000,"label":"Y","price":4.3},{"type":"B","date":"2018-04-18T02:10:18.000Z","volume":1999000,"label":" ","price":4.3},{"type":"B","date":"2018-04-18T02:10:18.000Z","volume":715000,"label":" ","price":4.3},{"type":"A","date":"2018-04-18T02:10:18.000Z","volume":11000,"label":" ","price":4.3},{"type":"A","date":"2018-04-18T02:10:26.000Z","volume":41000,"label":" ","price":4.3},{"type":"U","date":"2018-04-18T02:10:46.000Z","volume":1000,"label":"X","price":4.295},{"type":"U","date":"2018-04-18T02:10:46.000Z","volume":2000,"label":"X","price":4.3},{"type":"B","date":"2018-04-18T02:10:56.000Z","volume":2000,"label":" ","price":4.29},{"type":"B","date":"2018-04-18T02:11:22.000Z","volume":2000,"label":" ","price":4.29},{"type":"A","date":"2018-04-18T02:11:22.000Z","volume":10000,"label":"Y","price":4.3},{"type":"B","date":"2018-04-18T02:11:44.000Z","volume":2000,"label":" ","price":4.29},{"type":"B","date":"2018-04-18T02:12:05.000Z","volume":2000,"label":" ","price":4.29},{"type":"A","date":"2018-04-18T02:12:12.000Z","volume":12000,"label":" ","price":4.3},{"type":"B","date":"2018-04-18T02:12:32.000Z","volume":2000,"label":" ","price":4.29},{"type":"B","date":"2018-04-18T02:12:55.000Z","volume":10000,"label":" ","price":4.29},{"type":"B","date":"2018-04-18T02:12:57.000Z","volume":2000,"label":" ","price":4.29},{"type":"B","date":"2018-04-18T02:13:10.000Z","volume":4000,"label":" ","price":4.29},{"type":"B","date":"2018-04-18T02:13:10.000Z","volume":2000,"label":" ","price":4.29},{"type":"A","date":"2018-04-18T02:13:18.000Z","volume":1000,"label":" ","price":4.3},{"type":"U","date":"2018-04-18T02:13:24.000Z","volume":1000,"label":"X","price":4.295},{"type":"B","date":"2018-04-18T02:13:29.000Z","volume":30000,"label":" ","price":4.29},{"type":"B","date":"2018-04-18T02:13:30.000Z","volume":2000,"label":" ","price":4.29},{"type":"A","date":"2018-04-18T02:13:38.000Z","volume":9000,"label":" ","price":4.3},{"type":"U","date":"2018-04-18T02:13:46.000Z","volume":1000,"label":"X","price":4.295},{"type":"B","date":"2018-04-18T02:14:05.000Z","volume":294000,"label":" ","price":4.29},{"type":"B","date":"2018-04-18T02:14:05.000Z","volume":2000,"label":" ","price":4.29},{"type":"A","date":"2018-04-18T02:14:06.000Z","volume":3000,"label":" ","price":4.29},{"type":"A","date":"2018-04-18T02:14:13.000Z","volume":2000,"label":" ","price":4.29},{"type":"A","date":"2018-04-18T02:14:13.000Z","volume":63000,"label":" ","price":4.29},{"type":"B","date":"2018-04-18T02:14:13.000Z","volume":2000,"label":" ","price":4.29},{"type":"B","date":"2018-04-18T02:14:15.000Z","volume":2000,"label":" ","price":4.29},{"type":"U","date":"2018-04-18T02:14:16.000Z","volume":1000,"label":"X","price":4.29},{"type":"A","date":"2018-04-18T02:14:17.000Z","volume":2000,"label":" ","price":4.3},{"type":"B","date":"2018-04-18T02:14:24.000Z","volume":84000,"label":" ","price":4.29},{"type":"B","date":"2018-04-18T02:14:24.000Z","volume":23000,"label":" ","price":4.29},{"type":"B","date":"2018-04-18T02:14:42.000Z","volume":2000,"label":" ","price":4.28},{"type":"A","date":"2018-04-18T02:14:54.000Z","volume":1000,"label":" ","price":4.29},{"type":"B","date":"2018-04-18T02:15:03.000Z","volume":2000,"label":" ","price":4.28},{"type":"B","date":"2018-04-18T02:15:09.000Z","volume":266000,"label":" ","price":4.28},{"type":"U","date":"2018-04-18T02:15:16.000Z","volume":1000,"label":"X","price":4.285},{"type":"B","date":"2018-04-18T02:15:16.000Z","volume":30000,"label":" ","price":4.28},{"type":"B","date":"2018-04-18T02:15:26.000Z","volume":30000,"label":" ","price":4.28},{"type":"B","date":"2018-04-18T02:15:40.000Z","volume":13000,"label":" ","price":4.28},{"type":"U","date":"2018-04-18T02:15:46.000Z","volume":1000,"label":"X","price":4.285},{"type":"U","date":"2018-04-18T02:15:46.000Z","volume":1000,"label":"X","price":4.285},{"type":"A","date":"2018-04-18T02:15:47.000Z","volume":1000,"label":" ","price":4.29},{"type":"A","date":"2018-04-18T02:15:47.000Z","volume":69000,"label":" ","price":4.29},{"type":"U","date":"2018-04-18T02:15:54.000Z","volume":1000,"label":"X","price":4.285},{"type":"U","date":"2018-04-18T02:15:54.000Z","volume":1000,"label":"X","price":4.285},{"type":"U","date":"2018-04-18T02:15:54.000Z","volume":1000,"label":"X","price":4.285},{"type":"B","date":"2018-04-18T02:16:08.000Z","volume":17000,"label":" ","price":4.28},{"type":"A","date":"2018-04-18T02:16:22.000Z","volume":20000,"label":" ","price":4.29},{"type":"B","date":"2018-04-18T02:16:25.000Z","volume":22000,"label":" ","price":4.29},{"type":"U","date":"2018-04-18T02:16:34.000Z","volume":1000,"label":" ","price":4.29},{"type":"U","date":"2018-04-18T02:16:34.000Z","volume":9000,"label":" ","price":4.29},{"type":"U","date":"2018-04-18T02:16:36.000Z","volume":1000,"label":" ","price":4.29},{"type":"A","date":"2018-04-18T02:17:07.000Z","volume":12000,"label":" ","price":4.3},{"type":"B","date":"2018-04-18T02:17:09.000Z","volume":61000,"label":" ","price":4.29},{"type":"B","date":"2018-04-18T02:17:15.000Z","volume":1000,"label":" ","price":4.29},{"type":"B","date":"2018-04-18T02:17:34.000Z","volume":2000,"label":" ","price":4.29},{"type":"B","date":"2018-04-18T02:18:18.000Z","volume":2000,"label":" ","price":4.29},{"type":"A","date":"2018-04-18T02:18:21.000Z","volume":74000,"label":"Y","price":4.3},{"type":"A","date":"2018-04-18T02:18:21.000Z","volume":26000,"label":" ","price":4.3},{"type":"B","date":"2018-04-18T02:18:24.000Z","volume":3000,"label":" ","price":4.29},{"type":"A","date":"2018-04-18T02:18:38.000Z","volume":60000,"label":" ","price":4.3},{"type":"B","date":"2018-04-18T02:18:42.000Z","volume":3000,"label":" ","price":4.29},{"type":"B","date":"2018-04-18T02:19:08.000Z","volume":73000,"label":" ","price":4.29},{"type":"A","date":"2018-04-18T02:19:08.000Z","volume":1000,"label":" ","price":4.29},{"type":"B","date":"2018-04-18T02:19:23.000Z","volume":3000,"label":" ","price":4.29},{"type":"B","date":"2018-04-18T02:19:38.000Z","volume":2000,"label":" ","price":4.29},{"type":"B","date":"2018-04-18T02:19:43.000Z","volume":40000,"label":" ","price":4.29},{"type":"B","date":"2018-04-18T02:19:52.000Z","volume":10000,"label":" ","price":4.29},{"type":"B","date":"2018-04-18T02:19:55.000Z","volume":3000,"label":" ","price":4.29},{"type":"B","date":"2018-04-18T02:20:28.000Z","volume":3000,"label":" ","price":4.29},{"type":"B","date":"2018-04-18T02:20:45.000Z","volume":34000,"label":" ","price":4.29},{"type":"B","date":"2018-04-18T02:21:03.000Z","volume":3000,"label":" ","price":4.29},{"type":"B","date":"2018-04-18T02:21:08.000Z","volume":599000,"label":" ","price":4.28},{"type":"B","date":"2018-04-18T02:21:08.000Z","volume":253000,"label":" ","price":4.28},{"type":"U","date":"2018-04-18T02:21:08.000Z","volume":136000,"label":" ","price":4.29},{"type":"A","date":"2018-04-18T02:21:08.000Z","volume":20000,"label":" ","price":4.29},{"type":"A","date":"2018-04-18T02:21:08.000Z","volume":1000,"label":" ","price":4.29},{"type":"A","date":"2018-04-18T02:21:09.000Z","volume":22000,"label":" ","price":4.29},{"type":"B","date":"2018-04-18T02:21:14.000Z","volume":22000,"label":" ","price":4.29},{"type":"B","date":"2018-04-18T02:21:14.000Z","volume":101000,"label":" ","price":4.29},{"type":"B","date":"2018-04-18T02:21:14.000Z","volume":137000,"label":" ","price":4.29},{"type":"B","date":"2018-04-18T02:21:14.000Z","volume":99000,"label":" ","price":4.29},{"type":"B","date":"2018-04-18T02:21:14.000Z","volume":20000,"label":" ","price":4.29},{"type":"U","date":"2018-04-18T02:21:16.000Z","volume":1000,"label":"X","price":4.29},{"type":"B","date":"2018-04-18T02:21:17.000Z","volume":200000,"label":" ","price":4.29},{"type":"B","date":"2018-04-18T02:21:17.000Z","volume":77000,"label":" ","price":4.29},{"type":"B","date":"2018-04-18T02:21:17.000Z","volume":20000,"label":" ","price":4.29},{"type":"B","date":"2018-04-18T02:21:17.000Z","volume":20000,"label":" ","price":4.29},{"type":"B","date":"2018-04-18T02:21:17.000Z","volume":5000,"label":" ","price":4.29},{"type":"A","date":"2018-04-18T02:21:18.000Z","volume":3000,"label":" ","price":4.29},{"type":"A","date":"2018-04-18T02:21:18.000Z","volume":1000,"label":" ","price":4.29},{"type":"A","date":"2018-04-18T02:21:19.000Z","volume":6000,"label":" ","price":4.29},{"type":"A","date":"2018-04-18T02:21:19.000Z","volume":20000,"label":" ","price":4.29},{"type":"B","date":"2018-04-18T02:21:20.000Z","volume":5000,"label":" ","price":4.29},{"type":"B","date":"2018-04-18T02:21:26.000Z","volume":2000,"label":" ","price":4.29},{"type":"B","date":"2018-04-18T02:21:34.000Z","volume":49000,"label":" ","price":4.29},{"type":"B","date":"2018-04-18T02:21:54.000Z","volume":2000,"label":" ","price":4.28},{"type":"B","date":"2018-04-18T02:22:17.000Z","volume":2000,"label":" ","price":4.28},{"type":"B","date":"2018-04-18T02:22:36.000Z","volume":2000,"label":" ","price":4.28},{"type":"B","date":"2018-04-18T02:22:38.000Z","volume":10000,"label":" ","price":4.28},{"type":"B","date":"2018-04-18T02:22:41.000Z","volume":15000,"label":" ","price":4.28},{"type":"B","date":"2018-04-18T02:22:45.000Z","volume":10000,"label":" ","price":4.28},{"type":"B","date":"2018-04-18T02:22:54.000Z","volume":10000,"label":" ","price":4.28},{"type":"B","date":"2018-04-18T02:22:59.000Z","volume":2000,"label":" ","price":4.28},{"type":"B","date":"2018-04-18T02:23:11.000Z","volume":2000,"label":" ","price":4.28},{"type":"B","date":"2018-04-18T02:23:18.000Z","volume":269000,"label":" ","price":4.28},{"type":"A","date":"2018-04-18T02:23:20.000Z","volume":12000,"label":" ","price":4.29},{"type":"B","date":"2018-04-18T02:23:26.000Z","volume":2000,"label":" ","price":4.28},{"type":"B","date":"2018-04-18T02:23:31.000Z","volume":287000,"label":" ","price":4.28},{"type":"B","date":"2018-04-18T02:23:31.000Z","volume":5000,"label":" ","price":4.28},{"type":"B","date":"2018-04-18T02:23:31.000Z","volume":5000,"label":" ","price":4.28},{"type":"B","date":"2018-04-18T02:23:31.000Z","volume":4000,"label":" ","price":4.28},{"type":"B","date":"2018-04-18T02:23:31.000Z","volume":7000,"label":" ","price":4.28},{"type":"A","date":"2018-04-18T02:23:32.000Z","volume":1000,"label":" ","price":4.28},{"type":"B","date":"2018-04-18T02:23:49.000Z","volume":2000,"label":" ","price":4.27},{"type":"A","date":"2018-04-18T02:23:49.000Z","volume":17000,"label":" ","price":4.28},{"type":"A","date":"2018-04-18T02:24:01.000Z","volume":297000,"label":" ","price":4.28},{"type":"U","date":"2018-04-18T02:24:24.000Z","volume":3000,"label":"X","price":4.285},{"type":"U","date":"2018-04-18T02:24:54.000Z","volume":3000,"label":"X","price":4.285},{"type":"A","date":"2018-04-18T02:25:08.000Z","volume":55000,"label":" ","price":4.29},{"type":"U","date":"2018-04-18T02:25:16.000Z","volume":1000,"label":"X","price":4.285},{"type":"A","date":"2018-04-18T02:25:21.000Z","volume":2000,"label":" ","price":4.29},{"type":"U","date":"2018-04-18T02:25:24.000Z","volume":1000,"label":"X","price":4.285},{"type":"U","date":"2018-04-18T02:25:24.000Z","volume":1000,"label":"X","price":4.285},{"type":"U","date":"2018-04-18T02:25:24.000Z","volume":1000,"label":"X","price":4.285},{"type":"U","date":"2018-04-18T02:25:24.000Z","volume":1000,"label":"X","price":4.285},{"type":"B","date":"2018-04-18T02:25:42.000Z","volume":100000,"label":" ","price":4.28},{"type":"B","date":"2018-04-18T02:25:48.000Z","volume":10000,"label":" ","price":4.28},{"type":"B","date":"2018-04-18T02:25:53.000Z","volume":100000,"label":" ","price":4.28},{"type":"B","date":"2018-04-18T02:26:02.000Z","volume":250000,"label":" ","price":4.28},{"type":"B","date":"2018-04-18T02:26:02.000Z","volume":137000,"label":" ","price":4.28},{"type":"B","date":"2018-04-18T02:26:03.000Z","volume":7000,"label":" ","price":4.28},{"type":"B","date":"2018-04-18T02:26:03.000Z","volume":4000,"label":" ","price":4.28},{"type":"A","date":"2018-04-18T02:26:05.000Z","volume":275000,"label":" ","price":4.28},{"type":"B","date":"2018-04-18T02:26:16.000Z","volume":1000,"label":" ","price":4.28},{"type":"U","date":"2018-04-18T02:26:16.000Z","volume":1000,"label":"X","price":4.28},{"type":"B","date":"2018-04-18T02:26:28.000Z","volume":60000,"label":" ","price":4.28},{"type":"U","date":"2018-04-18T02:26:46.000Z","volume":3000,"label":"X","price":4.285},{"type":"B","date":"2018-04-18T02:26:55.000Z","volume":10000,"label":" ","price":4.28},{"type":"B","date":"2018-04-18T02:27:03.000Z","volume":181000,"label":" ","price":4.28},{"type":"B","date":"2018-04-18T02:27:03.000Z","volume":3000,"label":" ","price":4.28},{"type":"A","date":"2018-04-18T02:27:11.000Z","volume":29000,"label":" ","price":4.28},{"type":"B","date":"2018-04-18T02:27:16.000Z","volume":311000,"label":" ","price":4.28},{"type":"U","date":"2018-04-18T02:27:16.000Z","volume":1000,"label":"X","price":4.285},{"type":"U","date":"2018-04-18T02:27:16.000Z","volume":1000,"label":"X","price":4.285},{"type":"U","date":"2018-04-18T02:27:16.000Z","volume":1000,"label":"X","price":4.285},{"type":"U","date":"2018-04-18T02:27:16.000Z","volume":1000,"label":"X","price":4.285},{"type":"U","date":"2018-04-18T02:27:16.000Z","volume":1000,"label":"X","price":4.285},{"type":"U","date":"2018-04-18T02:27:16.000Z","volume":1000,"label":"X","price":4.285},{"type":"U","date":"2018-04-18T02:27:16.000Z","volume":1000,"label":"X","price":4.285},{"type":"A","date":"2018-04-18T02:27:21.000Z","volume":6000,"label":" ","price":4.28},{"type":"A","date":"2018-04-18T02:27:48.000Z","volume":1000,"label":"Y","price":4.28},{"type":"A","date":"2018-04-18T02:27:48.000Z","volume":200000,"label":" ","price":4.28},{"type":"A","date":"2018-04-18T02:27:48.000Z","volume":1000,"label":"Y","price":4.28},{"type":"A","date":"2018-04-18T02:27:48.000Z","volume":77000,"label":" ","price":4.28},{"type":"U","date":"2018-04-18T02:27:48.000Z","volume":20000,"label":" ","price":4.28},{"type":"U","date":"2018-04-18T02:27:55.000Z","volume":7000,"label":" ","price":4.28},{"type":"B","date":"2018-04-18T02:27:59.000Z","volume":1000000,"label":" ","price":4.27},{"type":"B","date":"2018-04-18T02:27:59.000Z","volume":203000,"label":" ","price":4.27},{"type":"B","date":"2018-04-18T02:27:59.000Z","volume":17000,"label":" ","price":4.27},{"type":"B","date":"2018-04-18T02:27:59.000Z","volume":3000,"label":" ","price":4.27},{"type":"A","date":"2018-04-18T02:27:59.000Z","volume":166000,"label":" ","price":4.28},{"type":"B","date":"2018-04-18T02:27:59.000Z","volume":2000,"label":" ","price":4.27},{"type":"A","date":"2018-04-18T02:27:59.000Z","volume":253000,"label":" ","price":4.28},{"type":"B","date":"2018-04-18T02:28:04.000Z","volume":10000,"label":" ","price":4.28},{"type":"U","date":"2018-04-18T02:28:04.000Z","volume":250000,"label":" ","price":4.28},{"type":"A","date":"2018-04-18T02:28:11.000Z","volume":54000,"label":" ","price":4.28},{"type":"A","date":"2018-04-18T02:28:13.000Z","volume":8000,"label":" ","price":4.28},{"type":"U","date":"2018-04-18T02:28:16.000Z","volume":1000,"label":"X","price":4.27},{"type":"B","date":"2018-04-18T02:28:20.000Z","volume":30000,"label":" ","price":4.27},{"type":"B","date":"2018-04-18T02:29:08.000Z","volume":10000,"label":" ","price":4.27},{"type":"B","date":"2018-04-18T02:29:23.000Z","volume":5000,"label":" ","price":4.27},{"type":"B","date":"2018-04-18T02:29:23.000Z","volume":3000,"label":" ","price":4.27},{"type":"B","date":"2018-04-18T02:30:04.000Z","volume":2000,"label":" ","price":4.27},{"type":"B","date":"2018-04-18T02:30:29.000Z","volume":2000,"label":" ","price":4.27},{"type":"B","date":"2018-04-18T02:30:48.000Z","volume":2000,"label":" ","price":4.27},{"type":"A","date":"2018-04-18T02:30:50.000Z","volume":5000,"label":" ","price":4.28},{"type":"B","date":"2018-04-18T02:31:10.000Z","volume":60000,"label":" ","price":4.27},{"type":"B","date":"2018-04-18T02:31:12.000Z","volume":5000,"label":" ","price":4.27},{"type":"B","date":"2018-04-18T02:31:13.000Z","volume":2000,"label":" ","price":4.27},{"type":"B","date":"2018-04-18T02:31:40.000Z","volume":3000,"label":" ","price":4.27},{"type":"A","date":"2018-04-18T02:31:53.000Z","volume":10000,"label":" ","price":4.28},{"type":"B","date":"2018-04-18T02:32:03.000Z","volume":10000,"label":" ","price":4.27},{"type":"B","date":"2018-04-18T02:32:07.000Z","volume":50000,"label":" ","price":4.27},{"type":"B","date":"2018-04-18T02:32:12.000Z","volume":3000,"label":" ","price":4.27},{"type":"A","date":"2018-04-18T02:32:16.000Z","volume":12000,"label":" ","price":4.28},{"type":"A","date":"2018-04-18T02:32:21.000Z","volume":1000,"label":" ","price":4.28},{"type":"A","date":"2018-04-18T02:32:25.000Z","volume":2000,"label":" ","price":4.28},{"type":"B","date":"2018-04-18T02:32:32.000Z","volume":30000,"label":" ","price":4.27},{"type":"B","date":"2018-04-18T02:32:38.000Z","volume":71000,"label":" ","price":4.27},{"type":"B","date":"2018-04-18T02:32:43.000Z","volume":10000,"label":" ","price":4.27},{"type":"B","date":"2018-04-18T02:32:44.000Z","volume":2000,"label":" ","price":4.27},{"type":"A","date":"2018-04-18T02:32:54.000Z","volume":2000,"label":" ","price":4.28},{"type":"B","date":"2018-04-18T02:33:09.000Z","volume":2000,"label":" ","price":4.27},{"type":"B","date":"2018-04-18T02:33:22.000Z","volume":1000,"label":" ","price":4.27},{"type":"B","date":"2018-04-18T02:33:34.000Z","volume":3000,"label":" ","price":4.27},{"type":"A","date":"2018-04-18T02:33:43.000Z","volume":2000,"label":" ","price":4.28},{"type":"U","date":"2018-04-18T02:34:01.000Z","volume":1000,"label":"X","price":4.275},{"type":"B","date":"2018-04-18T02:34:06.000Z","volume":5000,"label":" ","price":4.27},{"type":"B","date":"2018-04-18T02:34:17.000Z","volume":2000,"label":" ","price":4.27},{"type":"B","date":"2018-04-18T02:34:42.000Z","volume":3000,"label":" ","price":4.27},{"type":"B","date":"2018-04-18T02:35:02.000Z","volume":1000,"label":" ","price":4.27},{"type":"B","date":"2018-04-18T02:35:18.000Z","volume":3000,"label":" ","price":4.27},{"type":"A","date":"2018-04-18T02:35:20.000Z","volume":2000,"label":" ","price":4.28},{"type":"A","date":"2018-04-18T02:35:46.000Z","volume":79000,"label":" ","price":4.28},{"type":"B","date":"2018-04-18T02:35:54.000Z","volume":3000,"label":" ","price":4.27},{"type":"B","date":"2018-04-18T02:36:25.000Z","volume":76000,"label":" ","price":4.27},{"type":"B","date":"2018-04-18T02:36:27.000Z","volume":3000,"label":" ","price":4.27},{"type":"A","date":"2018-04-18T02:36:38.000Z","volume":12000,"label":" ","price":4.28},{"type":"B","date":"2018-04-18T02:36:41.000Z","volume":10000,"label":" ","price":4.27},{"type":"B","date":"2018-04-18T02:36:46.000Z","volume":3000,"label":" ","price":4.27},{"type":"B","date":"2018-04-18T02:36:49.000Z","volume":5000,"label":" ","price":4.27},{"type":"B","date":"2018-04-18T02:36:51.000Z","volume":60000,"label":" ","price":4.27},{"type":"A","date":"2018-04-18T02:37:03.000Z","volume":1000,"label":" ","price":4.28},{"type":"B","date":"2018-04-18T02:37:05.000Z","volume":3000,"label":" ","price":4.27},{"type":"B","date":"2018-04-18T02:37:21.000Z","volume":4000,"label":" ","price":4.27},{"type":"B","date":"2018-04-18T02:37:39.000Z","volume":3000,"label":" ","price":4.27},{"type":"B","date":"2018-04-18T02:37:58.000Z","volume":50000,"label":" ","price":4.27},{"type":"B","date":"2018-04-18T02:38:01.000Z","volume":3000,"label":" ","price":4.27},{"type":"B","date":"2018-04-18T02:38:04.000Z","volume":20000,"label":" ","price":4.27},{"type":"B","date":"2018-04-18T02:38:17.000Z","volume":3000,"label":" ","price":4.27},{"type":"A","date":"2018-04-18T02:38:24.000Z","volume":2000,"label":" ","price":4.28},{"type":"A","date":"2018-04-18T02:38:24.000Z","volume":115000,"label":" ","price":4.28},{"type":"B","date":"2018-04-18T02:38:30.000Z","volume":98000,"label":" ","price":4.27},{"type":"A","date":"2018-04-18T02:38:31.000Z","volume":1000,"label":" ","price":4.28},{"type":"B","date":"2018-04-18T02:38:35.000Z","volume":133000,"label":" ","price":4.27},{"type":"B","date":"2018-04-18T02:38:42.000Z","volume":5000,"label":" ","price":4.27},{"type":"U","date":"2018-04-18T02:38:47.000Z","volume":1000,"label":"X","price":4.275},{"type":"B","date":"2018-04-18T02:38:48.000Z","volume":60000,"label":" ","price":4.27},{"type":"B","date":"2018-04-18T02:38:50.000Z","volume":98000,"label":" ","price":4.27},{"type":"B","date":"2018-04-18T02:38:59.000Z","volume":10000,"label":" ","price":4.27},{"type":"B","date":"2018-04-18T02:39:06.000Z","volume":30000,"label":" ","price":4.27},{"type":"A","date":"2018-04-18T02:39:13.000Z","volume":10000,"label":" ","price":4.28},{"type":"U","date":"2018-04-18T02:39:17.000Z","volume":3000,"label":"X","price":4.275},{"type":"U","date":"2018-04-18T02:39:17.000Z","volume":1000,"label":"X","price":4.275},{"type":"U","date":"2018-04-18T02:39:17.000Z","volume":1000,"label":"X","price":4.275},{"type":"U","date":"2018-04-18T02:39:17.000Z","volume":1000,"label":"X","price":4.275},{"type":"U","date":"2018-04-18T02:39:17.000Z","volume":1000,"label":"X","price":4.275},{"type":"U","date":"2018-04-18T02:39:17.000Z","volume":1000,"label":"X","price":4.275},{"type":"U","date":"2018-04-18T02:39:17.000Z","volume":1000,"label":"X","price":4.275},{"type":"B","date":"2018-04-18T02:39:28.000Z","volume":3000,"label":" ","price":4.27},{"type":"B","date":"2018-04-18T02:39:28.000Z","volume":192000,"label":" ","price":4.27},{"type":"B","date":"2018-04-18T02:39:28.000Z","volume":247000,"label":" ","price":4.27},{"type":"B","date":"2018-04-18T02:39:28.000Z","volume":1000,"label":" ","price":4.27},{"type":"B","date":"2018-04-18T02:39:28.000Z","volume":19000,"label":" ","price":4.27},{"type":"B","date":"2018-04-18T02:39:29.000Z","volume":3000,"label":" ","price":4.27},{"type":"B","date":"2018-04-18T02:39:36.000Z","volume":10000,"label":" ","price":4.27},{"type":"B","date":"2018-04-18T02:40:00.000Z","volume":20000,"label":" ","price":4.27},{"type":"B","date":"2018-04-18T02:40:03.000Z","volume":20000,"label":" ","price":4.27},{"type":"B","date":"2018-04-18T02:40:17.000Z","volume":98000,"label":" ","price":4.27},{"type":"B","date":"2018-04-18T02:40:20.000Z","volume":54000,"label":" ","price":4.27},{"type":"B","date":"2018-04-18T02:40:37.000Z","volume":100000,"label":" ","price":4.27},{"type":"B","date":"2018-04-18T02:40:50.000Z","volume":3000,"label":" ","price":4.27},{"type":"B","date":"2018-04-18T02:41:00.000Z","volume":15000,"label":" ","price":4.27},{"type":"B","date":"2018-04-18T02:41:19.000Z","volume":3000,"label":" ","price":4.27},{"type":"B","date":"2018-04-18T02:41:56.000Z","volume":3000,"label":" ","price":4.27},{"type":"B","date":"2018-04-18T02:42:12.000Z","volume":4000,"label":" ","price":4.27},{"type":"B","date":"2018-04-18T02:42:13.000Z","volume":20000,"label":" ","price":4.27},{"type":"B","date":"2018-04-18T02:42:17.000Z","volume":20000,"label":" ","price":4.27},{"type":"B","date":"2018-04-18T02:42:20.000Z","volume":5000,"label":" ","price":4.27},{"type":"A","date":"2018-04-18T02:42:31.000Z","volume":12000,"label":" ","price":4.28},{"type":"B","date":"2018-04-18T02:42:34.000Z","volume":3000,"label":" ","price":4.27},{"type":"A","date":"2018-04-18T02:42:47.000Z","volume":10000,"label":" ","price":4.28},{"type":"B","date":"2018-04-18T02:42:48.000Z","volume":30000,"label":" ","price":4.27},{"type":"A","date":"2018-04-18T02:43:00.000Z","volume":1000,"label":" ","price":4.28},{"type":"B","date":"2018-04-18T02:43:07.000Z","volume":3000,"label":" ","price":4.27},{"type":"B","date":"2018-04-18T02:43:24.000Z","volume":20000,"label":" ","price":4.27},{"type":"B","date":"2018-04-18T02:43:33.000Z","volume":10000,"label":" ","price":4.27},{"type":"A","date":"2018-04-18T02:43:39.000Z","volume":68000,"label":" ","price":4.28},{"type":"B","date":"2018-04-18T02:43:40.000Z","volume":3000,"label":" ","price":4.27},{"type":"B","date":"2018-04-18T02:44:17.000Z","volume":3000,"label":" ","price":4.27},{"type":"B","date":"2018-04-18T02:44:18.000Z","volume":5000,"label":" ","price":4.27},{"type":"A","date":"2018-04-18T02:44:21.000Z","volume":2000,"label":" ","price":4.28},{"type":"B","date":"2018-04-18T02:44:29.000Z","volume":20000,"label":" ","price":4.27},{"type":"B","date":"2018-04-18T02:44:39.000Z","volume":2000,"label":" ","price":4.27},{"type":"B","date":"2018-04-18T02:44:41.000Z","volume":402000,"label":" ","price":4.27},{"type":"B","date":"2018-04-18T02:44:41.000Z","volume":482000,"label":" ","price":4.27},{"type":"B","date":"2018-04-18T02:44:41.000Z","volume":9000,"label":" ","price":4.27},{"type":"B","date":"2018-04-18T02:44:52.000Z","volume":2000,"label":" ","price":4.26},{"type":"A","date":"2018-04-18T02:44:52.000Z","volume":15000,"label":" ","price":4.27},{"type":"A","date":"2018-04-18T02:44:53.000Z","volume":14000,"label":" ","price":4.27},{"type":"A","date":"2018-04-18T02:44:53.000Z","volume":5000,"label":" ","price":4.27},{"type":"A","date":"2018-04-18T02:44:53.000Z","volume":5000,"label":" ","price":4.27},{"type":"A","date":"2018-04-18T02:44:53.000Z","volume":5000,"label":" ","price":4.27},{"type":"A","date":"2018-04-18T02:44:53.000Z","volume":5000,"label":" ","price":4.27},{"type":"A","date":"2018-04-18T02:44:58.000Z","volume":24000,"label":"Y","price":4.27},{"type":"A","date":"2018-04-18T02:44:58.000Z","volume":190000,"label":" ","price":4.27},{"type":"B","date":"2018-04-18T02:44:59.000Z","volume":2000,"label":" ","price":4.26},{"type":"B","date":"2018-04-18T02:45:02.000Z","volume":1000000,"label":" ","price":4.26},{"type":"A","date":"2018-04-18T02:45:02.000Z","volume":1000,"label":" ","price":4.27},{"type":"B","date":"2018-04-18T02:45:13.000Z","volume":500000,"label":" ","price":4.26},{"type":"B","date":"2018-04-18T02:45:14.000Z","volume":20000,"label":" ","price":4.26},{"type":"B","date":"2018-04-18T02:45:14.000Z","volume":2000,"label":" ","price":4.26},{"type":"B","date":"2018-04-18T02:45:30.000Z","volume":10000,"label":" ","price":4.26},{"type":"U","date":"2018-04-18T02:45:47.000Z","volume":1000,"label":"X","price":4.265},{"type":"U","date":"2018-04-18T02:45:54.000Z","volume":1000,"label":"X","price":4.265},{"type":"U","date":"2018-04-18T02:45:54.000Z","volume":1000,"label":"X","price":4.265},{"type":"U","date":"2018-04-18T02:45:54.000Z","volume":1000,"label":"X","price":4.265},{"type":"A","date":"2018-04-18T02:46:10.000Z","volume":20000,"label":" ","price":4.27},{"type":"A","date":"2018-04-18T02:46:10.000Z","volume":2318000,"label":" ","price":4.27},{"type":"A","date":"2018-04-18T02:46:10.000Z","volume":1188000,"label":" ","price":4.27},{"type":"A","date":"2018-04-18T02:46:12.000Z","volume":1000,"label":"Y","price":4.28},{"type":"A","date":"2018-04-18T02:46:12.000Z","volume":249000,"label":" ","price":4.28},{"type":"A","date":"2018-04-18T02:46:12.000Z","volume":101000,"label":" ","price":4.28},{"type":"A","date":"2018-04-18T02:46:12.000Z","volume":351000,"label":" ","price":4.28},{"type":"A","date":"2018-04-18T02:46:13.000Z","volume":34000,"label":" ","price":4.29},{"type":"A","date":"2018-04-18T02:46:32.000Z","volume":2000,"label":" ","price":4.29},{"type":"A","date":"2018-04-18T02:46:34.000Z","volume":28000,"label":" ","price":4.29},{"type":"A","date":"2018-04-18T02:46:45.000Z","volume":92000,"label":" ","price":4.29},{"type":"A","date":"2018-04-18T02:46:55.000Z","volume":138000,"label":" ","price":4.29},{"type":"A","date":"2018-04-18T02:46:55.000Z","volume":1000,"label":" ","price":4.29},{"type":"A","date":"2018-04-18T02:47:08.000Z","volume":11000,"label":" ","price":4.29},{"type":"A","date":"2018-04-18T02:47:08.000Z","volume":242000,"label":" ","price":4.29},{"type":"A","date":"2018-04-18T02:47:08.000Z","volume":512000,"label":" ","price":4.29},{"type":"A","date":"2018-04-18T02:47:12.000Z","volume":5000,"label":" ","price":4.3},{"type":"U","date":"2018-04-18T02:47:25.000Z","volume":1000,"label":"X","price":4.295},{"type":"B","date":"2018-04-18T02:47:28.000Z","volume":20000,"label":" ","price":4.29},{"type":"U","date":"2018-04-18T02:47:47.000Z","volume":1000,"label":"X","price":4.295},{"type":"A","date":"2018-04-18T02:48:35.000Z","volume":1000,"label":" ","price":4.3},{"type":"B","date":"2018-04-18T02:48:37.000Z","volume":40000,"label":" ","price":4.29},{"type":"A","date":"2018-04-18T02:48:43.000Z","volume":40000,"label":" ","price":4.3},{"type":"B","date":"2018-04-18T02:48:47.000Z","volume":228000,"label":" ","price":4.29},{"type":"B","date":"2018-04-18T02:48:47.000Z","volume":102000,"label":" ","price":4.29},{"type":"B","date":"2018-04-18T02:48:47.000Z","volume":107000,"label":" ","price":4.29},{"type":"B","date":"2018-04-18T02:48:47.000Z","volume":34000,"label":" ","price":4.29},{"type":"A","date":"2018-04-18T02:48:52.000Z","volume":9000,"label":" ","price":4.29},{"type":"A","date":"2018-04-18T02:48:54.000Z","volume":20000,"label":" ","price":4.29},{"type":"A","date":"2018-04-18T02:48:54.000Z","volume":9000,"label":" ","price":4.29},{"type":"U","date":"2018-04-18T02:49:17.000Z","volume":4000,"label":"X","price":4.295},{"type":"B","date":"2018-04-18T02:49:20.000Z","volume":80000,"label":" ","price":4.29},{"type":"A","date":"2018-04-18T02:49:36.000Z","volume":12000,"label":" ","price":4.3},{"type":"B","date":"2018-04-18T02:49:52.000Z","volume":10000,"label":" ","price":4.29},{"type":"A","date":"2018-04-18T02:49:56.000Z","volume":20000,"label":" ","price":4.3},{"type":"B","date":"2018-04-18T02:49:59.000Z","volume":30000,"label":" ","price":4.29},{"type":"B","date":"2018-04-18T02:50:11.000Z","volume":10000,"label":" ","price":4.29},{"type":"B","date":"2018-04-18T02:50:11.000Z","volume":3000,"label":" ","price":4.29},{"type":"U","date":"2018-04-18T02:50:17.000Z","volume":4000,"label":"X","price":4.295},{"type":"B","date":"2018-04-18T02:50:20.000Z","volume":61000,"label":" ","price":4.29},{"type":"B","date":"2018-04-18T02:50:42.000Z","volume":4000,"label":" ","price":4.29},{"type":"B","date":"2018-04-18T02:50:55.000Z","volume":159000,"label":" ","price":4.29},{"type":"B","date":"2018-04-18T02:50:55.000Z","volume":7000,"label":" ","price":4.29},{"type":"A","date":"2018-04-18T02:50:55.000Z","volume":2000,"label":" ","price":4.29},{"type":"A","date":"2018-04-18T02:50:56.000Z","volume":14000,"label":" ","price":4.29},{"type":"A","date":"2018-04-18T02:50:56.000Z","volume":1000,"label":" ","price":4.29},{"type":"B","date":"2018-04-18T02:51:12.000Z","volume":90000,"label":" ","price":4.28},{"type":"B","date":"2018-04-18T02:51:29.000Z","volume":3000,"label":" ","price":4.28},{"type":"B","date":"2018-04-18T02:52:03.000Z","volume":3000,"label":" ","price":4.28},{"type":"A","date":"2018-04-18T02:52:29.000Z","volume":31000,"label":" ","price":4.29},{"type":"B","date":"2018-04-18T02:52:37.000Z","volume":3000,"label":" ","price":4.28},{"type":"A","date":"2018-04-18T02:52:54.000Z","volume":3000,"label":" ","price":4.29},{"type":"B","date":"2018-04-18T02:53:12.000Z","volume":3000,"label":" ","price":4.28},{"type":"A","date":"2018-04-18T02:53:24.000Z","volume":2000,"label":" ","price":4.29},{"type":"B","date":"2018-04-18T02:53:26.000Z","volume":3000,"label":" ","price":4.28},{"type":"B","date":"2018-04-18T02:53:27.000Z","volume":5000,"label":" ","price":4.28},{"type":"B","date":"2018-04-18T02:53:28.000Z","volume":288000,"label":" ","price":4.28},{"type":"B","date":"2018-04-18T02:53:28.000Z","volume":504000,"label":" ","price":4.28},{"type":"B","date":"2018-04-18T02:53:28.000Z","volume":4000,"label":" ","price":4.28},{"type":"B","date":"2018-04-18T02:53:28.000Z","volume":1000,"label":" ","price":4.28},{"type":"B","date":"2018-04-18T02:53:28.000Z","volume":15000,"label":" ","price":4.28},{"type":"B","date":"2018-04-18T02:53:28.000Z","volume":40000,"label":" ","price":4.28},{"type":"B","date":"2018-04-18T02:53:28.000Z","volume":182000,"label":" ","price":4.28},{"type":"B","date":"2018-04-18T02:53:28.000Z","volume":151000,"label":" ","price":4.28},{"type":"B","date":"2018-04-18T02:53:40.000Z","volume":1000,"label":" ","price":4.28},{"type":"U","date":"2018-04-18T02:53:55.000Z","volume":3000,"label":"X","price":4.285},{"type":"B","date":"2018-04-18T02:54:20.000Z","volume":52000,"label":" ","price":4.28},{"type":"U","date":"2018-04-18T02:54:47.000Z","volume":3000,"label":"X","price":4.285},{"type":"B","date":"2018-04-18T02:54:49.000Z","volume":6000,"label":" ","price":4.28},{"type":"B","date":"2018-04-18T02:55:07.000Z","volume":10000,"label":" ","price":4.28},{"type":"U","date":"2018-04-18T02:55:17.000Z","volume":3000,"label":"X","price":4.285},{"type":"B","date":"2018-04-18T02:55:20.000Z","volume":159000,"label":" ","price":4.28},{"type":"B","date":"2018-04-18T02:55:20.000Z","volume":176000,"label":" ","price":4.28},{"type":"A","date":"2018-04-18T02:55:20.000Z","volume":4000,"label":" ","price":4.28},{"type":"A","date":"2018-04-18T02:55:20.000Z","volume":5000,"label":" ","price":4.28},{"type":"A","date":"2018-04-18T02:55:20.000Z","volume":250000,"label":" ","price":4.28},{"type":"A","date":"2018-04-18T02:55:20.000Z","volume":40000,"label":" ","price":4.28},{"type":"A","date":"2018-04-18T02:55:20.000Z","volume":14000,"label":" ","price":4.28},{"type":"B","date":"2018-04-18T02:55:39.000Z","volume":18000,"label":" ","price":4.28},{"type":"U","date":"2018-04-18T02:55:47.000Z","volume":3000,"label":"X","price":4.285},{"type":"B","date":"2018-04-18T02:55:56.000Z","volume":1000,"label":" ","price":4.28},{"type":"B","date":"2018-04-18T02:56:10.000Z","volume":50000,"label":" ","price":4.28},{"type":"B","date":"2018-04-18T02:56:10.000Z","volume":5000,"label":" ","price":4.28},{"type":"U","date":"2018-04-18T02:56:17.000Z","volume":3000,"label":"X","price":4.285},{"type":"B","date":"2018-04-18T02:56:47.000Z","volume":3000,"label":" ","price":4.28},{"type":"B","date":"2018-04-18T02:57:04.000Z","volume":15000,"label":" ","price":4.28},{"type":"B","date":"2018-04-18T02:57:11.000Z","volume":25000,"label":" ","price":4.28},{"type":"B","date":"2018-04-18T02:57:17.000Z","volume":3000,"label":" ","price":4.28},{"type":"A","date":"2018-04-18T02:57:25.000Z","volume":454000,"label":" ","price":4.29},{"type":"A","date":"2018-04-18T02:57:25.000Z","volume":437000,"label":" ","price":4.29},{"type":"A","date":"2018-04-18T02:57:34.000Z","volume":4000,"label":" ","price":4.3},{"type":"A","date":"2018-04-18T02:57:34.000Z","volume":250000,"label":" ","price":4.3},{"type":"A","date":"2018-04-18T02:57:44.000Z","volume":243000,"label":" ","price":4.3},{"type":"A","date":"2018-04-18T02:57:44.000Z","volume":311000,"label":" ","price":4.3},{"type":"A","date":"2018-04-18T02:57:44.000Z","volume":640000,"label":" ","price":4.3},{"type":"A","date":"2018-04-18T02:57:44.000Z","volume":250000,"label":" ","price":4.3},{"type":"A","date":"2018-04-18T02:57:44.000Z","volume":91000,"label":" ","price":4.3},{"type":"A","date":"2018-04-18T02:58:03.000Z","volume":27000,"label":" ","price":4.31},{"type":"A","date":"2018-04-18T02:58:06.000Z","volume":2000,"label":" ","price":4.31},{"type":"A","date":"2018-04-18T02:58:08.000Z","volume":243000,"label":" ","price":4.31},{"type":"B","date":"2018-04-18T02:58:51.000Z","volume":20000,"label":" ","price":4.3},{"type":"U","date":"2018-04-18T02:58:55.000Z","volume":2000,"label":"X","price":4.305},{"type":"B","date":"2018-04-18T02:59:05.000Z","volume":20000,"label":" ","price":4.3},{"type":"U","date":"2018-04-18T02:59:17.000Z","volume":2000,"label":"X","price":4.305},{"type":"U","date":"2018-04-18T02:59:25.000Z","volume":1000,"label":"X","price":4.305},{"type":"B","date":"2018-04-18T02:59:33.000Z","volume":8000,"label":" ","price":4.3},{"type":"U","date":"2018-04-18T02:59:47.000Z","volume":1000,"label":"X","price":4.305},{"type":"U","date":"2018-04-18T02:59:47.000Z","volume":1000,"label":"X","price":4.305},{"type":"U","date":"2018-04-18T02:59:47.000Z","volume":1000,"label":"X","price":4.305},{"type":"B","date":"2018-04-18T02:59:51.000Z","volume":4000,"label":" ","price":4.3},{"type":"U","date":"2018-04-18T02:59:55.000Z","volume":2000,"label":"X","price":4.305},{"type":"A","date":"2018-04-18T03:00:26.000Z","volume":1053000,"label":" ","price":4.31},{"type":"B","date":"2018-04-18T03:00:26.000Z","volume":226000,"label":" ","price":4.31},{"type":"B","date":"2018-04-18T03:00:27.000Z","volume":50000,"label":" ","price":4.31},{"type":"B","date":"2018-04-18T03:00:28.000Z","volume":73000,"label":" ","price":4.31},{"type":"U","date":"2018-04-18T03:00:58.000Z","volume":5000,"label":" ","price":4.31},{"type":"B","date":"2018-04-18T03:01:00.000Z","volume":79000,"label":" ","price":4.31},{"type":"U","date":"2018-04-18T03:01:04.000Z","volume":10000,"label":" ","price":4.31},{"type":"U","date":"2018-04-18T03:01:04.000Z","volume":4000,"label":" ","price":4.31},{"type":"A","date":"2018-04-18T03:01:11.000Z","volume":12000,"label":" ","price":4.32},{"type":"B","date":"2018-04-18T03:01:51.000Z","volume":60000,"label":" ","price":4.31},{"type":"A","date":"2018-04-18T03:01:56.000Z","volume":3000,"label":" ","price":4.32},{"type":"B","date":"2018-04-18T03:02:10.000Z","volume":462000,"label":" ","price":4.31},{"type":"B","date":"2018-04-18T03:02:10.000Z","volume":4000,"label":" ","price":4.31},{"type":"A","date":"2018-04-18T03:02:12.000Z","volume":14000,"label":" ","price":4.31},{"type":"A","date":"2018-04-18T03:02:12.000Z","volume":1000,"label":" ","price":4.31},{"type":"A","date":"2018-04-18T03:02:12.000Z","volume":1000,"label":" ","price":4.31},{"type":"A","date":"2018-04-18T03:02:19.000Z","volume":1000,"label":" ","price":4.31},{"type":"A","date":"2018-04-18T03:03:21.000Z","volume":2000,"label":" ","price":4.31},{"type":"A","date":"2018-04-18T03:03:39.000Z","volume":11000,"label":" ","price":4.31},{"type":"B","date":"2018-04-18T03:03:44.000Z","volume":600000,"label":" ","price":4.3},{"type":"B","date":"2018-04-18T03:03:44.000Z","volume":112000,"label":" ","price":4.3},{"type":"B","date":"2018-04-18T03:03:44.000Z","volume":4000,"label":" ","price":4.3},{"type":"A","date":"2018-04-18T03:03:52.000Z","volume":51000,"label":" ","price":4.3},{"type":"A","date":"2018-04-18T03:04:01.000Z","volume":37000,"label":" ","price":4.3},{"type":"B","date":"2018-04-18T03:04:21.000Z","volume":60000,"label":" ","price":4.3},{"type":"A","date":"2018-04-18T03:04:57.000Z","volume":1000,"label":" ","price":4.31},{"type":"B","date":"2018-04-18T03:05:00.000Z","volume":52000,"label":" ","price":4.3},{"type":"B","date":"2018-04-18T03:05:26.000Z","volume":27000,"label":" ","price":4.3},{"type":"B","date":"2018-04-18T03:05:26.000Z","volume":3000,"label":" ","price":4.3},{"type":"U","date":"2018-04-18T03:07:17.000Z","volume":5000,"label":" ","price":4.3},{"type":"B","date":"2018-04-18T03:07:17.000Z","volume":1000,"label":" ","price":4.3},{"type":"B","date":"2018-04-18T03:07:17.000Z","volume":2000,"label":" ","price":4.3},{"type":"B","date":"2018-04-18T03:07:17.000Z","volume":3000,"label":" ","price":4.3},{"type":"A","date":"2018-04-18T03:07:18.000Z","volume":13000,"label":" ","price":4.3},{"type":"U","date":"2018-04-18T03:07:19.000Z","volume":2000,"label":"X","price":4.3},{"type":"U","date":"2018-04-18T03:07:19.000Z","volume":1000,"label":"X","price":4.3},{"type":"U","date":"2018-04-18T03:07:35.000Z","volume":4000,"label":"X","price":4.3},{"type":"A","date":"2018-04-18T03:07:35.000Z","volume":42000,"label":" ","price":4.3},{"type":"A","date":"2018-04-18T03:07:35.000Z","volume":4000,"label":" ","price":4.3},{"type":"B","date":"2018-04-18T03:07:40.000Z","volume":10000,"label":" ","price":4.3},{"type":"B","date":"2018-04-18T03:07:40.000Z","volume":64000,"label":" ","price":4.3},{"type":"U","date":"2018-04-18T03:07:41.000Z","volume":5000,"label":"X","price":4.3},{"type":"U","date":"2018-04-18T03:07:41.000Z","volume":5000,"label":"X","price":4.3},{"type":"B","date":"2018-04-18T03:08:08.000Z","volume":30000,"label":" ","price":4.29},{"type":"U","date":"2018-04-18T03:08:08.000Z","volume":1000,"label":"X","price":4.3},{"type":"B","date":"2018-04-18T03:10:01.000Z","volume":5000,"label":" ","price":4.3},{"type":"A","date":"2018-04-18T03:10:02.000Z","volume":20000,"label":" ","price":4.31},{"type":"B","date":"2018-04-18T03:10:16.000Z","volume":155000,"label":" ","price":4.3},{"type":"B","date":"2018-04-18T03:10:16.000Z","volume":1000,"label":" ","price":4.3},{"type":"B","date":"2018-04-18T03:10:16.000Z","volume":2000,"label":" ","price":4.3},{"type":"U","date":"2018-04-18T03:10:17.000Z","volume":13000,"label":"X","price":4.295},{"type":"B","date":"2018-04-18T03:10:47.000Z","volume":4000,"label":" ","price":4.29},{"type":"A","date":"2018-04-18T03:11:03.000Z","volume":101000,"label":" ","price":4.3},{"type":"A","date":"2018-04-18T03:11:03.000Z","volume":6000,"label":" ","price":4.3},{"type":"U","date":"2018-04-18T03:11:03.000Z","volume":9000,"label":"X","price":4.3},{"type":"A","date":"2018-04-18T03:11:03.000Z","volume":311000,"label":" ","price":4.3},{"type":"A","date":"2018-04-18T03:11:03.000Z","volume":190000,"label":" ","price":4.3},{"type":"B","date":"2018-04-18T03:11:47.000Z","volume":40000,"label":" ","price":4.3},{"type":"A","date":"2018-04-18T03:11:56.000Z","volume":2000,"label":"Y","price":4.31},{"type":"A","date":"2018-04-18T03:11:56.000Z","volume":938000,"label":" ","price":4.31},{"type":"A","date":"2018-04-18T03:11:56.000Z","volume":112000,"label":" ","price":4.31},{"type":"A","date":"2018-04-18T03:11:56.000Z","volume":258000,"label":" ","price":4.31},{"type":"U","date":"2018-04-18T03:11:57.000Z","volume":15000,"label":"X","price":4.315},{"type":"A","date":"2018-04-18T03:11:58.000Z","volume":24000,"label":" ","price":4.32},{"type":"B","date":"2018-04-18T03:12:01.000Z","volume":70000,"label":" ","price":4.31},{"type":"B","date":"2018-04-18T03:12:01.000Z","volume":20000,"label":" ","price":4.31},{"type":"A","date":"2018-04-18T03:13:05.000Z","volume":1000,"label":" ","price":4.31},{"type":"A","date":"2018-04-18T03:13:06.000Z","volume":10000,"label":" ","price":4.31},{"type":"A","date":"2018-04-18T03:14:08.000Z","volume":11000,"label":" ","price":4.31},{"type":"A","date":"2018-04-18T03:14:34.000Z","volume":1000,"label":" ","price":4.31},{"type":"A","date":"2018-04-18T03:14:35.000Z","volume":2000,"label":" ","price":4.31},{"type":"A","date":"2018-04-18T03:15:04.000Z","volume":14000,"label":" ","price":4.31},{"type":"A","date":"2018-04-18T03:15:17.000Z","volume":5000,"label":" ","price":4.31},{"type":"A","date":"2018-04-18T03:15:22.000Z","volume":14000,"label":" ","price":4.31},{"type":"B","date":"2018-04-18T03:16:06.000Z","volume":5000,"label":"Y","price":4.3},{"type":"B","date":"2018-04-18T03:16:06.000Z","volume":145000,"label":" ","price":4.3},{"type":"B","date":"2018-04-18T03:16:06.000Z","volume":165000,"label":" ","price":4.3},{"type":"B","date":"2018-04-18T03:16:06.000Z","volume":3000,"label":" ","price":4.3},{"type":"A","date":"2018-04-18T03:16:19.000Z","volume":34000,"label":" ","price":4.3},{"type":"U","date":"2018-04-18T03:16:39.000Z","volume":10000,"label":" ","price":4.3},{"type":"B","date":"2018-04-18T03:16:39.000Z","volume":6000,"label":" ","price":4.3},{"type":"B","date":"2018-04-18T03:16:51.000Z","volume":20000,"label":" ","price":4.3},{"type":"B","date":"2018-04-18T03:17:14.000Z","volume":34000,"label":" ","price":4.3},{"type":"A","date":"2018-04-18T03:17:27.000Z","volume":5000,"label":" ","price":4.3},{"type":"A","date":"2018-04-18T03:18:01.000Z","volume":2000,"label":" ","price":4.3},{"type":"A","date":"2018-04-18T03:19:02.000Z","volume":50000,"label":" ","price":4.3},{"type":"A","date":"2018-04-18T03:19:38.000Z","volume":11000,"label":" ","price":4.3},{"type":"A","date":"2018-04-18T03:19:39.000Z","volume":1000,"label":" ","price":4.3},{"type":"A","date":"2018-04-18T03:19:44.000Z","volume":20000,"label":" ","price":4.3},{"type":"B","date":"2018-04-18T03:19:46.000Z","volume":60000,"label":" ","price":4.29},{"type":"B","date":"2018-04-18T03:20:16.000Z","volume":60000,"label":" ","price":4.29},{"type":"A","date":"2018-04-18T03:20:51.000Z","volume":1000,"label":" ","price":4.3},{"type":"A","date":"2018-04-18T03:21:01.000Z","volume":2000,"label":" ","price":4.3},{"type":"B","date":"2018-04-18T03:21:02.000Z","volume":5000,"label":" ","price":4.29},{"type":"A","date":"2018-04-18T03:21:05.000Z","volume":1000,"label":" ","price":4.3},{"type":"A","date":"2018-04-18T03:21:21.000Z","volume":1000,"label":" ","price":4.3},{"type":"B","date":"2018-04-18T03:21:55.000Z","volume":6000,"label":" ","price":4.29},{"type":"A","date":"2018-04-18T03:22:19.000Z","volume":30000,"label":" ","price":4.3},{"type":"A","date":"2018-04-18T03:22:20.000Z","volume":29000,"label":" ","price":4.3},{"type":"A","date":"2018-04-18T03:22:20.000Z","volume":79000,"label":" ","price":4.3},{"type":"U","date":"2018-04-18T03:22:20.000Z","volume":4000,"label":" ","price":4.3},{"type":"U","date":"2018-04-18T03:22:28.000Z","volume":15000,"label":" ","price":4.3},{"type":"A","date":"2018-04-18T03:23:03.000Z","volume":34000,"label":" ","price":4.31},{"type":"A","date":"2018-04-18T03:23:22.000Z","volume":12000,"label":" ","price":4.31},{"type":"B","date":"2018-04-18T03:23:58.000Z","volume":15000,"label":"Y","price":4.3},{"type":"B","date":"2018-04-18T03:23:58.000Z","volume":326000,"label":" ","price":4.3},{"type":"A","date":"2018-04-18T03:23:58.000Z","volume":1000,"label":" ","price":4.3},{"type":"A","date":"2018-04-18T03:23:58.000Z","volume":2000,"label":" ","price":4.3},{"type":"A","date":"2018-04-18T03:24:01.000Z","volume":2000,"label":" ","price":4.3},{"type":"A","date":"2018-04-18T03:24:24.000Z","volume":2000,"label":" ","price":4.3},{"type":"A","date":"2018-04-18T03:24:28.000Z","volume":130000,"label":" ","price":4.3},{"type":"B","date":"2018-04-18T03:25:05.000Z","volume":64000,"label":" ","price":4.3},{"type":"B","date":"2018-04-18T03:25:21.000Z","volume":20000,"label":" ","price":4.3},{"type":"B","date":"2018-04-18T03:25:21.000Z","volume":20000,"label":" ","price":4.3},{"type":"B","date":"2018-04-18T03:25:21.000Z","volume":6000,"label":" ","price":4.3},{"type":"B","date":"2018-04-18T03:25:21.000Z","volume":14000,"label":" ","price":4.3},{"type":"B","date":"2018-04-18T03:26:04.000Z","volume":1000,"label":" ","price":4.3},{"type":"B","date":"2018-04-18T03:26:23.000Z","volume":10000,"label":" ","price":4.3},{"type":"B","date":"2018-04-18T03:28:42.000Z","volume":18000,"label":" ","price":4.3},{"type":"A","date":"2018-04-18T03:29:08.000Z","volume":10000,"label":" ","price":4.31},{"type":"A","date":"2018-04-18T03:29:08.000Z","volume":1000,"label":" ","price":4.31},{"type":"B","date":"2018-04-18T03:29:16.000Z","volume":5000,"label":" ","price":4.3},{"type":"A","date":"2018-04-18T03:29:44.000Z","volume":6000,"label":"Y","price":4.31},{"type":"A","date":"2018-04-18T03:29:44.000Z","volume":6000,"label":" ","price":4.31},{"type":"B","date":"2018-04-18T03:29:49.000Z","volume":1000,"label":" ","price":4.3},{"type":"B","date":"2018-04-18T03:30:01.000Z","volume":10000,"label":" ","price":4.3},{"type":"A","date":"2018-04-18T03:30:04.000Z","volume":8000,"label":" ","price":4.31},{"type":"A","date":"2018-04-18T03:30:04.000Z","volume":1000,"label":" ","price":4.31},{"type":"A","date":"2018-04-18T03:30:04.000Z","volume":1000,"label":" ","price":4.31},{"type":"A","date":"2018-04-18T03:30:04.000Z","volume":1000,"label":" ","price":4.31},{"type":"A","date":"2018-04-18T03:30:04.000Z","volume":1000,"label":" ","price":4.31},{"type":"A","date":"2018-04-18T03:30:14.000Z","volume":1000,"label":" ","price":4.31},{"type":"A","date":"2018-04-18T03:30:29.000Z","volume":97000,"label":" ","price":4.31},{"type":"A","date":"2018-04-18T03:30:34.000Z","volume":1000,"label":" ","price":4.31},{"type":"A","date":"2018-04-18T03:30:37.000Z","volume":98000,"label":" ","price":4.31},{"type":"A","date":"2018-04-18T03:30:37.000Z","volume":71000,"label":" ","price":4.31},{"type":"A","date":"2018-04-18T03:30:37.000Z","volume":100000,"label":" ","price":4.31},{"type":"A","date":"2018-04-18T03:30:37.000Z","volume":100000,"label":" ","price":4.31},{"type":"A","date":"2018-04-18T03:30:40.000Z","volume":2296000,"label":" ","price":4.31},{"type":"A","date":"2018-04-18T03:30:40.000Z","volume":32000,"label":" ","price":4.31},{"type":"A","date":"2018-04-18T03:30:48.000Z","volume":97000,"label":" ","price":4.32},{"type":"B","date":"2018-04-18T03:31:06.000Z","volume":4000,"label":" ","price":4.31},{"type":"A","date":"2018-04-18T03:31:08.000Z","volume":1000,"label":" ","price":4.32},{"type":"U","date":"2018-04-18T03:31:08.000Z","volume":500,"label":"D","price":4.4},{"type":"A","date":"2018-04-18T03:31:29.000Z","volume":1000,"label":" ","price":4.32},{"type":"A","date":"2018-04-18T03:31:41.000Z","volume":69000,"label":" ","price":4.32},{"type":"U","date":"2018-04-18T03:31:48.000Z","volume":13594,"label":"X","price":4.305},{"type":"A","date":"2018-04-18T03:31:59.000Z","volume":1000,"label":" ","price":4.32},{"type":"A","date":"2018-04-18T03:32:29.000Z","volume":1000,"label":" ","price":4.32},{"type":"B","date":"2018-04-18T03:32:30.000Z","volume":1000,"label":" ","price":4.31},{"type":"A","date":"2018-04-18T03:32:59.000Z","volume":1000,"label":" ","price":4.32},{"type":"A","date":"2018-04-18T03:33:19.000Z","volume":1000,"label":" ","price":4.32},{"type":"B","date":"2018-04-18T03:33:29.000Z","volume":2000,"label":" ","price":4.31},{"type":"A","date":"2018-04-18T03:33:50.000Z","volume":1000,"label":" ","price":4.32},{"type":"B","date":"2018-04-18T03:33:59.000Z","volume":1000,"label":" ","price":4.31},{"type":"A","date":"2018-04-18T03:34:20.000Z","volume":1000,"label":" ","price":4.32},{"type":"B","date":"2018-04-18T03:34:26.000Z","volume":191000,"label":" ","price":4.31},{"type":"B","date":"2018-04-18T03:34:50.000Z","volume":5000,"label":" ","price":4.31},{"type":"A","date":"2018-04-18T03:34:52.000Z","volume":1000,"label":" ","price":4.32},{"type":"A","date":"2018-04-18T03:35:12.000Z","volume":1000,"label":" ","price":4.32},{"type":"A","date":"2018-04-18T03:35:36.000Z","volume":1000,"label":" ","price":4.32},{"type":"A","date":"2018-04-18T03:35:37.000Z","volume":19000,"label":" ","price":4.32},{"type":"A","date":"2018-04-18T03:35:42.000Z","volume":1000,"label":" ","price":4.32},{"type":"A","date":"2018-04-18T03:36:04.000Z","volume":1000,"label":" ","price":4.32},{"type":"A","date":"2018-04-18T03:36:12.000Z","volume":1000,"label":" ","price":4.32},{"type":"A","date":"2018-04-18T03:36:42.000Z","volume":1000,"label":" ","price":4.32},{"type":"B","date":"2018-04-18T03:36:43.000Z","volume":100000,"label":" ","price":4.31},{"type":"B","date":"2018-04-18T03:37:00.000Z","volume":60000,"label":" ","price":4.31},{"type":"A","date":"2018-04-18T03:37:12.000Z","volume":1000,"label":" ","price":4.32},{"type":"B","date":"2018-04-18T03:37:40.000Z","volume":5000,"label":" ","price":4.31},{"type":"A","date":"2018-04-18T03:37:42.000Z","volume":1000,"label":" ","price":4.32},{"type":"A","date":"2018-04-18T03:37:59.000Z","volume":16000,"label":" ","price":4.32},{"type":"A","date":"2018-04-18T03:38:12.000Z","volume":1000,"label":" ","price":4.32},{"type":"B","date":"2018-04-18T03:38:31.000Z","volume":1855000,"label":" ","price":4.31},{"type":"B","date":"2018-04-18T03:38:31.000Z","volume":1000,"label":" ","price":4.31},{"type":"B","date":"2018-04-18T03:38:31.000Z","volume":3000,"label":" ","price":4.31},{"type":"A","date":"2018-04-18T03:38:49.000Z","volume":58000,"label":" ","price":4.31},{"type":"B","date":"2018-04-18T03:40:26.000Z","volume":4000,"label":"Y","price":4.3},{"type":"B","date":"2018-04-18T03:40:26.000Z","volume":6000,"label":" ","price":4.3},{"type":"B","date":"2018-04-18T03:40:28.000Z","volume":5000,"label":" ","price":4.3},{"type":"A","date":"2018-04-18T03:41:23.000Z","volume":1000,"label":" ","price":4.31},{"type":"A","date":"2018-04-18T03:41:47.000Z","volume":97000,"label":" ","price":4.31},{"type":"A","date":"2018-04-18T03:42:03.000Z","volume":1000,"label":" ","price":4.31},{"type":"A","date":"2018-04-18T03:42:33.000Z","volume":1000,"label":" ","price":4.31},{"type":"B","date":"2018-04-18T03:43:11.000Z","volume":5000,"label":" ","price":4.3},{"type":"A","date":"2018-04-18T03:43:14.000Z","volume":1000,"label":" ","price":4.31},{"type":"A","date":"2018-04-18T03:43:44.000Z","volume":1000,"label":" ","price":4.31},{"type":"A","date":"2018-04-18T03:44:06.000Z","volume":1000,"label":" ","price":4.31},{"type":"A","date":"2018-04-18T03:44:24.000Z","volume":1000,"label":" ","price":4.31},{"type":"A","date":"2018-04-18T03:44:45.000Z","volume":1000,"label":" ","price":4.31},{"type":"B","date":"2018-04-18T03:44:48.000Z","volume":1000,"label":"Y","price":4.3},{"type":"A","date":"2018-04-18T03:44:54.000Z","volume":1000,"label":" ","price":4.31},{"type":"A","date":"2018-04-18T03:45:34.000Z","volume":1000,"label":" ","price":4.31},{"type":"B","date":"2018-04-18T03:45:52.000Z","volume":5000,"label":" ","price":4.3},{"type":"A","date":"2018-04-18T03:46:01.000Z","volume":10000,"label":" ","price":4.31},{"type":"B","date":"2018-04-18T03:46:01.000Z","volume":1000,"label":" ","price":4.3},{"type":"A","date":"2018-04-18T03:46:14.000Z","volume":1000,"label":" ","price":4.31},{"type":"A","date":"2018-04-18T03:46:54.000Z","volume":1000,"label":" ","price":4.31},{"type":"A","date":"2018-04-18T03:47:03.000Z","volume":1000,"label":" ","price":4.31},{"type":"A","date":"2018-04-18T03:47:34.000Z","volume":1000,"label":" ","price":4.31},{"type":"A","date":"2018-04-18T03:47:52.000Z","volume":1000,"label":" ","price":4.31},{"type":"A","date":"2018-04-18T03:48:15.000Z","volume":1000,"label":" ","price":4.31},{"type":"B","date":"2018-04-18T03:48:39.000Z","volume":5000,"label":" ","price":4.3},{"type":"A","date":"2018-04-18T03:48:55.000Z","volume":1000,"label":" ","price":4.31},{"type":"A","date":"2018-04-18T03:49:06.000Z","volume":14000,"label":" ","price":4.31},{"type":"B","date":"2018-04-18T03:49:08.000Z","volume":1000,"label":"Y","price":4.3},{"type":"B","date":"2018-04-18T03:49:08.000Z","volume":3000,"label":" ","price":4.3},{"type":"A","date":"2018-04-18T03:49:35.000Z","volume":1000,"label":" ","price":4.31},{"type":"B","date":"2018-04-18T03:49:46.000Z","volume":20000,"label":" ","price":4.3},{"type":"B","date":"2018-04-18T03:49:47.000Z","volume":4000,"label":" ","price":4.3},{"type":"A","date":"2018-04-18T03:50:15.000Z","volume":1000,"label":" ","price":4.31},{"type":"A","date":"2018-04-18T03:50:24.000Z","volume":20000,"label":" ","price":4.31},{"type":"B","date":"2018-04-18T03:50:24.000Z","volume":4000,"label":" ","price":4.3},{"type":"B","date":"2018-04-18T03:50:29.000Z","volume":60000,"label":" ","price":4.3},{"type":"B","date":"2018-04-18T03:50:31.000Z","volume":10000,"label":" ","price":4.3},{"type":"A","date":"2018-04-18T03:50:33.000Z","volume":1000,"label":" ","price":4.31},{"type":"A","date":"2018-04-18T03:50:55.000Z","volume":1000,"label":" ","price":4.31},{"type":"A","date":"2018-04-18T03:51:00.000Z","volume":12000,"label":" ","price":4.31},{"type":"B","date":"2018-04-18T03:51:00.000Z","volume":3000,"label":" ","price":4.3},{"type":"A","date":"2018-04-18T03:51:02.000Z","volume":1000,"label":" ","price":4.31},{"type":"B","date":"2018-04-18T03:51:21.000Z","volume":5000,"label":" ","price":4.3},{"type":"A","date":"2018-04-18T03:51:45.000Z","volume":1000,"label":" ","price":4.31},{"type":"A","date":"2018-04-18T03:52:03.000Z","volume":29000,"label":" ","price":4.31},{"type":"B","date":"2018-04-18T03:52:05.000Z","volume":6000,"label":" ","price":4.3},{"type":"A","date":"2018-04-18T03:52:27.000Z","volume":1000,"label":" ","price":4.31},{"type":"A","date":"2018-04-18T03:52:49.000Z","volume":2000,"label":" ","price":4.31},{"type":"A","date":"2018-04-18T03:52:49.000Z","volume":3000,"label":" ","price":4.31},{"type":"A","date":"2018-04-18T03:52:57.000Z","volume":71000,"label":" ","price":4.31},{"type":"B","date":"2018-04-18T03:52:58.000Z","volume":14000,"label":" ","price":4.3},{"type":"B","date":"2018-04-18T03:53:00.000Z","volume":10000,"label":" ","price":4.3},{"type":"A","date":"2018-04-18T03:53:08.000Z","volume":1000,"label":" ","price":4.31},{"type":"A","date":"2018-04-18T03:53:21.000Z","volume":1000,"label":" ","price":4.31},{"type":"B","date":"2018-04-18T03:53:23.000Z","volume":20000,"label":" ","price":4.3},{"type":"B","date":"2018-04-18T03:53:23.000Z","volume":5000,"label":" ","price":4.3},{"type":"A","date":"2018-04-18T03:53:33.000Z","volume":1000,"label":" ","price":4.31},{"type":"A","date":"2018-04-18T03:53:50.000Z","volume":9000,"label":" ","price":4.31},{"type":"A","date":"2018-04-18T03:53:58.000Z","volume":1000,"label":" ","price":4.31},{"type":"B","date":"2018-04-18T03:54:12.000Z","volume":5000,"label":" ","price":4.3},{"type":"B","date":"2018-04-18T03:54:14.000Z","volume":3000,"label":" ","price":4.3},{"type":"B","date":"2018-04-18T03:54:21.000Z","volume":150000,"label":" ","price":4.3},{"type":"B","date":"2018-04-18T03:54:21.000Z","volume":27000,"label":" ","price":4.3},{"type":"A","date":"2018-04-18T03:54:38.000Z","volume":1000,"label":" ","price":4.31},{"type":"B","date":"2018-04-18T03:55:01.000Z","volume":171000,"label":" ","price":4.3},{"type":"B","date":"2018-04-18T03:55:02.000Z","volume":30000,"label":" ","price":4.3},{"type":"A","date":"2018-04-18T03:55:04.000Z","volume":5000,"label":" ","price":4.31},{"type":"A","date":"2018-04-18T03:55:28.000Z","volume":1000,"label":" ","price":4.31},{"type":"A","date":"2018-04-18T03:55:38.000Z","volume":73000,"label":" ","price":4.31},{"type":"B","date":"2018-04-18T03:55:40.000Z","volume":14000,"label":" ","price":4.3},{"type":"A","date":"2018-04-18T03:55:43.000Z","volume":50000,"label":" ","price":4.31},{"type":"B","date":"2018-04-18T03:55:44.000Z","volume":9000,"label":" ","price":4.3},{"type":"A","date":"2018-04-18T03:55:55.000Z","volume":1000,"label":" ","price":4.31},{"type":"A","date":"2018-04-18T03:56:03.000Z","volume":20000,"label":" ","price":4.31},{"type":"B","date":"2018-04-18T03:56:03.000Z","volume":3000,"label":" ","price":4.3},{"type":"A","date":"2018-04-18T03:56:03.000Z","volume":1000,"label":" ","price":4.31},{"type":"A","date":"2018-04-18T03:56:08.000Z","volume":1000,"label":" ","price":4.31},{"type":"A","date":"2018-04-18T03:56:12.000Z","volume":8000,"label":" ","price":4.31},{"type":"B","date":"2018-04-18T03:56:56.000Z","volume":5000,"label":" ","price":4.3},{"type":"B","date":"2018-04-18T03:56:58.000Z","volume":3000,"label":" ","price":4.3},{"type":"A","date":"2018-04-18T03:56:59.000Z","volume":1000,"label":" ","price":4.31},{"type":"A","date":"2018-04-18T03:57:39.000Z","volume":1000,"label":" ","price":4.31},{"type":"A","date":"2018-04-18T03:57:47.000Z","volume":1000,"label":" ","price":4.31},{"type":"A","date":"2018-04-18T03:57:59.000Z","volume":84000,"label":" ","price":4.31},{"type":"A","date":"2018-04-18T03:57:59.000Z","volume":500000,"label":" ","price":4.31},{"type":"B","date":"2018-04-18T03:57:59.000Z","volume":15000,"label":" ","price":4.3},{"type":"A","date":"2018-04-18T03:57:59.000Z","volume":46000,"label":" ","price":4.31},{"type":"A","date":"2018-04-18T03:57:59.000Z","volume":38000,"label":"Y","price":4.31},{"type":"A","date":"2018-04-18T03:57:59.000Z","volume":676000,"label":" ","price":4.31},{"type":"A","date":"2018-04-18T03:57:59.000Z","volume":24000,"label":" ","price":4.31},{"type":"A","date":"2018-04-18T03:58:05.000Z","volume":7000,"label":" ","price":4.32},{"type":"B","date":"2018-04-18T03:58:10.000Z","volume":7000,"label":" ","price":4.31},{"type":"B","date":"2018-04-18T03:58:12.000Z","volume":40000,"label":" ","price":4.31},{"type":"A","date":"2018-04-18T03:58:21.000Z","volume":1000,"label":" ","price":4.32},{"type":"A","date":"2018-04-18T03:58:30.000Z","volume":81000,"label":" ","price":4.32},{"type":"B","date":"2018-04-18T03:58:32.000Z","volume":15000,"label":" ","price":4.31},{"type":"A","date":"2018-04-18T03:58:34.000Z","volume":1000,"label":" ","price":4.32},{"type":"A","date":"2018-04-18T03:59:01.000Z","volume":1000,"label":" ","price":4.32},{"type":"A","date":"2018-04-18T03:59:03.000Z","volume":1000,"label":" ","price":4.32},{"type":"B","date":"2018-04-18T03:59:22.000Z","volume":50000,"label":" ","price":4.31},{"type":"B","date":"2018-04-18T03:59:22.000Z","volume":9000,"label":" ","price":4.31},{"type":"A","date":"2018-04-18T03:59:31.000Z","volume":12000,"label":" ","price":4.32},{"type":"A","date":"2018-04-18T03:59:32.000Z","volume":1000,"label":" ","price":4.32},{"type":"B","date":"2018-04-18T03:59:33.000Z","volume":2000,"label":" ","price":4.31},{"type":"A","date":"2018-04-18T03:59:35.000Z","volume":7000,"label":" ","price":4.32},{"type":"A","date":"2018-04-18T03:59:53.000Z","volume":1000,"label":" ","price":4.32},{"type":"B","date":"2018-04-18T05:00:00.000Z","volume":5000,"label":" ","price":4.31},{"type":"B","date":"2018-04-18T05:00:00.000Z","volume":1000,"label":" ","price":4.31},{"type":"A","date":"2018-04-18T05:00:01.000Z","volume":4000,"label":" ","price":4.32},{"type":"A","date":"2018-04-18T05:00:01.000Z","volume":5000,"label":" ","price":4.32},{"type":"B","date":"2018-04-18T05:00:01.000Z","volume":3000,"label":" ","price":4.31},{"type":"B","date":"2018-04-18T05:00:01.000Z","volume":100000,"label":" ","price":4.31},{"type":"A","date":"2018-04-18T05:00:01.000Z","volume":157000,"label":"Y","price":4.32},{"type":"A","date":"2018-04-18T05:00:01.000Z","volume":30000,"label":" ","price":4.32},{"type":"B","date":"2018-04-18T05:00:03.000Z","volume":52000,"label":" ","price":4.31},{"type":"A","date":"2018-04-18T05:00:03.000Z","volume":3000,"label":" ","price":4.32},{"type":"B","date":"2018-04-18T05:00:04.000Z","volume":1000,"label":" ","price":4.31},{"type":"A","date":"2018-04-18T05:00:04.000Z","volume":4000,"label":" ","price":4.32},{"type":"B","date":"2018-04-18T05:00:04.000Z","volume":11000,"label":" ","price":4.31},{"type":"B","date":"2018-04-18T05:00:05.000Z","volume":3000,"label":" ","price":4.31},{"type":"A","date":"2018-04-18T05:00:08.000Z","volume":50000,"label":" ","price":4.32},{"type":"B","date":"2018-04-18T05:00:09.000Z","volume":9000,"label":" ","price":4.31},{"type":"B","date":"2018-04-18T05:00:10.000Z","volume":1000,"label":" ","price":4.31},{"type":"B","date":"2018-04-18T05:00:13.000Z","volume":4000,"label":" ","price":4.31},{"type":"B","date":"2018-04-18T05:00:22.000Z","volume":1000,"label":" ","price":4.31},{"type":"B","date":"2018-04-18T05:00:29.000Z","volume":1000,"label":" ","price":4.31},{"type":"B","date":"2018-04-18T05:00:41.000Z","volume":1000,"label":" ","price":4.31},{"type":"B","date":"2018-04-18T05:00:54.000Z","volume":1000,"label":" ","price":4.31},{"type":"A","date":"2018-04-18T05:01:02.000Z","volume":3000,"label":" ","price":4.32},{"type":"B","date":"2018-04-18T05:01:08.000Z","volume":1000,"label":" ","price":4.31},{"type":"B","date":"2018-04-18T05:01:09.000Z","volume":2000,"label":" ","price":4.31},{"type":"A","date":"2018-04-18T05:01:09.000Z","volume":221000,"label":" ","price":4.32},{"type":"B","date":"2018-04-18T05:01:11.000Z","volume":39000,"label":" ","price":4.31},{"type":"B","date":"2018-04-18T05:01:14.000Z","volume":1000,"label":" ","price":4.31},{"type":"A","date":"2018-04-18T05:01:24.000Z","volume":5000,"label":" ","price":4.32},{"type":"B","date":"2018-04-18T05:01:27.000Z","volume":1000,"label":" ","price":4.31},{"type":"B","date":"2018-04-18T05:01:34.000Z","volume":20000,"label":" ","price":4.31},{"type":"B","date":"2018-04-18T05:01:34.000Z","volume":1000,"label":" ","price":4.31},{"type":"B","date":"2018-04-18T05:01:35.000Z","volume":5000,"label":" ","price":4.31},{"type":"B","date":"2018-04-18T05:01:41.000Z","volume":60000,"label":" ","price":4.31},{"type":"B","date":"2018-04-18T05:01:42.000Z","volume":11000,"label":" ","price":4.31},{"type":"B","date":"2018-04-18T05:01:43.000Z","volume":1000,"label":" ","price":4.31},{"type":"B","date":"2018-04-18T05:01:57.000Z","volume":1000,"label":" ","price":4.31},{"type":"B","date":"2018-04-18T05:02:14.000Z","volume":1000,"label":" ","price":4.31},{"type":"B","date":"2018-04-18T05:02:45.000Z","volume":1000,"label":" ","price":4.31},{"type":"B","date":"2018-04-18T05:02:50.000Z","volume":5000,"label":" ","price":4.31}