[{"type":"B","date":"2018-05-04T01:33:32.000Z","volume":3000,"label":" ","price":2.28},{"type":"B","date":"2018-05-04T01:34:42.000Z","volume":7000,"label":" ","price":2.28},{"type":"B","date":"2018-05-04T01:34:42.000Z","volume":19000,"label":" ","price":2.28},{"type":"A","date":"2018-05-04T01:34:58.000Z","volume":39000,"label":" ","price":2.28},{"type":"B","date":"2018-05-04T01:35:33.000Z","volume":5000,"label":" ","price":2.27},{"type":"B","date":"2018-05-04T01:38:36.000Z","volume":44000,"label":" ","price":2.28},{"type":"A","date":"2018-05-04T01:38:45.000Z","volume":6000,"label":" ","price":2.28},{"type":"U","date":"2018-05-04T01:40:32.000Z","volume":546,"label":"D","price":2.22},{"type":"A","date":"2018-05-04T01:43:14.000Z","volume":1000,"label":" ","price":2.29},{"type":"B","date":"2018-05-04T01:59:29.000Z","volume":90000,"label":" ","price":2.27},{"type":"B","date":"2018-05-04T02:02:37.000Z","volume":5000,"label":" ","price":2.27},{"type":"B","date":"2018-05-04T02:02:37.000Z","volume":5000,"label":" ","price":2.26},{"type":"B","date":"2018-05-04T02:06:46.000Z","volume":5000,"label":" ","price":2.26},{"type":"B","date":"2018-05-04T02:07:47.000Z","volume":35000,"label":" ","price":2.25},{"type":"B","date":"2018-05-04T02:09:33.000Z","volume":6000,"label":" ","price":2.25},{"type":"B","date":"2018-05-04T02:10:07.000Z","volume":4000,"label":" ","price":2.25},{"type":"A","date":"2018-05-04T02:12:18.000Z","volume":10000,"label":" ","price":2.25},{"type":"B","date":"2018-05-04T02:15:13.000Z","volume":10000,"label":" ","price":2.24},{"type":"B","date":"2018-05-04T02:15:13.000Z","volume":8000,"label":" ","price":2.23},{"type":"B","date":"2018-05-04T02:15:13.000Z","volume":10000,"label":" ","price":2.21},{"type":"B","date":"2018-05-04T02:15:13.000Z","volume":42000,"label":" ","price":2.2},{"type":"B","date":"2018-05-04T02:15:15.000Z","volume":8000,"label":" ","price":2.2},{"type":"B","date":"2018-05-04T02:15:15.000Z","volume":42000,"label":" ","price":2.19},{"type":"B","date":"2018-05-04T02:15:15.000Z","volume":30000,"label":" ","price":2.19},{"type":"A","date":"2018-05-04T02:15:20.000Z","volume":22000,"label":" ","price":2.19},{"type":"B","date":"2018-05-04T02:18:36.000Z","volume":22000,"label":" ","price":2.2},{"type":"A","date":"2018-05-04T02:20:07.000Z","volume":20000,"label":" ","price":2.23},{"type":"A","date":"2018-05-04T02:20:17.000Z","volume":20000,"label":" ","price":2.23},{"type":"A","date":"2018-05-04T02:20:36.000Z","volume":12000,"label":" ","price":2.24},{"type":"A","date":"2018-05-04T02:20:42.000Z","volume":27000,"label":" ","price":2.24},{"type":"A","date":"2018-05-04T02:20:43.000Z","volume":50000,"label":" ","price":2.24},{"type":"A","date":"2018-05-04T02:20:45.000Z","volume":12000,"label":" ","price":2.24},{"type":"A","date":"2018-05-04T02:20:45.000Z","volume":20000,"label":" ","price":2.24},{"type":"A","date":"2018-05-04T02:20:45.000Z","volume":2000,"label":" ","price":2.24},{"type":"A","date":"2018-05-04T02:20:46.000Z","volume":3000,"label":" ","price":2.25},{"type":"A","date":"2018-05-04T02:21:06.000Z","volume":3000,"label":" ","price":2.25},{"type":"U","date":"2018-05-04T02:22:35.000Z","volume":158,"label":"D","price":2.15},{"type":"B","date":"2018-05-04T02:22:48.000Z","volume":20000,"label":" ","price":2.25},{"type":"B","date":"2018-05-04T02:22:55.000Z","volume":27000,"label":" ","price":2.25},{"type":"B","date":"2018-05-04T02:31:57.000Z","volume":6000,"label":" ","price":2.22},{"type":"A","date":"2018-05-04T02:32:28.000Z","volume":4000,"label":" ","price":2.22},{"type":"A","date":"2018-05-04T02:32:28.000Z","volume":2000,"label":" ","price":2.24},{"type":"B","date":"2018-05-04T02:35:30.000Z","volume":10000,"label":" ","price":2.21},{"type":"B","date":"2018-05-04T02:40:37.000Z","volume":15000,"label":"Y","price":2.22},{"type":"B","date":"2018-05-04T02:53:16.000Z","volume":8000,"label":" ","price":2.23},{"type":"B","date":"2018-05-04T02:57:12.000Z","volume":5000,"label":" ","price":2.22},{"type":"A","date":"2018-05-04T02:57:18.000Z","volume":18000,"label":" ","price":2.22},{"type":"A","date":"2018-05-04T02:57:51.000Z","volume":26000,"label":" ","price":2.22},{"type":"A","date":"2018-05-04T02:57:54.000Z","volume":1000,"label":" ","price":2.22},{"type":"B","date":"2018-05-04T03:01:51.000Z","volume":20000,"label":" ","price":2.22},{"type":"B","date":"2018-05-04T03:05:25.000Z","volume":20000,"label":" ","price":2.22},{"type":"B","date":"2018-05-04T03:05:37.000Z","volume":10000,"label":" ","price":2.22},{"type":"B","date":"2018-05-04T03:06:56.000Z","volume":4000,"label":"Y","price":2.22},{"type":"B","date":"2018-05-04T03:06:56.000Z","volume":2000,"label":" ","price":2.22},{"type":"B","date":"2018-05-04T03:09:23.000Z","volume":8000,"label":" ","price":2.22},{"type":"A","date":"2018-05-04T03:10:08.000Z","volume":9000,"label":" ","price":2.22},{"type":"A","date":"2018-05-04T03:10:10.000Z","volume":3000,"label":" ","price":2.22},{"type":"A","date":"2018-05-04T03:10:41.000Z","volume":12000,"label":" ","price":2.23},{"type":"B","date":"2018-05-04T03:13:39.000Z","volume":20000,"label":" ","price":2.21},{"type":"B","date":"2018-05-04T03:14:14.000Z","volume":20000,"label":" ","price":2.22},{"type":"A","date":"2018-05-04T03:15:57.000Z","volume":20000,"label":" ","price":2.22},{"type":"B","date":"2018-05-04T03:18:23.000Z","volume":22000,"label":" ","price":2.22},{"type":"A","date":"2018-05-04T03:18:55.000Z","volume":4000,"label":" ","price":2.22},{"type":"A","date":"2018-05-04T03:21:15.000Z","volume":3000,"label":" ","price":2.22},{"type":"A","date":"2018-05-04T03:27:08.000Z","volume":10000,"label":" ","price":2.22},{"type":"A","date":"2018-05-04T03:28:05.000Z","volume":30000,"label":" ","price":2.22},{"type":"A","date":"2018-05-04T03:28:10.000Z","volume":11000,"label":" ","price":2.22},{"type":"A","date":"2018-05-04T03:35:12.000Z","volume":8000,"label":" ","price":2.24},{"type":"A","date":"2018-05-04T03:36:54.000Z","volume":48000,"label":" ","price":2.24},{"type":"B","date":"2018-05-04T03:50:18.000Z","volume":22000,"label":" ","price":2.23},{"type":"B","date":"2018-05-04T03:50:18.000Z","volume":26000,"label":" ","price":2.22},{"type":"B","date":"2018-05-04T03:54:54.000Z","volume":33000,"label":" ","price":2.22},{"type":"A","date":"2018-05-04T05:00:02.000Z","volume":4000,"label":"Y","price":2.25},{"type":"A","date":"2018-05-04T05:00:02.000Z","volume":6000,"label":" ","price":2.25},{"type":"A","date":"2018-05-04T05:04:53.000Z","volume":10000,"label":" ","price":2.25},{"type":"A","date":"2018-05-04T05:30:42.000Z","volume":1000,"label":" ","price":2.25},{"type":"A","date":"2018-05-04T05:36:05.000Z","volume":1000,"label":" ","price":2.25},{"type":"A","date":"2018-05-04T05:36:05.000Z","volume":28000,"label":" ","price":2.26},{"type":"A","date":"2018-05-04T05:36:05.000Z","volume":35000,"label":" ","price":2.27},{"type":"A","date":"2018-05-04T05:36:05.000Z","volume":20000,"label":" ","price":2.28},{"type":"A","date":"2018-05-04T05:36:05.000Z","volume":16000,"label":" ","price":2.29},{"type":"B","date":"2018-05-04T05:38:41.000Z","volume":1000,"label":" ","price":2.26},{"type":"A","date":"2018-05-04T05:38:55.000Z","volume":4000,"label":" ","price":2.26},{"type":"A","date":"2018-05-04T05:40:02.000Z","volume":10000,"label":" ","price":2.29},{"type":"A","date":"2018-05-04T05:50:19.000Z","volume":28000,"label":" ","price":2.29},{"type":"A","date":"2018-05-04T05:50:19.000Z","volume":2000,"label":" ","price":2.29},{"type":"A","date":"2018-05-04T05:51:13.000Z","volume":5000,"label":" ","price":2.3},{"type":"A","date":"2018-05-04T05:52:31.000Z","volume":3000,"label":" ","price":2.28},{"type":"B","date":"2018-05-04T05:57:32.000Z","volume":9000,"label":" ","price":2.28},{"type":"B","date":"2018-05-04T06:05:18.000Z","volume":2000,"label":" ","price":2.28},{"type":"B","date":"2018-05-04T06:05:18.000Z","volume":16000,"label":" ","price":2.28},{"type":"B","date":"2018-05-04T06:34:55.000Z","volume":5000,"label":" ","price":2.25},{"type":"B","date":"2018-05-04T06:48:30.000Z","volume":10000,"label":" ","price":2.26},{"type":"B","date":"2018-05-04T06:48:48.000Z","volume":96000,"label":" ","price":2.25},{"type":"A","date":"2018-05-04T06:56:14.000Z","volume":6000,"label":" ","price":2.28},{"type":"A","date":"2018-05-04T06:56:14.000Z","volume":14000,"label":" ","price":2.29},{"type":"U","date":"2018-05-04T07:00:33.000Z","volume":500,"label":"D","price":2.21},{"type":"A","date":"2018-05-04T07:29:26.000Z","volume":5000,"label":" ","price":2.29},{"type":"A","date":"2018-05-04T07:46:08.000Z","volume":10000,"label":" ","price":2.28}]