[{"type":"A","date":"2018-04-19T01:30:06.000Z","volume":200000,"label":" ","price":0.051},{"type":"B","date":"2018-04-19T01:31:38.000Z","volume":1400000,"label":" ","price":0.05},{"type":"B","date":"2018-04-19T01:35:21.000Z","volume":600000,"label":" ","price":0.05},{"type":"B","date":"2018-04-19T01:38:15.000Z","volume":300000,"label":" ","price":0.05},{"type":"B","date":"2018-04-19T01:39:32.000Z","volume":100000,"label":" ","price":0.05},{"type":"B","date":"2018-04-19T01:40:29.000Z","volume":100000,"label":" ","price":0.05},{"type":"A","date":"2018-04-19T01:45:29.000Z","volume":100000,"label":" ","price":0.05},{"type":"A","date":"2018-04-19T01:46:13.000Z","volume":20000,"label":" ","price":0.05},{"type":"A","date":"2018-04-19T01:58:21.000Z","volume":260000,"label":" ","price":0.05},{"type":"A","date":"2018-04-19T01:59:15.000Z","volume":20000,"label":" ","price":0.05},{"type":"B","date":"2018-04-19T02:00:50.000Z","volume":60000,"label":" ","price":0.05},{"type":"B","date":"2018-04-19T02:01:09.000Z","volume":200000,"label":" ","price":0.05},{"type":"B","date":"2018-04-19T02:03:37.000Z","volume":2000000,"label":" ","price":0.049},{"type":"B","date":"2018-04-19T02:05:10.000Z","volume":3000000,"label":" ","price":0.049},{"type":"A","date":"2018-04-19T02:11:32.000Z","volume":6000000,"label":" ","price":0.05},{"type":"B","date":"2018-04-19T02:22:51.000Z","volume":180000,"label":" ","price":0.05},{"type":"B","date":"2018-04-19T02:29:41.000Z","volume":260000,"label":" ","price":0.05},{"type":"B","date":"2018-04-19T02:34:08.000Z","volume":100000,"label":" ","price":0.05},{"type":"B","date":"2018-04-19T02:36:53.000Z","volume":320000,"label":" ","price":0.05},{"type":"B","date":"2018-04-19T02:38:58.000Z","volume":200000,"label":" ","price":0.05},{"type":"B","date":"2018-04-19T02:39:34.000Z","volume":1000000,"label":" ","price":0.05},{"type":"B","date":"2018-04-19T02:42:18.000Z","volume":340000,"label":"Y","price":0.05},{"type":"B","date":"2018-04-19T02:42:18.000Z","volume":2960000,"label":" ","price":0.05},{"type":"B","date":"2018-04-19T02:44:07.000Z","volume":1560000,"label":" ","price":0.049},{"type":"A","date":"2018-04-19T02:50:03.000Z","volume":20000,"label":" ","price":0.05},{"type":"A","date":"2018-04-19T02:58:56.000Z","volume":200000,"label":" ","price":0.05},{"type":"B","date":"2018-04-19T03:05:59.000Z","volume":1000000,"label":" ","price":0.049},{"type":"A","date":"2018-04-19T03:07:47.000Z","volume":280000,"label":" ","price":0.05},{"type":"B","date":"2018-04-19T03:25:09.000Z","volume":200000,"label":" ","price":0.049},{"type":"B","date":"2018-04-19T03:29:48.000Z","volume":240000,"label":" ","price":0.049},{"type":"A","date":"2018-04-19T03:34:33.000Z","volume":200000,"label":" ","price":0.05},{"type":"B","date":"2018-04-19T03:38:46.000Z","volume":2260000,"label":"Y","price":0.049},{"type":"B","date":"2018-04-19T03:38:46.000Z","volume":41280000,"label":" ","price":0.049},{"type":"B","date":"2018-04-19T03:38:46.000Z","volume":700000,"label":" ","price":0.049},{"type":"B","date":"2018-04-19T03:38:56.000Z","volume":1020000,"label":" ","price":0.049},{"type":"A","date":"2018-04-19T03:40:41.000Z","volume":500000,"label":" ","price":0.049},{"type":"A","date":"2018-04-19T03:48:39.000Z","volume":200000,"label":" ","price":0.049},{"type":"A","date":"2018-04-19T03:50:02.000Z","volume":200000,"label":" ","price":0.049},{"type":"A","date":"2018-04-19T03:54:16.000Z","volume":1000000,"label":" ","price":0.049},{"type":"A","date":"2018-04-19T03:56:21.000Z","volume":760000,"label":" ","price":0.049},{"type":"A","date":"2018-04-19T03:58:45.000Z","volume":2000000,"label":" ","price":0.049},{"type":"A","date":"2018-04-19T05:00:00.000Z","volume":1920000,"label":" ","price":0.049},{"type":"B","date":"2018-04-19T05:00:00.000Z","volume":400000,"label":" ","price":0.049},{"type":"A","date":"2018-04-19T05:04:01.000Z","volume":100000,"label":" ","price":0.05},{"type":"B","date":"2018-04-19T05:44:55.000Z","volume":120000,"label":" ","price":0.049},{"type":"B","date":"2018-04-19T05:46:32.000Z","volume":200000,"label":" ","price":0.049},{"type":"B","date":"2018-04-19T05:54:02.000Z","volume":5000000,"label":" ","price":0.049},{"type":"B","date":"2018-04-19T05:57:04.000Z","volume":900000,"label":" ","price":0.049},{"type":"B","date":"2018-04-19T06:07:44.000Z","volume":300000,"label":" ","price":0.049},{"type":"B","date":"2018-04-19T06:08:40.000Z","volume":20000,"label":" ","price":0.049},{"type":"B","date":"2018-04-19T06:32:42.000Z","volume":100000,"label":" ","price":0.049},{"type":"B","date":"2018-04-19T06:42:30.000Z","volume":60000,"label":" ","price":0.049},{"type":"B","date":"2018-04-19T06:54:14.000Z","volume":10000000,"label":" ","price":0.049},{"type":"B","date":"2018-04-19T06:58:06.000Z","volume":940000,"label":" ","price":0.049},{"type":"B","date":"2018-04-19T07:01:24.000Z","volume":500000,"label":" ","price":0.049},{"type":"A","date":"2018-04-19T07:01:45.000Z","volume":1000000,"label":" ","price":0.05},{"type":"A","date":"2018-04-19T07:06:45.000Z","volume":300000,"label":" ","price":0.05},{"type":"B","date":"2018-04-19T07:20:59.000Z","volume":1500000,"label":" ","price":0.049},{"type":"B","date":"2018-04-19T07:40:01.000Z","volume":80000,"label":" ","price":0.049},{"type":"B","date":"2018-04-19T07:45:26.000Z","volume":500000,"label":" ","price":0.049},{"type":"B","date":"2018-04-19T07:45:39.000Z","volume":500000,"label":" ","price":0.049},{"type":"A","date":"2018-04-19T07:47:21.000Z","volume":640000,"label":" ","price":0.05},{"type":"B","date":"2018-04-19T07:53:32.000Z","volume":500000,"label":" ","price":0.049},{"type":"B","date":"2018-04-19T07:53:38.000Z","volume":500000,"label":" ","price":0.049},{"type":"B","date":"2018-04-19T07:54:28.000Z","volume":500000,"label":" ","price":0.049},{"type":"A","date":"2018-04-19T07:54:45.000Z","volume":120000,"label":" ","price":0.05},{"type":"B","date":"2018-04-19T07:56:33.000Z","volume":500000,"label":" ","price":0.049},{"type":"B","date":"2018-04-19T07:57:09.000Z","volume":1000000,"label":" ","price":0.049},{"type":"B","date":"2018-04-19T07:58:01.000Z","volume":500000,"label":" ","price":0.049},{"type":"B","date":"2018-04-19T07:58:07.000Z","volume":500000,"label":" ","price":0.049},{"type":"B","date":"2018-04-19T07:58:20.000Z","volume":500000,"label":" ","price":0.049},{"type":"B","date":"2018-04-19T07:58:27.000Z","volume":500000,"label":" ","price":0.049},{"type":"B","date":"2018-04-19T07:59:13.000Z","volume":140000,"label":" ","price":0.049},{"type":"B","date":"2018-04-19T07:59:56.000Z","volume":440000,"label":" ","price":0.049}]