[{"type":"A","date":"2018-04-27T01:30:00.000Z","volume":2000,"label":" ","price":0.83},{"type":"A","date":"2018-04-27T01:30:12.000Z","volume":24000,"label":" ","price":0.83},{"type":"A","date":"2018-04-27T01:32:06.000Z","volume":100000,"label":" ","price":0.83},{"type":"A","date":"2018-04-27T01:32:16.000Z","volume":80000,"label":" ","price":0.83},{"type":"A","date":"2018-04-27T01:33:32.000Z","volume":64000,"label":" ","price":0.83},{"type":"A","date":"2018-04-27T01:33:32.000Z","volume":2000,"label":" ","price":0.84},{"type":"B","date":"2018-04-27T01:35:50.000Z","volume":54000,"label":" ","price":0.82},{"type":"A","date":"2018-04-27T01:35:55.000Z","volume":10000,"label":" ","price":0.82},{"type":"A","date":"2018-04-27T01:35:59.000Z","volume":36000,"label":" ","price":0.82},{"type":"B","date":"2018-04-27T01:47:39.000Z","volume":20000,"label":" ","price":0.81},{"type":"B","date":"2018-04-27T01:47:59.000Z","volume":64000,"label":" ","price":0.81},{"type":"B","date":"2018-04-27T01:47:59.000Z","volume":34000,"label":" ","price":0.81},{"type":"A","date":"2018-04-27T01:48:01.000Z","volume":2000,"label":" ","price":0.81},{"type":"B","date":"2018-04-27T01:48:11.000Z","volume":8000,"label":" ","price":0.81},{"type":"A","date":"2018-04-27T01:48:46.000Z","volume":38000,"label":" ","price":0.81},{"type":"A","date":"2018-04-27T01:48:54.000Z","volume":2000,"label":" ","price":0.81},{"type":"A","date":"2018-04-27T01:55:26.000Z","volume":2000,"label":" ","price":0.81},{"type":"A","date":"2018-04-27T01:55:43.000Z","volume":10000,"label":" ","price":0.81},{"type":"A","date":"2018-04-27T01:55:55.000Z","volume":2000,"label":" ","price":0.81},{"type":"A","date":"2018-04-27T01:57:08.000Z","volume":12000,"label":" ","price":0.81},{"type":"A","date":"2018-04-27T01:57:17.000Z","volume":2000,"label":" ","price":0.81},{"type":"A","date":"2018-04-27T02:00:38.000Z","volume":4000,"label":" ","price":0.81},{"type":"A","date":"2018-04-27T02:04:21.000Z","volume":2000,"label":" ","price":0.81},{"type":"A","date":"2018-04-27T02:07:42.000Z","volume":4000,"label":" ","price":0.81},{"type":"B","date":"2018-04-27T02:15:12.000Z","volume":20000,"label":" ","price":0.8},{"type":"A","date":"2018-04-27T02:19:55.000Z","volume":2000,"label":" ","price":0.81},{"type":"B","date":"2018-04-27T02:21:55.000Z","volume":20000,"label":" ","price":0.8},{"type":"A","date":"2018-04-27T02:25:50.000Z","volume":2000,"label":" ","price":0.81},{"type":"B","date":"2018-04-27T02:28:26.000Z","volume":50000,"label":" ","price":0.8},{"type":"A","date":"2018-04-27T02:28:55.000Z","volume":2000,"label":" ","price":0.81},{"type":"A","date":"2018-04-27T02:31:30.000Z","volume":6000,"label":" ","price":0.81},{"type":"A","date":"2018-04-27T02:34:25.000Z","volume":10000,"label":" ","price":0.81},{"type":"A","date":"2018-04-27T02:37:58.000Z","volume":10000,"label":" ","price":0.81},{"type":"A","date":"2018-04-27T02:38:02.000Z","volume":4000,"label":" ","price":0.81},{"type":"B","date":"2018-04-27T02:39:13.000Z","volume":2000,"label":" ","price":0.81},{"type":"B","date":"2018-04-27T02:39:28.000Z","volume":100000,"label":" ","price":0.81},{"type":"B","date":"2018-04-27T02:39:28.000Z","volume":2000,"label":" ","price":0.81},{"type":"A","date":"2018-04-27T02:39:56.000Z","volume":4000,"label":" ","price":0.81},{"type":"A","date":"2018-04-27T02:44:03.000Z","volume":76000,"label":"Y","price":0.81},{"type":"A","date":"2018-04-27T02:44:03.000Z","volume":44000,"label":" ","price":0.81},{"type":"A","date":"2018-04-27T02:47:26.000Z","volume":2000,"label":" ","price":0.81},{"type":"A","date":"2018-04-27T02:47:45.000Z","volume":10000,"label":" ","price":0.81},{"type":"A","date":"2018-04-27T02:50:47.000Z","volume":42000,"label":"Y","price":0.81},{"type":"B","date":"2018-04-27T02:51:23.000Z","volume":8000,"label":" ","price":0.81},{"type":"B","date":"2018-04-27T02:51:56.000Z","volume":24000,"label":" ","price":0.8},{"type":"B","date":"2018-04-27T02:58:55.000Z","volume":334000,"label":" ","price":0.8},{"type":"B","date":"2018-04-27T02:59:18.000Z","volume":92000,"label":" ","price":0.79},{"type":"A","date":"2018-04-27T03:00:11.000Z","volume":4000,"label":" ","price":0.8},{"type":"A","date":"2018-04-27T03:02:24.000Z","volume":200000,"label":" ","price":0.8},{"type":"A","date":"2018-04-27T03:02:24.000Z","volume":62000,"label":" ","price":0.8},{"type":"A","date":"2018-04-27T03:17:27.000Z","volume":2000,"label":" ","price":0.81},{"type":"A","date":"2018-04-27T03:18:27.000Z","volume":2000,"label":" ","price":0.81},{"type":"A","date":"2018-04-27T03:19:27.000Z","volume":2000,"label":" ","price":0.81},{"type":"A","date":"2018-04-27T03:19:57.000Z","volume":2000,"label":" ","price":0.81},{"type":"A","date":"2018-04-27T03:21:27.000Z","volume":2000,"label":" ","price":0.81},{"type":"B","date":"2018-04-27T03:22:03.000Z","volume":70000,"label":" ","price":0.8},{"type":"A","date":"2018-04-27T03:22:27.000Z","volume":2000,"label":" ","price":0.81},{"type":"A","date":"2018-04-27T03:23:27.000Z","volume":2000,"label":" ","price":0.81},{"type":"A","date":"2018-04-27T03:24:57.000Z","volume":2000,"label":" ","price":0.81},{"type":"A","date":"2018-04-27T03:25:57.000Z","volume":2000,"label":" ","price":0.81},{"type":"A","date":"2018-04-27T03:27:27.000Z","volume":2000,"label":" ","price":0.81},{"type":"A","date":"2018-04-27T03:28:57.000Z","volume":2000,"label":" ","price":0.81},{"type":"A","date":"2018-04-27T03:33:57.000Z","volume":2000,"label":" ","price":0.81},{"type":"A","date":"2018-04-27T03:41:58.000Z","volume":2000,"label":" ","price":0.81},{"type":"A","date":"2018-04-27T05:00:00.000Z","volume":20000,"label":"Y","price":0.81},{"type":"A","date":"2018-04-27T05:00:00.000Z","volume":138000,"label":" ","price":0.81},{"type":"A","date":"2018-04-27T05:00:01.000Z","volume":4000,"label":" ","price":0.82},{"type":"B","date":"2018-04-27T05:00:11.000Z","volume":80000,"label":" ","price":0.81},{"type":"B","date":"2018-04-27T05:00:11.000Z","volume":4000,"label":" ","price":0.81},{"type":"A","date":"2018-04-27T05:01:29.000Z","volume":2000,"label":" ","price":0.82},{"type":"A","date":"2018-04-27T05:16:29.000Z","volume":2000,"label":" ","price":0.82},{"type":"B","date":"2018-04-27T05:46:17.000Z","volume":100000,"label":" ","price":0.81},{"type":"B","date":"2018-04-27T05:46:17.000Z","volume":2000,"label":" ","price":0.81},{"type":"A","date":"2018-04-27T05:49:30.000Z","volume":2000,"label":" ","price":0.81},{"type":"A","date":"2018-04-27T05:54:40.000Z","volume":28000,"label":" ","price":0.81},{"type":"A","date":"2018-04-27T05:59:00.000Z","volume":2000,"label":" ","price":0.82},{"type":"A","date":"2018-04-27T06:27:44.000Z","volume":2000,"label":" ","price":0.82},{"type":"B","date":"2018-04-27T06:46:41.000Z","volume":52000,"label":"Y","price":0.81},{"type":"B","date":"2018-04-27T06:46:41.000Z","volume":212000,"label":" ","price":0.81},{"type":"A","date":"2018-04-27T06:48:34.000Z","volume":50000,"label":" ","price":0.82},{"type":"A","date":"2018-04-27T06:49:02.000Z","volume":8000,"label":" ","price":0.82},{"type":"B","date":"2018-04-27T06:51:01.000Z","volume":80000,"label":" ","price":0.81},{"type":"A","date":"2018-04-27T06:51:17.000Z","volume":100000,"label":" ","price":0.81},{"type":"A","date":"2018-04-27T06:51:32.000Z","volume":2000,"label":" ","price":0.81},{"type":"B","date":"2018-04-27T06:53:49.000Z","volume":126000,"label":" ","price":0.8},{"type":"A","date":"2018-04-27T06:55:31.000Z","volume":4000,"label":" ","price":0.81},{"type":"A","date":"2018-04-27T06:55:31.000Z","volume":2000,"label":" ","price":0.82},{"type":"A","date":"2018-04-27T07:15:33.000Z","volume":2000,"label":" ","price":0.82},{"type":"A","date":"2018-04-27T07:17:33.000Z","volume":2000,"label":" ","price":0.82},{"type":"A","date":"2018-04-27T07:18:33.000Z","volume":2000,"label":" ","price":0.82},{"type":"A","date":"2018-04-27T07:20:03.000Z","volume":2000,"label":" ","price":0.82},{"type":"A","date":"2018-04-27T07:21:15.000Z","volume":250000,"label":" ","price":0.82},{"type":"A","date":"2018-04-27T07:21:33.000Z","volume":2000,"label":" ","price":0.82},{"type":"A","date":"2018-04-27T07:21:33.000Z","volume":4000,"label":" ","price":0.82},{"type":"B","date":"2018-04-27T07:31:57.000Z","volume":60000,"label":" ","price":0.82},{"type":"A","date":"2018-04-27T07:35:20.000Z","volume":2000,"label":" ","price":0.82},{"type":"A","date":"2018-04-27T07:37:23.000Z","volume":140000,"label":" ","price":0.82},{"type":"A","date":"2018-04-27T07:37:50.000Z","volume":4000,"label":" ","price":0.82},{"type":"A","date":"2018-04-27T07:37:52.000Z","volume":34000,"label":" ","price":0.82},{"type":"A","date":"2018-04-27T07:39:32.000Z","volume":2000,"label":" ","price":0.82},{"type":"A","date":"2018-04-27T07:40:41.000Z","volume":2000,"label":" ","price":0.82},{"type":"A","date":"2018-04-27T07:41:49.000Z","volume":2000,"label":" ","price":0.83},{"type":"A","date":"2018-04-27T07:51:32.000Z","volume":2000,"label":" ","price":0.83},{"type":"A","date":"2018-04-27T07:54:18.000Z","volume":2000,"label":" ","price":0.83},{"type":"A","date":"2018-04-27T07:55:24.000Z","volume":2000,"label":" ","price":0.83},{"type":"A","date":"2018-04-27T07:55:51.000Z","volume":2000,"label":" ","price":0.83},{"type":"A","date":"2018-04-27T07:57:03.000Z","volume":2000,"label":" ","price":0.83},{"type":"A","date":"2018-04-27T07:57:42.000Z","volume":2000,"label":" ","price":0.82},{"type":"A","date":"2018-04-27T07:58:03.000Z","volume":2000,"label":" ","price":0.82},{"type":"A","date":"2018-04-27T07:58:19.000Z","volume":46000,"label":" ","price":0.82},{"type":"A","date":"2018-04-27T07:58:37.000Z","volume":2000,"label":" ","price":0.83},{"type":"A","date":"2018-04-27T07:59:21.000Z","volume":2000,"label":" ","price":0.83},{"type":"A","date":"2018-04-27T07:59:38.000Z","volume":2000,"label":" ","price":0.83},{"type":"A","date":"2018-04-27T07:59:47.000Z","volume":4000,"label":" ","price":0.83},{"type":"A","date":"2018-04-27T07:59:55.000Z","volume":2000,"label":" ","price":0.83}]