[{"type":"B","date":"2018-04-19T01:32:24.000Z","volume":11000,"label":" ","price":3.21},{"type":"B","date":"2018-04-19T01:32:24.000Z","volume":14000,"label":" ","price":3.2},{"type":"B","date":"2018-04-19T01:32:42.000Z","volume":1000,"label":" ","price":3.2},{"type":"B","date":"2018-04-19T01:33:02.000Z","volume":3000,"label":" ","price":3.18},{"type":"B","date":"2018-04-19T01:33:09.000Z","volume":3000,"label":" ","price":3.17},{"type":"B","date":"2018-04-19T01:33:09.000Z","volume":3000,"label":" ","price":3.16},{"type":"B","date":"2018-04-19T01:33:09.000Z","volume":2000,"label":" ","price":3.16},{"type":"B","date":"2018-04-19T01:33:09.000Z","volume":4000,"label":" ","price":3.16},{"type":"B","date":"2018-04-19T01:33:12.000Z","volume":12000,"label":" ","price":3.14},{"type":"B","date":"2018-04-19T01:33:12.000Z","volume":27000,"label":" ","price":3.13},{"type":"B","date":"2018-04-19T01:33:12.000Z","volume":52000,"label":" ","price":3.12},{"type":"B","date":"2018-04-19T01:33:12.000Z","volume":9000,"label":" ","price":3.11},{"type":"U","date":"2018-04-19T01:33:12.000Z","volume":6000,"label":" ","price":3.16},{"type":"A","date":"2018-04-19T01:33:50.000Z","volume":1000,"label":" ","price":3.17},{"type":"A","date":"2018-04-19T01:34:02.000Z","volume":47000,"label":" ","price":3.17},{"type":"A","date":"2018-04-19T01:34:02.000Z","volume":7000,"label":" ","price":3.18},{"type":"B","date":"2018-04-19T01:34:51.000Z","volume":10000,"label":" ","price":3.16},{"type":"A","date":"2018-04-19T01:35:01.000Z","volume":31000,"label":" ","price":3.2},{"type":"A","date":"2018-04-19T01:35:35.000Z","volume":2000,"label":" ","price":3.2},{"type":"A","date":"2018-04-19T01:35:54.000Z","volume":1000,"label":"Y","price":3.21},{"type":"B","date":"2018-04-19T01:36:28.000Z","volume":3000,"label":" ","price":3.2},{"type":"B","date":"2018-04-19T01:36:47.000Z","volume":17000,"label":" ","price":3.2},{"type":"A","date":"2018-04-19T01:36:50.000Z","volume":2000,"label":" ","price":3.2},{"type":"A","date":"2018-04-19T01:36:51.000Z","volume":18000,"label":" ","price":3.2},{"type":"U","date":"2018-04-19T01:37:13.000Z","volume":3000,"label":" ","price":3.2},{"type":"A","date":"2018-04-19T01:37:55.000Z","volume":20000,"label":" ","price":3.2},{"type":"B","date":"2018-04-19T01:38:14.000Z","volume":1000,"label":" ","price":3.19},{"type":"B","date":"2018-04-19T01:38:16.000Z","volume":20000,"label":" ","price":3.18},{"type":"B","date":"2018-04-19T01:38:16.000Z","volume":1000,"label":" ","price":3.18},{"type":"A","date":"2018-04-19T01:38:16.000Z","volume":10000,"label":" ","price":3.2},{"type":"A","date":"2018-04-19T01:38:16.000Z","volume":3000,"label":" ","price":3.21},{"type":"A","date":"2018-04-19T01:38:16.000Z","volume":2000,"label":" ","price":3.22},{"type":"A","date":"2018-04-19T01:38:16.000Z","volume":5000,"label":" ","price":3.23},{"type":"A","date":"2018-04-19T01:38:40.000Z","volume":3000,"label":" ","price":3.23},{"type":"B","date":"2018-04-19T01:38:47.000Z","volume":4000,"label":" ","price":3.2},{"type":"B","date":"2018-04-19T01:39:06.000Z","volume":2000,"label":" ","price":3.19},{"type":"B","date":"2018-04-19T01:39:55.000Z","volume":4000,"label":" ","price":3.19},{"type":"B","date":"2018-04-19T01:39:57.000Z","volume":2000,"label":" ","price":3.19},{"type":"B","date":"2018-04-19T01:40:44.000Z","volume":19000,"label":" ","price":3.19},{"type":"B","date":"2018-04-19T01:41:41.000Z","volume":12000,"label":" ","price":3.19},{"type":"B","date":"2018-04-19T01:42:04.000Z","volume":20000,"label":" ","price":3.18},{"type":"B","date":"2018-04-19T01:42:11.000Z","volume":12000,"label":" ","price":3.18},{"type":"A","date":"2018-04-19T01:42:41.000Z","volume":10000,"label":" ","price":3.17},{"type":"B","date":"2018-04-19T01:42:45.000Z","volume":10000,"label":" ","price":3.15},{"type":"B","date":"2018-04-19T01:42:45.000Z","volume":40000,"label":" ","price":3.15},{"type":"A","date":"2018-04-19T01:43:48.000Z","volume":9000,"label":" ","price":3.18},{"type":"B","date":"2018-04-19T01:44:14.000Z","volume":30000,"label":" ","price":3.15},{"type":"B","date":"2018-04-19T01:46:04.000Z","volume":10000,"label":" ","price":3.15},{"type":"A","date":"2018-04-19T01:46:26.000Z","volume":1000,"label":" ","price":3.17},{"type":"A","date":"2018-04-19T01:46:26.000Z","volume":2000,"label":"Y","price":3.17},{"type":"A","date":"2018-04-19T01:46:26.000Z","volume":31000,"label":" ","price":3.17},{"type":"B","date":"2018-04-19T01:46:32.000Z","volume":12000,"label":" ","price":3.15},{"type":"B","date":"2018-04-19T01:47:02.000Z","volume":20000,"label":" ","price":3.15},{"type":"A","date":"2018-04-19T01:49:19.000Z","volume":40000,"label":" ","price":3.19},{"type":"A","date":"2018-04-19T01:49:19.000Z","volume":5000,"label":"Y","price":3.19},{"type":"A","date":"2018-04-19T01:49:30.000Z","volume":46000,"label":" ","price":3.2},{"type":"A","date":"2018-04-19T01:49:40.000Z","volume":10000,"label":" ","price":3.21},{"type":"A","date":"2018-04-19T01:49:40.000Z","volume":1000,"label":" ","price":3.21},{"type":"A","date":"2018-04-19T01:49:46.000Z","volume":12000,"label":" ","price":3.22},{"type":"A","date":"2018-04-19T01:50:04.000Z","volume":6000,"label":" ","price":3.22},{"type":"A","date":"2018-04-19T01:50:18.000Z","volume":6000,"label":" ","price":3.22},{"type":"A","date":"2018-04-19T01:50:25.000Z","volume":5000,"label":" ","price":3.23},{"type":"A","date":"2018-04-19T01:50:25.000Z","volume":2000,"label":" ","price":3.24},{"type":"A","date":"2018-04-19T01:50:25.000Z","volume":3000,"label":" ","price":3.24},{"type":"U","date":"2018-04-19T01:50:25.000Z","volume":5000,"label":" ","price":3.24},{"type":"A","date":"2018-04-19T01:50:29.000Z","volume":13000,"label":" ","price":3.25},{"type":"B","date":"2018-04-19T01:51:01.000Z","volume":5000,"label":" ","price":3.23},{"type":"A","date":"2018-04-19T01:51:05.000Z","volume":7000,"label":" ","price":3.25},{"type":"U","date":"2018-04-19T01:51:10.000Z","volume":10000,"label":" ","price":3.23},{"type":"B","date":"2018-04-19T01:51:15.000Z","volume":14000,"label":" ","price":3.22},{"type":"B","date":"2018-04-19T01:51:19.000Z","volume":1000,"label":" ","price":3.21},{"type":"B","date":"2018-04-19T01:51:19.000Z","volume":2000,"label":" ","price":3.21},{"type":"B","date":"2018-04-19T01:51:48.000Z","volume":1000,"label":" ","price":3.21},{"type":"B","date":"2018-04-19T01:51:48.000Z","volume":29000,"label":" ","price":3.21},{"type":"B","date":"2018-04-19T01:51:52.000Z","volume":10000,"label":" ","price":3.21},{"type":"B","date":"2018-04-19T01:52:54.000Z","volume":11000,"label":" ","price":3.21},{"type":"A","date":"2018-04-19T01:52:57.000Z","volume":26000,"label":" ","price":3.24},{"type":"A","date":"2018-04-19T01:53:47.000Z","volume":7000,"label":" ","price":3.23},{"type":"A","date":"2018-04-19T01:53:47.000Z","volume":13000,"label":" ","price":3.23},{"type":"A","date":"2018-04-19T01:53:47.000Z","volume":2000,"label":" ","price":3.23},{"type":"A","date":"2018-04-19T01:53:47.000Z","volume":8000,"label":" ","price":3.24},{"type":"U","date":"2018-04-19T01:53:55.000Z","volume":6000,"label":" ","price":3.22},{"type":"U","date":"2018-04-19T01:54:10.000Z","volume":2000,"label":" ","price":3.23},{"type":"A","date":"2018-04-19T01:55:15.000Z","volume":2000,"label":" ","price":3.23},{"type":"A","date":"2018-04-19T01:55:36.000Z","volume":10000,"label":" ","price":3.23},{"type":"A","date":"2018-04-19T01:55:36.000Z","volume":1000,"label":" ","price":3.23},{"type":"A","date":"2018-04-19T01:55:43.000Z","volume":88000,"label":" ","price":3.23},{"type":"B","date":"2018-04-19T01:55:50.000Z","volume":10000,"label":" ","price":3.22},{"type":"A","date":"2018-04-19T01:56:03.000Z","volume":5000,"label":" ","price":3.25},{"type":"A","date":"2018-04-19T01:56:22.000Z","volume":10000,"label":" ","price":3.23},{"type":"A","date":"2018-04-19T01:56:39.000Z","volume":3000,"label":" ","price":3.26},{"type":"B","date":"2018-04-19T01:57:10.000Z","volume":2000,"label":" ","price":3.25},{"type":"A","date":"2018-04-19T01:57:22.000Z","volume":20000,"label":" ","price":3.26},{"type":"B","date":"2018-04-19T01:57:28.000Z","volume":2000,"label":" ","price":3.25},{"type":"A","date":"2018-04-19T01:57:52.000Z","volume":20000,"label":" ","price":3.25},{"type":"A","date":"2018-04-19T01:57:52.000Z","volume":1000,"label":" ","price":3.25},{"type":"B","date":"2018-04-19T01:57:56.000Z","volume":6000,"label":" ","price":3.24},{"type":"A","date":"2018-04-19T01:58:21.000Z","volume":7000,"label":" ","price":3.26},{"type":"A","date":"2018-04-19T01:58:25.000Z","volume":39000,"label":" ","price":3.27},{"type":"A","date":"2018-04-19T01:58:25.000Z","volume":21000,"label":" ","price":3.28},{"type":"A","date":"2018-04-19T01:58:30.000Z","volume":12000,"label":" ","price":3.28},{"type":"A","date":"2018-04-19T01:58:30.000Z","volume":18000,"label":" ","price":3.28},{"type":"B","date":"2018-04-19T01:58:31.000Z","volume":3000,"label":" ","price":3.26},{"type":"A","date":"2018-04-19T01:58:32.000Z","volume":7000,"label":" ","price":3.26},{"type":"A","date":"2018-04-19T01:58:39.000Z","volume":10000,"label":" ","price":3.29},{"type":"A","date":"2018-04-19T01:58:46.000Z","volume":10000,"label":" ","price":3.29},{"type":"A","date":"2018-04-19T01:58:54.000Z","volume":20000,"label":" ","price":3.29},{"type":"A","date":"2018-04-19T01:58:56.000Z","volume":15000,"label":" ","price":3.29},{"type":"A","date":"2018-04-19T01:59:21.000Z","volume":10000,"label":" ","price":3.29},{"type":"A","date":"2018-04-19T01:59:21.000Z","volume":10000,"label":" ","price":3.29},{"type":"U","date":"2018-04-19T01:59:24.000Z","volume":10000,"label":" ","price":3.29},{"type":"U","date":"2018-04-19T01:59:35.000Z","volume":10000,"label":" ","price":3.29},{"type":"B","date":"2018-04-19T01:59:37.000Z","volume":20000,"label":" ","price":3.27},{"type":"B","date":"2018-04-19T01:59:47.000Z","volume":10000,"label":" ","price":3.28},{"type":"B","date":"2018-04-19T01:59:47.000Z","volume":11000,"label":" ","price":3.28},{"type":"U","date":"2018-04-19T02:00:09.000Z","volume":20000,"label":" ","price":3.28},{"type":"A","date":"2018-04-19T02:00:17.000Z","volume":20000,"label":" ","price":3.29},{"type":"A","date":"2018-04-19T02:00:33.000Z","volume":15000,"label":" ","price":3.29},{"type":"A","date":"2018-04-19T02:00:40.000Z","volume":2000,"label":" ","price":3.29},{"type":"A","date":"2018-04-19T02:00:57.000Z","volume":10000,"label":" ","price":3.29},{"type":"A","date":"2018-04-19T02:01:12.000Z","volume":10000,"label":" ","price":3.29},{"type":"B","date":"2018-04-19T02:01:14.000Z","volume":9000,"label":" ","price":3.28},{"type":"A","date":"2018-04-19T02:01:39.000Z","volume":1000,"label":" ","price":3.29},{"type":"B","date":"2018-04-19T02:01:42.000Z","volume":9000,"label":" ","price":3.29},{"type":"A","date":"2018-04-19T02:02:07.000Z","volume":1000,"label":" ","price":3.29},{"type":"A","date":"2018-04-19T02:02:07.000Z","volume":9000,"label":" ","price":3.3},{"type":"B","date":"2018-04-19T02:02:19.000Z","volume":4000,"label":" ","price":3.29},{"type":"B","date":"2018-04-19T02:02:25.000Z","volume":5000,"label":" ","price":3.29},{"type":"A","date":"2018-04-19T02:02:46.000Z","volume":50000,"label":" ","price":3.3},{"type":"A","date":"2018-04-19T02:02:48.000Z","volume":30000,"label":" ","price":3.3},{"type":"A","date":"2018-04-19T02:02:53.000Z","volume":123000,"label":" ","price":3.3},{"type":"B","date":"2018-04-19T02:02:53.000Z","volume":31000,"label":" ","price":3.3},{"type":"A","date":"2018-04-19T02:02:54.000Z","volume":20000,"label":" ","price":3.31},{"type":"A","date":"2018-04-19T02:02:54.000Z","volume":2000,"label":" ","price":3.31},{"type":"A","date":"2018-04-19T02:02:59.000Z","volume":5000,"label":" ","price":3.31},{"type":"B","date":"2018-04-19T02:03:04.000Z","volume":5000,"label":" ","price":3.31},{"type":"A","date":"2018-04-19T02:03:13.000Z","volume":10000,"label":" ","price":3.31},{"type":"A","date":"2018-04-19T02:03:13.000Z","volume":10000,"label":" ","price":3.31},{"type":"B","date":"2018-04-19T02:03:18.000Z","volume":20000,"label":" ","price":3.3},{"type":"B","date":"2018-04-19T02:03:18.000Z","volume":12000,"label":" ","price":3.3},{"type":"B","date":"2018-04-19T02:03:20.000Z","volume":24000,"label":" ","price":3.3},{"type":"B","date":"2018-04-19T02:03:23.000Z","volume":10000,"label":" ","price":3.3},{"type":"B","date":"2018-04-19T02:03:24.000Z","volume":10000,"label":" ","price":3.29},{"type":"A","date":"2018-04-19T02:03:27.000Z","volume":10000,"label":" ","price":3.3},{"type":"B","date":"2018-04-19T02:03:30.000Z","volume":22000,"label":" ","price":3.29},{"type":"A","date":"2018-04-19T02:03:35.000Z","volume":1000,"label":" ","price":3.29},{"type":"A","date":"2018-04-19T02:03:35.000Z","volume":2000,"label":" ","price":3.29},{"type":"A","date":"2018-04-19T02:03:41.000Z","volume":16000,"label":" ","price":3.29},{"type":"A","date":"2018-04-19T02:03:41.000Z","volume":15000,"label":" ","price":3.29},{"type":"A","date":"2018-04-19T02:03:44.000Z","volume":5000,"label":" ","price":3.29},{"type":"A","date":"2018-04-19T02:03:44.000Z","volume":30000,"label":" ","price":3.3},{"type":"A","date":"2018-04-19T02:03:44.000Z","volume":15000,"label":" ","price":3.31},{"type":"B","date":"2018-04-19T02:03:54.000Z","volume":30000,"label":" ","price":3.28},{"type":"B","date":"2018-04-19T02:03:54.000Z","volume":20000,"label":" ","price":3.28},{"type":"B","date":"2018-04-19T02:04:05.000Z","volume":10000,"label":" ","price":3.27},{"type":"A","date":"2018-04-19T02:04:19.000Z","volume":20000,"label":" ","price":3.29},{"type":"A","date":"2018-04-19T02:04:33.000Z","volume":22000,"label":" ","price":3.29},{"type":"B","date":"2018-04-19T02:04:33.000Z","volume":18000,"label":" ","price":3.29},{"type":"B","date":"2018-04-19T02:04:40.000Z","volume":11000,"label":" ","price":3.27},{"type":"A","date":"2018-04-19T02:05:13.000Z","volume":20000,"label":" ","price":3.28},{"type":"B","date":"2018-04-19T02:05:36.000Z","volume":20000,"label":" ","price":3.26},{"type":"B","date":"2018-04-19T02:06:29.000Z","volume":3000,"label":" ","price":3.25},{"type":"A","date":"2018-04-19T02:06:29.000Z","volume":7000,"label":" ","price":3.25},{"type":"A","date":"2018-04-19T02:06:56.000Z","volume":10000,"label":" ","price":3.26},{"type":"A","date":"2018-04-19T02:06:56.000Z","volume":8000,"label":" ","price":3.26},{"type":"B","date":"2018-04-19T02:07:01.000Z","volume":5000,"label":" ","price":3.25},{"type":"B","date":"2018-04-19T02:07:16.000Z","volume":1000,"label":" ","price":3.25},{"type":"B","date":"2018-04-19T02:07:52.000Z","volume":12000,"label":" ","price":3.25},{"type":"U","date":"2018-04-19T02:07:58.000Z","volume":5000,"label":" ","price":3.25},{"type":"B","date":"2018-04-19T02:08:52.000Z","volume":3000,"label":" ","price":3.25},{"type":"B","date":"2018-04-19T02:09:57.000Z","volume":6000,"label":" ","price":3.24},{"type":"B","date":"2018-04-19T02:10:00.000Z","volume":20000,"label":" ","price":3.23},{"type":"B","date":"2018-04-19T02:10:00.000Z","volume":50000,"label":" ","price":3.22},{"type":"B","date":"2018-04-19T02:10:00.000Z","volume":36000,"label":" ","price":3.21},{"type":"B","date":"2018-04-19T02:10:00.000Z","volume":94000,"label":" ","price":3.2},{"type":"A","date":"2018-04-19T02:11:10.000Z","volume":50000,"label":" ","price":3.23},{"type":"B","date":"2018-04-19T02:12:09.000Z","volume":10000,"label":" ","price":3.21},{"type":"B","date":"2018-04-19T02:12:09.000Z","volume":3000,"label":" ","price":3.21},{"type":"B","date":"2018-04-19T02:12:54.000Z","volume":20000,"label":" ","price":3.21},{"type":"B","date":"2018-04-19T02:13:09.000Z","volume":5000,"label":" ","price":3.21},{"type":"B","date":"2018-04-19T02:13:16.000Z","volume":10000,"label":" ","price":3.21},{"type":"U","date":"2018-04-19T02:13:40.000Z","volume":2000,"label":" ","price":3.22},{"type":"B","date":"2018-04-19T02:13:49.000Z","volume":5000,"label":" ","price":3.21},{"type":"B","date":"2018-04-19T02:14:25.000Z","volume":73000,"label":" ","price":3.2},{"type":"A","date":"2018-04-19T02:14:25.000Z","volume":2000,"label":" ","price":3.2},{"type":"U","date":"2018-04-19T02:14:27.000Z","volume":20000,"label":" ","price":3.22},{"type":"U","date":"2018-04-19T02:14:34.000Z","volume":10000,"label":" ","price":3.2},{"type":"B","date":"2018-04-19T02:15:23.000Z","volume":10000,"label":" ","price":3.19},{"type":"B","date":"2018-04-19T02:15:41.000Z","volume":16000,"label":" ","price":3.19},{"type":"A","date":"2018-04-19T02:15:42.000Z","volume":2000,"label":" ","price":3.19},{"type":"A","date":"2018-04-19T02:15:52.000Z","volume":4000,"label":" ","price":3.19},{"type":"A","date":"2018-04-19T02:17:34.000Z","volume":1000,"label":" ","price":3.2},{"type":"B","date":"2018-04-19T02:17:40.000Z","volume":1000,"label":" ","price":3.2},{"type":"A","date":"2018-04-19T02:19:25.000Z","volume":13000,"label":" ","price":3.21},{"type":"A","date":"2018-04-19T02:20:32.000Z","volume":83000,"label":" ","price":3.22},{"type":"A","date":"2018-04-19T02:23:05.000Z","volume":20000,"label":" ","price":3.22},{"type":"A","date":"2018-04-19T02:23:05.000Z","volume":1000,"label":" ","price":3.22},{"type":"A","date":"2018-04-19T02:23:24.000Z","volume":3000,"label":" ","price":3.23},{"type":"B","date":"2018-04-19T02:23:34.000Z","volume":1000,"label":" ","price":3.22},{"type":"A","date":"2018-04-19T02:23:55.000Z","volume":10000,"label":" ","price":3.23},{"type":"B","date":"2018-04-19T02:24:00.000Z","volume":10000,"label":" ","price":3.22},{"type":"B","date":"2018-04-19T02:24:51.000Z","volume":10000,"label":" ","price":3.22},{"type":"B","date":"2018-04-19T02:25:22.000Z","volume":10000,"label":" ","price":3.21},{"type":"B","date":"2018-04-19T02:25:22.000Z","volume":6000,"label":" ","price":3.21},{"type":"B","date":"2018-04-19T02:25:48.000Z","volume":14000,"label":" ","price":3.21},{"type":"B","date":"2018-04-19T02:27:03.000Z","volume":5000,"label":" ","price":3.21},{"type":"B","date":"2018-04-19T02:27:08.000Z","volume":8000,"label":"Y","price":3.21},{"type":"B","date":"2018-04-19T02:28:40.000Z","volume":25000,"label":" ","price":3.21},{"type":"A","date":"2018-04-19T02:30:42.000Z","volume":10000,"label":" ","price":3.22},{"type":"A","date":"2018-04-19T02:30:42.000Z","volume":1000,"label":"Y","price":3.22},{"type":"A","date":"2018-04-19T02:30:49.000Z","volume":7000,"label":" ","price":3.22},{"type":"A","date":"2018-04-19T02:32:17.000Z","volume":30000,"label":" ","price":3.22},{"type":"A","date":"2018-04-19T02:33:11.000Z","volume":2000,"label":" ","price":3.22},{"type":"A","date":"2018-04-19T02:34:11.000Z","volume":10000,"label":" ","price":3.23},{"type":"B","date":"2018-04-19T02:34:20.000Z","volume":9000,"label":" ","price":3.22},{"type":"A","date":"2018-04-19T02:34:22.000Z","volume":5000,"label":" ","price":3.22},{"type":"B","date":"2018-04-19T02:35:09.000Z","volume":10000,"label":" ","price":3.21},{"type":"B","date":"2018-04-19T02:36:35.000Z","volume":1000,"label":" ","price":3.22},{"type":"B","date":"2018-04-19T02:36:37.000Z","volume":1000,"label":" ","price":3.22},{"type":"A","date":"2018-04-19T02:36:57.000Z","volume":8000,"label":" ","price":3.22},{"type":"B","date":"2018-04-19T02:38:44.000Z","volume":17000,"label":" ","price":3.21},{"type":"B","date":"2018-04-19T02:40:28.000Z","volume":48000,"label":" ","price":3.21},{"type":"B","date":"2018-04-19T02:42:00.000Z","volume":18000,"label":" ","price":3.2},{"type":"B","date":"2018-04-19T02:42:00.000Z","volume":13000,"label":" ","price":3.2},{"type":"B","date":"2018-04-19T02:44:57.000Z","volume":9000,"label":" ","price":3.18},{"type":"A","date":"2018-04-19T02:45:41.000Z","volume":28000,"label":" ","price":3.19},{"type":"A","date":"2018-04-19T02:46:48.000Z","volume":15000,"label":" ","price":3.2},{"type":"A","date":"2018-04-19T02:46:48.000Z","volume":24000,"label":" ","price":3.2},{"type":"A","date":"2018-04-19T02:47:05.000Z","volume":7000,"label":" ","price":3.2},{"type":"B","date":"2018-04-19T02:47:14.000Z","volume":4000,"label":" ","price":3.2},{"type":"A","date":"2018-04-19T02:47:23.000Z","volume":12000,"label":" ","price":3.21},{"type":"B","date":"2018-04-19T02:47:26.000Z","volume":3000,"label":" ","price":3.21},{"type":"B","date":"2018-04-19T02:47:26.000Z","volume":1000,"label":"Y","price":3.2},{"type":"B","date":"2018-04-19T02:47:28.000Z","volume":2000,"label":" ","price":3.2},{"type":"B","date":"2018-04-19T02:48:59.000Z","volume":8000,"label":" ","price":3.2},{"type":"A","date":"2018-04-19T02:49:28.000Z","volume":32000,"label":" ","price":3.2},{"type":"B","date":"2018-04-19T02:50:40.000Z","volume":23000,"label":" ","price":3.19},{"type":"B","date":"2018-04-19T02:50:40.000Z","volume":7000,"label":" ","price":3.18},{"type":"A","date":"2018-04-19T02:50:42.000Z","volume":5000,"label":" ","price":3.2},{"type":"B","date":"2018-04-19T02:52:24.000Z","volume":10000,"label":" ","price":3.19},{"type":"B","date":"2018-04-19T02:54:57.000Z","volume":3000,"label":" ","price":3.19},{"type":"B","date":"2018-04-19T02:55:31.000Z","volume":50000,"label":" ","price":3.19},{"type":"B","date":"2018-04-19T02:55:31.000Z","volume":1000,"label":" ","price":3.19},{"type":"B","date":"2018-04-19T02:55:33.000Z","volume":2000,"label":" ","price":3.19},{"type":"B","date":"2018-04-19T02:55:52.000Z","volume":20000,"label":" ","price":3.18},{"type":"B","date":"2018-04-19T02:56:02.000Z","volume":27000,"label":" ","price":3.18},{"type":"A","date":"2018-04-19T02:56:14.000Z","volume":10000,"label":" ","price":3.18},{"type":"B","date":"2018-04-19T02:56:48.000Z","volume":13000,"label":" ","price":3.17},{"type":"A","date":"2018-04-19T02:57:33.000Z","volume":10000,"label":" ","price":3.17},{"type":"A","date":"2018-04-19T02:58:11.000Z","volume":10000,"label":" ","price":3.17},{"type":"A","date":"2018-04-19T02:58:13.000Z","volume":14000,"label":" ","price":3.17},{"type":"B","date":"2018-04-19T02:58:24.000Z","volume":16000,"label":" ","price":3.17},{"type":"A","date":"2018-04-19T02:58:36.000Z","volume":4000,"label":" ","price":3.17},{"type":"B","date":"2018-04-19T02:58:43.000Z","volume":5000,"label":" ","price":3.17},{"type":"A","date":"2018-04-19T02:58:51.000Z","volume":16000,"label":" ","price":3.18},{"type":"B","date":"2018-04-19T02:59:27.000Z","volume":23000,"label":" ","price":3.18},{"type":"B","date":"2018-04-19T03:00:34.000Z","volume":14000,"label":" ","price":3.17},{"type":"B","date":"2018-04-19T03:00:37.000Z","volume":7000,"label":" ","price":3.17},{"type":"A","date":"2018-04-19T03:00:47.000Z","volume":2000,"label":" ","price":3.17},{"type":"B","date":"2018-04-19T03:00:49.000Z","volume":16000,"label":" ","price":3.16},{"type":"B","date":"2018-04-19T03:01:10.000Z","volume":2000,"label":" ","price":3.16},{"type":"B","date":"2018-04-19T03:02:12.000Z","volume":6000,"label":" ","price":3.16},{"type":"B","date":"2018-04-19T03:02:12.000Z","volume":1000,"label":" ","price":3.16},{"type":"A","date":"2018-04-19T03:03:40.000Z","volume":4000,"label":" ","price":3.17},{"type":"B","date":"2018-04-19T03:03:48.000Z","volume":78000,"label":" ","price":3.16},{"type":"B","date":"2018-04-19T03:04:28.000Z","volume":20000,"label":" ","price":3.15},{"type":"B","date":"2018-04-19T03:04:53.000Z","volume":60000,"label":"Y","price":3.14},{"type":"B","date":"2018-04-19T03:04:53.000Z","volume":18000,"label":" ","price":3.14},{"type":"B","date":"2018-04-19T03:04:53.000Z","volume":12000,"label":" ","price":3.13},{"type":"A","date":"2018-04-19T03:04:53.000Z","volume":12000,"label":" ","price":3.16},{"type":"A","date":"2018-04-19T03:04:53.000Z","volume":5000,"label":" ","price":3.17},{"type":"A","date":"2018-04-19T03:04:53.000Z","volume":3000,"label":" ","price":3.17},{"type":"A","date":"2018-04-19T03:05:20.000Z","volume":9000,"label":" ","price":3.17},{"type":"U","date":"2018-04-19T03:05:26.000Z","volume":10000,"label":" ","price":3.16},{"type":"U","date":"2018-04-19T03:06:18.000Z","volume":10000,"label":" ","price":3.16},{"type":"A","date":"2018-04-19T03:07:19.000Z","volume":10000,"label":" ","price":3.16},{"type":"U","date":"2018-04-19T03:07:23.000Z","volume":2000,"label":" ","price":3.16},{"type":"A","date":"2018-04-19T03:08:45.000Z","volume":2000,"label":" ","price":3.16},{"type":"B","date":"2018-04-19T03:10:45.000Z","volume":5000,"label":" ","price":3.15},{"type":"B","date":"2018-04-19T03:10:57.000Z","volume":5000,"label":" ","price":3.14},{"type":"A","date":"2018-04-19T03:11:19.000Z","volume":4000,"label":" ","price":3.15},{"type":"B","date":"2018-04-19T03:11:27.000Z","volume":3000,"label":" ","price":3.15},{"type":"B","date":"2018-04-19T03:11:27.000Z","volume":13000,"label":" ","price":3.15},{"type":"B","date":"2018-04-19T03:12:34.000Z","volume":4000,"label":" ","price":3.14},{"type":"B","date":"2018-04-19T03:12:44.000Z","volume":10000,"label":" ","price":3.14},{"type":"B","date":"2018-04-19T03:13:24.000Z","volume":7000,"label":" ","price":3.14},{"type":"A","date":"2018-04-19T03:13:31.000Z","volume":15000,"label":" ","price":3.15},{"type":"B","date":"2018-04-19T03:14:13.000Z","volume":2000,"label":" ","price":3.14},{"type":"B","date":"2018-04-19T03:15:32.000Z","volume":9000,"label":" ","price":3.14},{"type":"A","date":"2018-04-19T03:16:25.000Z","volume":4000,"label":" ","price":3.15},{"type":"A","date":"2018-04-19T03:17:41.000Z","volume":1000,"label":" ","price":3.15},{"type":"A","date":"2018-04-19T03:19:25.000Z","volume":18000,"label":" ","price":3.15},{"type":"A","date":"2018-04-19T03:20:13.000Z","volume":16000,"label":" ","price":3.16},{"type":"A","date":"2018-04-19T03:20:39.000Z","volume":14000,"label":" ","price":3.16},{"type":"B","date":"2018-04-19T03:22:47.000Z","volume":1000,"label":" ","price":3.16},{"type":"A","date":"2018-04-19T03:22:59.000Z","volume":1000,"label":" ","price":3.17},{"type":"A","date":"2018-04-19T03:25:32.000Z","volume":9000,"label":" ","price":3.17},{"type":"A","date":"2018-04-19T03:25:32.000Z","volume":45000,"label":" ","price":3.17},{"type":"A","date":"2018-04-19T03:26:02.000Z","volume":31000,"label":" ","price":3.18},{"type":"A","date":"2018-04-19T03:26:09.000Z","volume":10000,"label":" ","price":3.19},{"type":"A","date":"2018-04-19T03:26:14.000Z","volume":2000,"label":" ","price":3.2},{"type":"A","date":"2018-04-19T03:26:28.000Z","volume":10000,"label":" ","price":3.21},{"type":"A","date":"2018-04-19T03:26:28.000Z","volume":20000,"label":" ","price":3.22},{"type":"A","date":"2018-04-19T03:26:34.000Z","volume":5000,"label":" ","price":3.22},{"type":"A","date":"2018-04-19T03:26:43.000Z","volume":10000,"label":" ","price":3.22},{"type":"B","date":"2018-04-19T03:26:44.000Z","volume":15000,"label":" ","price":3.21},{"type":"A","date":"2018-04-19T03:26:44.000Z","volume":7000,"label":" ","price":3.21},{"type":"A","date":"2018-04-19T03:26:44.000Z","volume":3000,"label":" ","price":3.24},{"type":"B","date":"2018-04-19T03:26:59.000Z","volume":10000,"label":" ","price":3.22},{"type":"A","date":"2018-04-19T03:27:48.000Z","volume":12000,"label":" ","price":3.23},{"type":"U","date":"2018-04-19T03:27:58.000Z","volume":10000,"label":" ","price":3.22},{"type":"B","date":"2018-04-19T03:27:58.000Z","volume":1000,"label":" ","price":3.22},{"type":"U","date":"2018-04-19T03:28:44.000Z","volume":7000,"label":" ","price":3.22},{"type":"B","date":"2018-04-19T03:29:55.000Z","volume":14000,"label":" ","price":3.21},{"type":"B","date":"2018-04-19T03:29:55.000Z","volume":17000,"label":" ","price":3.2},{"type":"B","date":"2018-04-19T03:30:54.000Z","volume":3000,"label":" ","price":3.2},{"type":"B","date":"2018-04-19T03:34:04.000Z","volume":3000,"label":" ","price":3.18},{"type":"B","date":"2018-04-19T03:35:42.000Z","volume":2000,"label":" ","price":3.17},{"type":"B","date":"2018-04-19T03:35:42.000Z","volume":8000,"label":" ","price":3.16},{"type":"B","date":"2018-04-19T03:42:11.000Z","volume":1000,"label":" ","price":3.17},{"type":"B","date":"2018-04-19T03:43:00.000Z","volume":3000,"label":" ","price":3.17},{"type":"B","date":"2018-04-19T03:45:40.000Z","volume":25000,"label":" ","price":3.17},{"type":"B","date":"2018-04-19T03:47:18.000Z","volume":10000,"label":" ","price":3.16},{"type":"B","date":"2018-04-19T03:48:04.000Z","volume":50000,"label":" ","price":3.15},{"type":"B","date":"2018-04-19T03:50:35.000Z","volume":13000,"label":" ","price":3.15},{"type":"A","date":"2018-04-19T03:50:35.000Z","volume":37000,"label":" ","price":3.15},{"type":"A","date":"2018-04-19T03:51:18.000Z","volume":3000,"label":" ","price":3.15},{"type":"B","date":"2018-04-19T03:52:21.000Z","volume":5000,"label":" ","price":3.15},{"type":"A","date":"2018-04-19T03:52:41.000Z","volume":8000,"label":" ","price":3.16},{"type":"B","date":"2018-04-19T03:52:52.000Z","volume":46000,"label":" ","price":3.16},{"type":"B","date":"2018-04-19T03:56:28.000Z","volume":10000,"label":" ","price":3.16},{"type":"B","date":"2018-04-19T03:56:40.000Z","volume":20000,"label":" ","price":3.16},{"type":"B","date":"2018-04-19T03:56:40.000Z","volume":12000,"label":" ","price":3.16},{"type":"B","date":"2018-04-19T03:58:09.000Z","volume":10000,"label":" ","price":3.15},{"type":"B","date":"2018-04-19T05:00:02.000Z","volume":4000,"label":"Y","price":3.15},{"type":"B","date":"2018-04-19T05:00:02.000Z","volume":16000,"label":" ","price":3.15},{"type":"A","date":"2018-04-19T05:00:03.000Z","volume":10000,"label":" ","price":3.15},{"type":"A","date":"2018-04-19T05:00:08.000Z","volume":50000,"label":" ","price":3.15},{"type":"A","date":"2018-04-19T05:00:08.000Z","volume":9000,"label":" ","price":3.15},{"type":"A","date":"2018-04-19T05:00:12.000Z","volume":16000,"label":" ","price":3.16},{"type":"B","date":"2018-04-19T05:00:21.000Z","volume":20000,"label":" ","price":3.16},{"type":"B","date":"2018-04-19T05:00:21.000Z","volume":14000,"label":" ","price":3.16},{"type":"A","date":"2018-04-19T05:00:23.000Z","volume":2000,"label":" ","price":3.17},{"type":"A","date":"2018-04-19T05:04:00.000Z","volume":1000,"label":" ","price":3.17},{"type":"A","date":"2018-04-19T05:06:50.000Z","volume":1000,"label":" ","price":3.16},{"type":"A","date":"2018-04-19T05:10:03.000Z","volume":1000,"label":" ","price":3.17},{"type":"A","date":"2018-04-19T05:10:03.000Z","volume":2000,"label":"Y","price":3.17},{"type":"A","date":"2018-04-19T05:10:03.000Z","volume":20000,"label":" ","price":3.17},{"type":"B","date":"2018-04-19T05:11:02.000Z","volume":10000,"label":" ","price":3.16},{"type":"A","date":"2018-04-19T05:11:17.000Z","volume":20000,"label":" ","price":3.18},{"type":"A","date":"2018-04-19T05:16:49.000Z","volume":10000,"label":" ","price":3.19},{"type":"A","date":"2018-04-19T05:17:07.000Z","volume":20000,"label":" ","price":3.19},{"type":"A","date":"2018-04-19T05:17:07.000Z","volume":1000,"label":" ","price":3.19},{"type":"A","date":"2018-04-19T05:17:10.000Z","volume":5000,"label":" ","price":3.19},{"type":"B","date":"2018-04-19T05:20:07.000Z","volume":10000,"label":" ","price":3.19},{"type":"B","date":"2018-04-19T05:20:07.000Z","volume":4000,"label":" ","price":3.18},{"type":"B","date":"2018-04-19T05:20:07.000Z","volume":1000,"label":" ","price":3.19},{"type":"B","date":"2018-04-19T05:20:10.000Z","volume":30000,"label":" ","price":3.17},{"type":"B","date":"2018-04-19T05:20:10.000Z","volume":10000,"label":" ","price":3.16},{"type":"A","date":"2018-04-19T05:20:53.000Z","volume":5000,"label":" ","price":3.19},{"type":"B","date":"2018-04-19T05:26:02.000Z","volume":2000,"label":" ","price":3.17},{"type":"B","date":"2018-04-19T05:28:43.000Z","volume":3000,"label":" ","price":3.17},{"type":"A","date":"2018-04-19T05:29:04.000Z","volume":5000,"label":" ","price":3.18},{"type":"B","date":"2018-04-19T05:29:58.000Z","volume":7000,"label":" ","price":3.17},{"type":"B","date":"2018-04-19T05:31:29.000Z","volume":10000,"label":" ","price":3.17},{"type":"A","date":"2018-04-19T05:33:42.000Z","volume":1000,"label":" ","price":3.18},{"type":"A","date":"2018-04-19T05:34:02.000Z","volume":11000,"label":" ","price":3.18},{"type":"B","date":"2018-04-19T05:35:50.000Z","volume":30000,"label":" ","price":3.17},{"type":"B","date":"2018-04-19T05:41:58.000Z","volume":13000,"label":" ","price":3.16},{"type":"A","date":"2018-04-19T05:44:13.000Z","volume":7000,"label":" ","price":3.16},{"type":"A","date":"2018-04-19T05:48:50.000Z","volume":1000,"label":" ","price":3.16},{"type":"B","date":"2018-04-19T05:49:22.000Z","volume":92000,"label":" ","price":3.15},{"type":"U","date":"2018-04-19T05:49:50.000Z","volume":5000,"label":" ","price":3.15},{"type":"U","date":"2018-04-19T05:50:08.000Z","volume":3000,"label":" ","price":3.15},{"type":"B","date":"2018-04-19T05:51:15.000Z","volume":10000,"label":"Y","price":3.15},{"type":"B","date":"2018-04-19T05:52:50.000Z","volume":19000,"label":"Y","price":3.14},{"type":"B","date":"2018-04-19T05:52:50.000Z","volume":1000,"label":" ","price":3.14},{"type":"B","date":"2018-04-19T05:52:50.000Z","volume":7000,"label":" ","price":3.14},{"type":"B","date":"2018-04-19T05:52:50.000Z","volume":19000,"label":" ","price":3.14},{"type":"B","date":"2018-04-19T05:52:50.000Z","volume":1000,"label":" ","price":3.14},{"type":"A","date":"2018-04-19T05:54:09.000Z","volume":20000,"label":" ","price":3.14},{"type":"B","date":"2018-04-19T05:54:12.000Z","volume":6000,"label":"Y","price":3.13},{"type":"B","date":"2018-04-19T05:54:12.000Z","volume":37000,"label":" ","price":3.13},{"type":"A","date":"2018-04-19T05:54:17.000Z","volume":6000,"label":" ","price":3.14},{"type":"A","date":"2018-04-19T05:54:26.000Z","volume":10000,"label":" ","price":3.14},{"type":"A","date":"2018-04-19T05:55:26.000Z","volume":10000,"label":" ","price":3.15},{"type":"A","date":"2018-04-19T05:56:13.000Z","volume":1000,"label":" ","price":3.15},{"type":"B","date":"2018-04-19T05:57:03.000Z","volume":10000,"label":" ","price":3.15},{"type":"A","date":"2018-04-19T05:57:39.000Z","volume":10000,"label":" ","price":3.15},{"type":"A","date":"2018-04-19T06:00:23.000Z","volume":10000,"label":" ","price":3.16},{"type":"A","date":"2018-04-19T06:00:23.000Z","volume":32000,"label":" ","price":3.17},{"type":"A","date":"2018-04-19T06:00:23.000Z","volume":80000,"label":" ","price":3.18},{"type":"A","date":"2018-04-19T06:00:23.000Z","volume":131000,"label":" ","price":3.19},{"type":"A","date":"2018-04-19T06:00:23.000Z","volume":60000,"label":" ","price":3.2},{"type":"A","date":"2018-04-19T06:00:23.000Z","volume":11000,"label":" ","price":3.21},{"type":"A","date":"2018-04-19T06:00:23.000Z","volume":236000,"label":" ","price":3.22},{"type":"A","date":"2018-04-19T06:00:23.000Z","volume":80000,"label":" ","price":3.23},{"type":"A","date":"2018-04-19T06:00:23.000Z","volume":20000,"label":" ","price":3.24},{"type":"A","date":"2018-04-19T06:00:23.000Z","volume":119000,"label":" ","price":3.25},{"type":"A","date":"2018-04-19T06:00:23.000Z","volume":1000,"label":" ","price":3.25},{"type":"A","date":"2018-04-19T06:00:23.000Z","volume":1000,"label":" ","price":3.25},{"type":"A","date":"2018-04-19T06:00:23.000Z","volume":1000,"label":" ","price":3.25},{"type":"A","date":"2018-04-19T06:00:23.000Z","volume":18000,"label":" ","price":3.25},{"type":"B","date":"2018-04-19T06:00:25.000Z","volume":10000,"label":" ","price":3.15},{"type":"A","date":"2018-04-19T06:01:23.000Z","volume":20000,"label":" ","price":3.21},{"type":"A","date":"2018-04-19T06:04:54.000Z","volume":16000,"label":" ","price":3.21},{"type":"A","date":"2018-04-19T06:04:54.000Z","volume":3000,"label":" ","price":3.22},{"type":"A","date":"2018-04-19T06:04:54.000Z","volume":15000,"label":" ","price":3.23},{"type":"A","date":"2018-04-19T06:04:54.000Z","volume":18000,"label":" ","price":3.24},{"type":"A","date":"2018-04-19T06:04:54.000Z","volume":51000,"label":" ","price":3.25},{"type":"A","date":"2018-04-19T06:04:54.000Z","volume":167000,"label":" ","price":3.26},{"type":"A","date":"2018-04-19T06:05:44.000Z","volume":10000,"label":" ","price":3.25},{"type":"B","date":"2018-04-19T06:06:34.000Z","volume":7000,"label":" ","price":3.23},{"type":"A","date":"2018-04-19T06:07:33.000Z","volume":5000,"label":" ","price":3.23},{"type":"B","date":"2018-04-19T06:07:58.000Z","volume":6000,"label":" ","price":3.23},{"type":"A","date":"2018-04-19T06:08:40.000Z","volume":5000,"label":" ","price":3.23},{"type":"A","date":"2018-04-19T06:09:04.000Z","volume":4000,"label":" ","price":3.23},{"type":"A","date":"2018-04-19T06:09:10.000Z","volume":18000,"label":" ","price":3.24},{"type":"A","date":"2018-04-19T06:09:26.000Z","volume":1000,"label":" ","price":3.24},{"type":"A","date":"2018-04-19T06:09:55.000Z","volume":4000,"label":" ","price":3.24},{"type":"A","date":"2018-04-19T06:10:20.000Z","volume":6000,"label":" ","price":3.24},{"type":"A","date":"2018-04-19T06:10:20.000Z","volume":4000,"label":" ","price":3.24},{"type":"B","date":"2018-04-19T06:10:58.000Z","volume":6000,"label":" ","price":3.23},{"type":"B","date":"2018-04-19T06:11:51.000Z","volume":21000,"label":" ","price":3.23},{"type":"B","date":"2018-04-19T06:13:37.000Z","volume":11000,"label":" ","price":3.23},{"type":"B","date":"2018-04-19T06:13:39.000Z","volume":2000,"label":" ","price":3.22},{"type":"A","date":"2018-04-19T06:14:11.000Z","volume":6000,"label":" ","price":3.23},{"type":"A","date":"2018-04-19T06:15:15.000Z","volume":5000,"label":" ","price":3.22},{"type":"B","date":"2018-04-19T06:16:23.000Z","volume":24000,"label":" ","price":3.21},{"type":"A","date":"2018-04-19T06:17:23.000Z","volume":10000,"label":" ","price":3.22},{"type":"B","date":"2018-04-19T06:17:41.000Z","volume":2000,"label":"Y","price":3.2},{"type":"B","date":"2018-04-19T06:17:41.000Z","volume":30000,"label":" ","price":3.2},{"type":"B","date":"2018-04-19T06:18:15.000Z","volume":2000,"label":"Y","price":3.2},{"type":"B","date":"2018-04-19T06:19:15.000Z","volume":50000,"label":" ","price":3.19},{"type":"B","date":"2018-04-19T06:19:24.000Z","volume":9000,"label":" ","price":3.19},{"type":"A","date":"2018-04-19T06:20:27.000Z","volume":15000,"label":" ","price":3.2},{"type":"A","date":"2018-04-19T06:21:48.000Z","volume":6000,"label":" ","price":3.2},{"type":"B","date":"2018-04-19T06:23:46.000Z","volume":1000,"label":" ","price":3.19},{"type":"B","date":"2018-04-19T06:24:01.000Z","volume":43000,"label":" ","price":3.18},{"type":"A","date":"2018-04-19T06:24:15.000Z","volume":20000,"label":" ","price":3.18},{"type":"A","date":"2018-04-19T06:24:19.000Z","volume":3000,"label":" ","price":3.18},{"type":"A","date":"2018-04-19T06:24:39.000Z","volume":38000,"label":" ","price":3.18},{"type":"B","date":"2018-04-19T06:26:35.000Z","volume":20000,"label":" ","price":3.17},{"type":"B","date":"2018-04-19T06:27:30.000Z","volume":10000,"label":" ","price":3.17},{"type":"B","date":"2018-04-19T06:27:30.000Z","volume":8000,"label":" ","price":3.17},{"type":"U","date":"2018-04-19T06:30:32.000Z","volume":4000,"label":" ","price":3.17},{"type":"U","date":"2018-04-19T06:30:32.000Z","volume":1000,"label":" ","price":3.17},{"type":"B","date":"2018-04-19T06:31:55.000Z","volume":30000,"label":" ","price":3.17},{"type":"A","date":"2018-04-19T06:33:52.000Z","volume":2000,"label":" ","price":3.17},{"type":"A","date":"2018-04-19T06:33:53.000Z","volume":22000,"label":" ","price":3.17},{"type":"B","date":"2018-04-19T06:36:33.000Z","volume":13000,"label":" ","price":3.17},{"type":"B","date":"2018-04-19T06:38:42.000Z","volume":15000,"label":" ","price":3.16},{"type":"A","date":"2018-04-19T06:41:07.000Z","volume":10000,"label":" ","price":3.17},{"type":"A","date":"2018-04-19T06:41:07.000Z","volume":21000,"label":" ","price":3.17},{"type":"B","date":"2018-04-19T06:43:29.000Z","volume":21000,"label":" ","price":3.17},{"type":"U","date":"2018-04-19T06:43:37.000Z","volume":1000,"label":" ","price":3.17},{"type":"A","date":"2018-04-19T06:45:05.000Z","volume":24000,"label":" ","price":3.17},{"type":"A","date":"2018-04-19T06:46:00.000Z","volume":4000,"label":" ","price":3.17},{"type":"A","date":"2018-04-19T06:46:02.000Z","volume":6000,"label":" ","price":3.17},{"type":"B","date":"2018-04-19T06:46:19.000Z","volume":5000,"label":" ","price":3.17},{"type":"B","date":"2018-04-19T06:46:19.000Z","volume":1000,"label":" ","price":3.17},{"type":"B","date":"2018-04-19T06:48:31.000Z","volume":59000,"label":" ","price":3.17},{"type":"B","date":"2018-04-19T06:48:42.000Z","volume":1000,"label":" ","price":3.16},{"type":"B","date":"2018-04-19T06:51:14.000Z","volume":50000,"label":" ","price":3.16},{"type":"B","date":"2018-04-19T06:51:14.000Z","volume":1000,"label":" ","price":3.16},{"type":"B","date":"2018-04-19T06:51:53.000Z","volume":49000,"label":" ","price":3.16},{"type":"B","date":"2018-04-19T06:51:53.000Z","volume":47000,"label":" ","price":3.16},{"type":"A","date":"2018-04-19T06:54:18.000Z","volume":10000,"label":" ","price":3.16},{"type":"A","date":"2018-04-19T06:54:18.000Z","volume":21000,"label":" ","price":3.16},{"type":"B","date":"2018-04-19T06:55:46.000Z","volume":21000,"label":" ","price":3.16},{"type":"U","date":"2018-04-19T06:56:55.000Z","volume":2000,"label":" ","price":3.16},{"type":"U","date":"2018-04-19T06:58:31.000Z","volume":10000,"label":" ","price":3.16},{"type":"A","date":"2018-04-19T07:00:06.000Z","volume":60000,"label":" ","price":3.17},{"type":"U","date":"2018-04-19T07:03:51.000Z","volume":2000,"label":" ","price":3.17},{"type":"B","date":"2018-04-19T07:04:29.000Z","volume":10000,"label":" ","price":3.16},{"type":"B","date":"2018-04-19T07:05:01.000Z","volume":12000,"label":" ","price":3.16},{"type":"B","date":"2018-04-19T07:06:33.000Z","volume":4000,"label":" ","price":3.16},{"type":"B","date":"2018-04-19T07:08:02.000Z","volume":32000,"label":" ","price":3.16},{"type":"B","date":"2018-04-19T07:09:27.000Z","volume":10000,"label":" ","price":3.16},{"type":"B","date":"2018-04-19T07:12:06.000Z","volume":22000,"label":" ","price":3.16},{"type":"B","date":"2018-04-19T07:16:04.000Z","volume":50000,"label":" ","price":3.15},{"type":"B","date":"2018-04-19T07:16:47.000Z","volume":8000,"label":"Y","price":3.15},{"type":"B","date":"2018-04-19T07:16:47.000Z","volume":12000,"label":" ","price":3.15},{"type":"B","date":"2018-04-19T07:16:56.000Z","volume":22000,"label":" ","price":3.15},{"type":"B","date":"2018-04-19T07:18:49.000Z","volume":10000,"label":" ","price":3.14},{"type":"B","date":"2018-04-19T07:19:12.000Z","volume":10000,"label":" ","price":3.14},{"type":"A","date":"2018-04-19T07:20:00.000Z","volume":33000,"label":" ","price":3.15},{"type":"B","date":"2018-04-19T07:20:41.000Z","volume":10000,"label":" ","price":3.14},{"type":"B","date":"2018-04-19T07:24:14.000Z","volume":10000,"label":" ","price":3.15},{"type":"B","date":"2018-04-19T07:25:17.000Z","volume":30000,"label":" ","price":3.14},{"type":"B","date":"2018-04-19T07:25:48.000Z","volume":23000,"label":" ","price":3.14},{"type":"B","date":"2018-04-19T07:25:48.000Z","volume":7000,"label":" ","price":3.13},{"type":"A","date":"2018-04-19T07:26:29.000Z","volume":7000,"label":" ","price":3.15},{"type":"B","date":"2018-04-19T07:29:42.000Z","volume":1000,"label":" ","price":3.15},{"type":"B","date":"2018-04-19T07:31:14.000Z","volume":10000,"label":" ","price":3.15},{"type":"A","date":"2018-04-19T07:32:12.000Z","volume":45000,"label":" ","price":3.16},{"type":"A","date":"2018-04-19T07:32:12.000Z","volume":29000,"label":" ","price":3.17},{"type":"A","date":"2018-04-19T07:32:12.000Z","volume":62000,"label":" ","price":3.18},{"type":"A","date":"2018-04-19T07:32:12.000Z","volume":28000,"label":" ","price":3.19},{"type":"A","date":"2018-04-19T07:32:12.000Z","volume":32000,"label":" ","price":3.2},{"type":"A","date":"2018-04-19T07:32:12.000Z","volume":95000,"label":" ","price":3.21},{"type":"A","date":"2018-04-19T07:32:12.000Z","volume":9000,"label":" ","price":3.21},{"type":"B","date":"2018-04-19T07:32:52.000Z","volume":4000,"label":" ","price":3.19},{"type":"B","date":"2018-04-19T07:33:10.000Z","volume":3000,"label":" ","price":3.18},{"type":"B","date":"2018-04-19T07:36:21.000Z","volume":20000,"label":" ","price":3.17},{"type":"B","date":"2018-04-19T07:38:20.000Z","volume":6000,"label":" ","price":3.17},{"type":"B","date":"2018-04-19T07:38:21.000Z","volume":14000,"label":" ","price":3.17},{"type":"A","date":"2018-04-19T07:39:53.000Z","volume":11000,"label":" ","price":3.17},{"type":"A","date":"2018-04-19T07:43:10.000Z","volume":38000,"label":" ","price":3.18},{"type":"B","date":"2018-04-19T07:43:41.000Z","volume":10000,"label":" ","price":3.18},{"type":"B","date":"2018-04-19T07:43:41.000Z","volume":3000,"label":" ","price":3.18},{"type":"B","date":"2018-04-19T07:44:57.000Z","volume":10000,"label":" ","price":3.18},{"type":"A","date":"2018-04-19T07:44:57.000Z","volume":5000,"label":" ","price":3.18},{"type":"A","date":"2018-04-19T07:45:11.000Z","volume":33000,"label":" ","price":3.19},{"type":"A","date":"2018-04-19T07:45:11.000Z","volume":72000,"label":" ","price":3.2},{"type":"B","date":"2018-04-19T07:45:11.000Z","volume":25000,"label":" ","price":3.2},{"type":"A","date":"2018-04-19T07:45:21.000Z","volume":1000,"label":" ","price":3.21},{"type":"B","date":"2018-04-19T07:48:14.000Z","volume":21000,"label":" ","price":3.19},{"type":"B","date":"2018-04-19T07:48:27.000Z","volume":20000,"label":" ","price":3.18},{"type":"A","date":"2018-04-19T07:48:30.000Z","volume":5000,"label":" ","price":3.19},{"type":"B","date":"2018-04-19T07:48:44.000Z","volume":14000,"label":" ","price":3.18},{"type":"B","date":"2018-04-19T07:49:04.000Z","volume":2000,"label":" ","price":3.18},{"type":"A","date":"2018-04-19T07:50:11.000Z","volume":40000,"label":" ","price":3.19},{"type":"A","date":"2018-04-19T07:50:11.000Z","volume":1000,"label":" ","price":3.19},{"type":"B","date":"2018-04-19T07:51:08.000Z","volume":1000,"label":" ","price":3.18},{"type":"B","date":"2018-04-19T07:51:11.000Z","volume":12000,"label":" ","price":3.18},{"type":"B","date":"2018-04-19T07:53:07.000Z","volume":4000,"label":"Y","price":3.18},{"type":"B","date":"2018-04-19T07:53:07.000Z","volume":1000,"label":" ","price":3.18},{"type":"B","date":"2018-04-19T07:53:07.000Z","volume":5000,"label":" ","price":3.17},{"type":"B","date":"2018-04-19T07:54:52.000Z","volume":7000,"label":" ","price":3.18},{"type":"B","date":"2018-04-19T07:55:07.000Z","volume":5000,"label":" ","price":3.18},{"type":"A","date":"2018-04-19T07:55:10.000Z","volume":2000,"label":" ","price":3.19},{"type":"A","date":"2018-04-19T07:58:52.000Z","volume":7000,"label":" ","price":3.18},{"type":"A","date":"2018-04-19T07:59:00.000Z","volume":1000,"label":" ","price":3.18},{"type":"B","date":"2018-04-19T07:59:02.000Z","volume":3000,"label":" ","price":3.17},{"type":"A","date":"2018-04-19T07:59:09.000Z","volume":5000,"label":" ","price":3.18},{"type":"B","date":"2018-04-19T07:59:09.000Z","volume":5000,"label":" ","price":3.17},{"type":"B","date":"2018-04-19T07:59:12.000Z","volume":1000,"label":" ","price":3.17},{"type":"A","date":"2018-04-19T07:59:12.000Z","volume":1000,"label":" ","price":3.19},{"type":"A","date":"2018-04-19T07:59:28.000Z","volume":1000,"label":" ","price":3.19},{"type":"A","date":"2018-04-19T07:59:28.000Z","volume":7000,"label":" ","price":3.19},{"type":"A","date":"2018-04-19T07:59:34.000Z","volume":5000,"label":"Y","price":3.19},{"type":"A","date":"2018-04-19T07:59:34.000Z","volume":2000,"label":" ","price":3.19},{"type":"A","date":"2018-04-19T07:59:38.000Z","volume":3000,"label":" ","price":3.19},{"type":"A","date":"2018-04-19T07:59:42.000Z","volume":1000,"label":" ","price":3.19},{"type":"B","date":"2018-04-19T07:59:49.000Z","volume":9000,"label":" ","price":3.18},{"type":"B","date":"2018-04-19T07:59:49.000Z","volume":11000,"label":" ","price":3.17},{"type":"A","date":"2018-04-19T07:59:51.000Z","volume":10000,"label":" ","price":3.19},{"type":"A","date":"2018-04-19T07:59:51.000Z","volume":12000,"label":" ","price":3.19}]