[{"type":"U","date":"2018-03-23T01:20:00.000Z","volume":14520000,"label":"U","price":0.275},{"type":"B","date":"2018-03-23T01:30:03.000Z","volume":100000,"label":" ","price":0.27},{"type":"A","date":"2018-03-23T01:30:05.000Z","volume":300000,"label":" ","price":0.275},{"type":"A","date":"2018-03-23T01:30:05.000Z","volume":300000,"label":" ","price":0.275},{"type":"B","date":"2018-03-23T01:30:06.000Z","volume":900000,"label":" ","price":0.27},{"type":"A","date":"2018-03-23T01:30:08.000Z","volume":140000,"label":" ","price":0.275},{"type":"A","date":"2018-03-23T01:30:09.000Z","volume":40000,"label":" ","price":0.275},{"type":"B","date":"2018-03-23T01:30:10.000Z","volume":1020000,"label":"Y","price":0.27},{"type":"B","date":"2018-03-23T01:30:10.000Z","volume":3820000,"label":" ","price":0.27},{"type":"B","date":"2018-03-23T01:30:10.000Z","volume":700000,"label":" ","price":0.27},{"type":"A","date":"2018-03-23T01:30:12.000Z","volume":80000,"label":" ","price":0.275},{"type":"B","date":"2018-03-23T01:30:12.000Z","volume":80000,"label":" ","price":0.27},{"type":"B","date":"2018-03-23T01:30:17.000Z","volume":200000,"label":" ","price":0.27},{"type":"B","date":"2018-03-23T01:30:18.000Z","volume":360000,"label":" ","price":0.27},{"type":"B","date":"2018-03-23T01:30:18.000Z","volume":5640000,"label":" ","price":0.265},{"type":"A","date":"2018-03-23T01:30:18.000Z","volume":20000,"label":" ","price":0.27},{"type":"B","date":"2018-03-23T01:30:18.000Z","volume":180000,"label":" ","price":0.265},{"type":"B","date":"2018-03-23T01:30:19.000Z","volume":120000,"label":" ","price":0.265},{"type":"A","date":"2018-03-23T01:30:19.000Z","volume":200000,"label":" ","price":0.27},{"type":"A","date":"2018-03-23T01:30:19.000Z","volume":160000,"label":" ","price":0.27},{"type":"A","date":"2018-03-23T01:30:19.000Z","volume":160000,"label":" ","price":0.27},{"type":"A","date":"2018-03-23T01:30:20.000Z","volume":1000000,"label":" ","price":0.27},{"type":"A","date":"2018-03-23T01:30:20.000Z","volume":160000,"label":" ","price":0.27},{"type":"A","date":"2018-03-23T01:30:20.000Z","volume":160000,"label":" ","price":0.27},{"type":"A","date":"2018-03-23T01:30:34.000Z","volume":400000,"label":" ","price":0.27},{"type":"A","date":"2018-03-23T01:30:59.000Z","volume":200000,"label":" ","price":0.27},{"type":"B","date":"2018-03-23T01:31:21.000Z","volume":60000,"label":" ","price":0.265},{"type":"B","date":"2018-03-23T01:31:27.000Z","volume":60000,"label":" ","price":0.265},{"type":"B","date":"2018-03-23T01:31:29.000Z","volume":1500000,"label":" ","price":0.265},{"type":"B","date":"2018-03-23T01:31:33.000Z","volume":60000,"label":" ","price":0.265},{"type":"B","date":"2018-03-23T01:31:51.000Z","volume":120000,"label":" ","price":0.265},{"type":"B","date":"2018-03-23T01:31:57.000Z","volume":2000000,"label":" ","price":0.265},{"type":"B","date":"2018-03-23T01:31:58.000Z","volume":2520000,"label":" ","price":0.265},{"type":"A","date":"2018-03-23T01:31:59.000Z","volume":1000000,"label":" ","price":0.265},{"type":"A","date":"2018-03-23T01:31:59.000Z","volume":180000,"label":" ","price":0.265},{"type":"A","date":"2018-03-23T01:31:59.000Z","volume":140000,"label":" ","price":0.265},{"type":"A","date":"2018-03-23T01:32:00.000Z","volume":160000,"label":" ","price":0.265},{"type":"B","date":"2018-03-23T01:32:20.000Z","volume":100000,"label":" ","price":0.26},{"type":"A","date":"2018-03-23T01:32:31.000Z","volume":1000000,"label":" ","price":0.265},{"type":"A","date":"2018-03-23T01:32:33.000Z","volume":20000,"label":" ","price":0.265},{"type":"B","date":"2018-03-23T01:33:03.000Z","volume":300000,"label":" ","price":0.26},{"type":"B","date":"2018-03-23T01:33:27.000Z","volume":20000,"label":" ","price":0.26},{"type":"B","date":"2018-03-23T01:33:48.000Z","volume":20000,"label":" ","price":0.26},{"type":"B","date":"2018-03-23T01:33:53.000Z","volume":2000000,"label":" ","price":0.26},{"type":"A","date":"2018-03-23T01:34:07.000Z","volume":200000,"label":"Y","price":0.265},{"type":"B","date":"2018-03-23T01:34:28.000Z","volume":100000,"label":" ","price":0.26},{"type":"B","date":"2018-03-23T01:34:43.000Z","volume":500000,"label":" ","price":0.26},{"type":"B","date":"2018-03-23T01:34:45.000Z","volume":40000,"label":" ","price":0.26},{"type":"B","date":"2018-03-23T01:34:48.000Z","volume":300000,"label":" ","price":0.26},{"type":"A","date":"2018-03-23T01:34:48.000Z","volume":180000,"label":" ","price":0.265},{"type":"B","date":"2018-03-23T01:35:02.000Z","volume":500000,"label":" ","price":0.26},{"type":"B","date":"2018-03-23T01:35:10.000Z","volume":100000,"label":" ","price":0.26},{"type":"B","date":"2018-03-23T01:36:19.000Z","volume":500000,"label":" ","price":0.26},{"type":"B","date":"2018-03-23T01:36:38.000Z","volume":600000,"label":" ","price":0.26},{"type":"B","date":"2018-03-23T01:37:10.000Z","volume":860000,"label":" ","price":0.26},{"type":"B","date":"2018-03-23T01:37:30.000Z","volume":20000,"label":" ","price":0.26},{"type":"A","date":"2018-03-23T01:37:38.000Z","volume":60000,"label":" ","price":0.265},{"type":"A","date":"2018-03-23T01:38:04.000Z","volume":20000,"label":" ","price":0.265},{"type":"A","date":"2018-03-23T01:38:07.000Z","volume":200000,"label":" ","price":0.265},{"type":"A","date":"2018-03-23T01:38:07.000Z","volume":180000,"label":" ","price":0.265},{"type":"A","date":"2018-03-23T01:38:10.000Z","volume":1000000,"label":" ","price":0.265},{"type":"B","date":"2018-03-23T01:38:25.000Z","volume":160000,"label":" ","price":0.26},{"type":"A","date":"2018-03-23T01:38:40.000Z","volume":220000,"label":" ","price":0.265},{"type":"A","date":"2018-03-23T01:38:42.000Z","volume":500000,"label":" ","price":0.265},{"type":"A","date":"2018-03-23T01:39:11.000Z","volume":100000,"label":"Y","price":0.265},{"type":"B","date":"2018-03-23T01:39:20.000Z","volume":100000,"label":" ","price":0.26},{"type":"B","date":"2018-03-23T01:40:11.000Z","volume":60000,"label":" ","price":0.26},{"type":"A","date":"2018-03-23T01:40:43.000Z","volume":500000,"label":" ","price":0.265},{"type":"B","date":"2018-03-23T01:40:52.000Z","volume":80000,"label":" ","price":0.26},{"type":"B","date":"2018-03-23T01:41:46.000Z","volume":20000,"label":" ","price":0.26},{"type":"B","date":"2018-03-23T01:41:59.000Z","volume":120000,"label":" ","price":0.26},{"type":"B","date":"2018-03-23T01:42:05.000Z","volume":60000,"label":" ","price":0.26},{"type":"A","date":"2018-03-23T01:42:05.000Z","volume":180000,"label":" ","price":0.265},{"type":"B","date":"2018-03-23T01:42:45.000Z","volume":200000,"label":" ","price":0.26},{"type":"A","date":"2018-03-23T01:43:12.000Z","volume":60000,"label":" ","price":0.265},{"type":"B","date":"2018-03-23T01:43:24.000Z","volume":2200000,"label":" ","price":0.26},{"type":"A","date":"2018-03-23T01:43:45.000Z","volume":400000,"label":" ","price":0.265},{"type":"B","date":"2018-03-23T01:43:54.000Z","volume":200000,"label":" ","price":0.26},{"type":"B","date":"2018-03-23T01:44:55.000Z","volume":500000,"label":" ","price":0.26},{"type":"B","date":"2018-03-23T01:45:14.000Z","volume":1700000,"label":" ","price":0.26},{"type":"A","date":"2018-03-23T01:48:13.000Z","volume":40000,"label":" ","price":0.265},{"type":"B","date":"2018-03-23T01:48:18.000Z","volume":20000,"label":" ","price":0.26},{"type":"B","date":"2018-03-23T01:48:29.000Z","volume":800000,"label":" ","price":0.26},{"type":"A","date":"2018-03-23T01:49:00.000Z","volume":40000,"label":" ","price":0.265},{"type":"A","date":"2018-03-23T01:52:01.000Z","volume":200000,"label":" ","price":0.265},{"type":"B","date":"2018-03-23T01:52:02.000Z","volume":200000,"label":" ","price":0.26},{"type":"B","date":"2018-03-23T01:53:03.000Z","volume":60000,"label":" ","price":0.26},{"type":"A","date":"2018-03-23T01:53:03.000Z","volume":160000,"label":" ","price":0.265},{"type":"A","date":"2018-03-23T01:54:09.000Z","volume":260000,"label":"Y","price":0.265},{"type":"A","date":"2018-03-23T01:54:09.000Z","volume":240000,"label":" ","price":0.265},{"type":"A","date":"2018-03-23T01:54:31.000Z","volume":120000,"label":" ","price":0.265},{"type":"A","date":"2018-03-23T01:54:35.000Z","volume":60000,"label":" ","price":0.265},{"type":"A","date":"2018-03-23T01:54:47.000Z","volume":60000,"label":" ","price":0.265},{"type":"A","date":"2018-03-23T01:56:10.000Z","volume":100000,"label":" ","price":0.265},{"type":"A","date":"2018-03-23T01:56:28.000Z","volume":340000,"label":" ","price":0.265},{"type":"A","date":"2018-03-23T01:57:20.000Z","volume":200000,"label":" ","price":0.265},{"type":"A","date":"2018-03-23T01:57:21.000Z","volume":20000,"label":"Y","price":0.265},{"type":"A","date":"2018-03-23T01:57:21.000Z","volume":1280000,"label":" ","price":0.265},{"type":"A","date":"2018-03-23T01:57:32.000Z","volume":60000,"label":" ","price":0.265},{"type":"B","date":"2018-03-23T01:57:39.000Z","volume":40000,"label":" ","price":0.26},{"type":"A","date":"2018-03-23T01:57:39.000Z","volume":180000,"label":" ","price":0.265},{"type":"A","date":"2018-03-23T01:57:48.000Z","volume":600000,"label":" ","price":0.265},{"type":"A","date":"2018-03-23T01:57:53.000Z","volume":200000,"label":" ","price":0.265},{"type":"A","date":"2018-03-23T01:57:58.000Z","volume":200000,"label":" ","price":0.265},{"type":"A","date":"2018-03-23T01:58:13.000Z","volume":300000,"label":" ","price":0.265},{"type":"A","date":"2018-03-23T01:58:35.000Z","volume":40000,"label":" ","price":0.265},{"type":"A","date":"2018-03-23T01:59:31.000Z","volume":100000,"label":" ","price":0.265},{"type":"A","date":"2018-03-23T01:59:34.000Z","volume":1240000,"label":" ","price":0.265},{"type":"A","date":"2018-03-23T02:00:11.000Z","volume":20000,"label":"Y","price":0.265},{"type":"A","date":"2018-03-23T02:02:03.000Z","volume":560000,"label":" ","price":0.265},{"type":"A","date":"2018-03-23T02:02:03.000Z","volume":180000,"label":" ","price":0.265},{"type":"B","date":"2018-03-23T02:02:15.000Z","volume":80000,"label":" ","price":0.26},{"type":"A","date":"2018-03-23T02:02:20.000Z","volume":1000000,"label":" ","price":0.265},{"type":"A","date":"2018-03-23T02:02:51.000Z","volume":1000000,"label":" ","price":0.265},{"type":"A","date":"2018-03-23T02:03:17.000Z","volume":600000,"label":" ","price":0.265},{"type":"A","date":"2018-03-23T02:03:18.000Z","volume":60000,"label":" ","price":0.265},{"type":"A","date":"2018-03-23T02:03:18.000Z","volume":180000,"label":" ","price":0.265},{"type":"A","date":"2018-03-23T02:03:20.000Z","volume":140000,"label":" ","price":0.265},{"type":"A","date":"2018-03-23T02:03:40.000Z","volume":20000,"label":" ","price":0.265},{"type":"A","date":"2018-03-23T02:03:42.000Z","volume":200000,"label":" ","price":0.265},{"type":"A","date":"2018-03-23T02:03:46.000Z","volume":9100000,"label":" ","price":0.265},{"type":"A","date":"2018-03-23T02:03:46.000Z","volume":640000,"label":" ","price":0.27},{"type":"A","date":"2018-03-23T02:03:47.000Z","volume":180000,"label":" ","price":0.27},{"type":"B","date":"2018-03-23T02:03:53.000Z","volume":120000,"label":" ","price":0.265},{"type":"B","date":"2018-03-23T02:05:50.000Z","volume":100000,"label":" ","price":0.265},{"type":"B","date":"2018-03-23T02:06:27.000Z","volume":100000,"label":" ","price":0.265},{"type":"B","date":"2018-03-23T02:06:37.000Z","volume":500000,"label":" ","price":0.265},{"type":"B","date":"2018-03-23T02:08:40.000Z","volume":60000,"label":" ","price":0.265},{"type":"A","date":"2018-03-23T02:09:57.000Z","volume":80000,"label":" ","price":0.27},{"type":"A","date":"2018-03-23T02:10:24.000Z","volume":80000,"label":" ","price":0.27},{"type":"B","date":"2018-03-23T02:11:32.000Z","volume":1000000,"label":" ","price":0.265},{"type":"A","date":"2018-03-23T02:11:48.000Z","volume":40000,"label":" ","price":0.27},{"type":"A","date":"2018-03-23T02:13:34.000Z","volume":40000,"label":" ","price":0.27},{"type":"A","date":"2018-03-23T02:14:04.000Z","volume":20000,"label":" ","price":0.27},{"type":"A","date":"2018-03-23T02:17:00.000Z","volume":20000,"label":" ","price":0.27},{"type":"A","date":"2018-03-23T02:17:00.000Z","volume":160000,"label":" ","price":0.27},{"type":"A","date":"2018-03-23T02:17:20.000Z","volume":180000,"label":" ","price":0.27},{"type":"B","date":"2018-03-23T02:18:19.000Z","volume":460000,"label":" ","price":0.265},{"type":"A","date":"2018-03-23T02:18:20.000Z","volume":20000,"label":" ","price":0.27},{"type":"A","date":"2018-03-23T02:18:20.000Z","volume":200000,"label":" ","price":0.27},{"type":"B","date":"2018-03-23T02:20:49.000Z","volume":240000,"label":" ","price":0.265},{"type":"A","date":"2018-03-23T02:20:51.000Z","volume":680000,"label":" ","price":0.27},{"type":"A","date":"2018-03-23T02:24:06.000Z","volume":80000,"label":" ","price":0.27},{"type":"B","date":"2018-03-23T02:26:26.000Z","volume":7680000,"label":" ","price":0.265},{"type":"B","date":"2018-03-23T02:26:35.000Z","volume":1500000,"label":" ","price":0.265},{"type":"B","date":"2018-03-23T02:28:10.000Z","volume":60000,"label":" ","price":0.265},{"type":"A","date":"2018-03-23T02:30:08.000Z","volume":180000,"label":" ","price":0.27},{"type":"B","date":"2018-03-23T02:30:45.000Z","volume":280000,"label":" ","price":0.265},{"type":"B","date":"2018-03-23T02:30:45.000Z","volume":20000,"label":" ","price":0.265},{"type":"A","date":"2018-03-23T02:30:59.000Z","volume":100000,"label":" ","price":0.265},{"type":"A","date":"2018-03-23T02:30:59.000Z","volume":80000,"label":" ","price":0.265},{"type":"A","date":"2018-03-23T02:31:16.000Z","volume":1000000,"label":" ","price":0.265},{"type":"A","date":"2018-03-23T02:35:08.000Z","volume":160000,"label":" ","price":0.265},{"type":"A","date":"2018-03-23T02:35:41.000Z","volume":240000,"label":" ","price":0.265},{"type":"A","date":"2018-03-23T02:35:53.000Z","volume":40000,"label":" ","price":0.265},{"type":"A","date":"2018-03-23T02:36:39.000Z","volume":100000,"label":" ","price":0.265},{"type":"A","date":"2018-03-23T02:36:49.000Z","volume":120000,"label":" ","price":0.265},{"type":"A","date":"2018-03-23T02:37:31.000Z","volume":100000,"label":"Y","price":0.265},{"type":"A","date":"2018-03-23T02:37:31.000Z","volume":600000,"label":" ","price":0.265},{"type":"A","date":"2018-03-23T02:37:31.000Z","volume":40000,"label":" ","price":0.265},{"type":"A","date":"2018-03-23T02:39:59.000Z","volume":20000,"label":" ","price":0.265},{"type":"A","date":"2018-03-23T02:40:37.000Z","volume":20000,"label":"Y","price":0.265},{"type":"B","date":"2018-03-23T02:40:51.000Z","volume":360000,"label":" ","price":0.265},{"type":"B","date":"2018-03-23T02:42:21.000Z","volume":180000,"label":" ","price":0.265},{"type":"A","date":"2018-03-23T02:42:21.000Z","volume":120000,"label":" ","price":0.265},{"type":"A","date":"2018-03-23T02:42:35.000Z","volume":1220000,"label":" ","price":0.265},{"type":"B","date":"2018-03-23T02:43:17.000Z","volume":100000,"label":" ","price":0.265},{"type":"B","date":"2018-03-23T02:43:50.000Z","volume":80000,"label":"Y","price":0.265},{"type":"B","date":"2018-03-23T02:45:19.000Z","volume":200000,"label":" ","price":0.265},{"type":"B","date":"2018-03-23T02:52:22.000Z","volume":40000,"label":" ","price":0.265},{"type":"B","date":"2018-03-23T02:52:59.000Z","volume":940000,"label":"Y","price":0.265},{"type":"B","date":"2018-03-23T02:52:59.000Z","volume":2360000,"label":" ","price":0.265},{"type":"B","date":"2018-03-23T02:54:42.000Z","volume":200000,"label":" ","price":0.265},{"type":"B","date":"2018-03-23T02:55:09.000Z","volume":200000,"label":" ","price":0.265},{"type":"A","date":"2018-03-23T03:03:53.000Z","volume":180000,"label":" ","price":0.27},{"type":"B","date":"2018-03-23T03:09:16.000Z","volume":2160000,"label":"Y","price":0.265},{"type":"B","date":"2018-03-23T03:09:16.000Z","volume":2840000,"label":" ","price":0.265},{"type":"A","date":"2018-03-23T03:11:00.000Z","volume":20000,"label":" ","price":0.27},{"type":"B","date":"2018-03-23T03:17:41.000Z","volume":300000,"label":" ","price":0.265},{"type":"A","date":"2018-03-23T03:17:50.000Z","volume":20000,"label":" ","price":0.27},{"type":"A","date":"2018-03-23T03:19:34.000Z","volume":100000,"label":" ","price":0.27},{"type":"A","date":"2018-03-23T03:21:23.000Z","volume":180000,"label":" ","price":0.27},{"type":"A","date":"2018-03-23T03:24:00.000Z","volume":100000,"label":" ","price":0.27},{"type":"B","date":"2018-03-23T03:28:37.000Z","volume":160000,"label":" ","price":0.265},{"type":"B","date":"2018-03-23T03:31:09.000Z","volume":300000,"label":" ","price":0.265},{"type":"B","date":"2018-03-23T03:31:41.000Z","volume":20000,"label":" ","price":0.265},{"type":"A","date":"2018-03-23T03:35:00.000Z","volume":20000,"label":" ","price":0.27},{"type":"B","date":"2018-03-23T03:36:06.000Z","volume":20000,"label":" ","price":0.265},{"type":"B","date":"2018-03-23T03:40:41.000Z","volume":200000,"label":" ","price":0.265},{"type":"B","date":"2018-03-23T03:41:44.000Z","volume":280000,"label":"Y","price":0.265},{"type":"B","date":"2018-03-23T03:41:44.000Z","volume":1220000,"label":" ","price":0.265},{"type":"B","date":"2018-03-23T03:44:04.000Z","volume":100000,"label":" ","price":0.265},{"type":"B","date":"2018-03-23T03:44:34.000Z","volume":600000,"label":"Y","price":0.265},{"type":"A","date":"2018-03-23T03:44:34.000Z","volume":180000,"label":" ","price":0.27},{"type":"B","date":"2018-03-23T03:49:44.000Z","volume":100000,"label":" ","price":0.265},{"type":"B","date":"2018-03-23T03:51:29.000Z","volume":320000,"label":" ","price":0.265},{"type":"A","date":"2018-03-23T03:55:09.000Z","volume":100000,"label":" ","price":0.27},{"type":"B","date":"2018-03-23T03:55:16.000Z","volume":380000,"label":"Y","price":0.265},{"type":"B","date":"2018-03-23T03:55:16.000Z","volume":540000,"label":" ","price":0.265},{"type":"A","date":"2018-03-23T03:55:16.000Z","volume":100000,"label":" ","price":0.265},{"type":"A","date":"2018-03-23T03:55:16.000Z","volume":480000,"label":" ","price":0.265},{"type":"A","date":"2018-03-23T03:55:20.000Z","volume":100000,"label":" ","price":0.265},{"type":"A","date":"2018-03-23T03:57:50.000Z","volume":200000,"label":" ","price":0.265},{"type":"A","date":"2018-03-23T03:59:09.000Z","volume":500000,"label":" ","price":0.265},{"type":"A","date":"2018-03-23T03:59:10.000Z","volume":120000,"label":" ","price":0.265},{"type":"A","date":"2018-03-23T03:59:11.000Z","volume":40000,"label":" ","price":0.265},{"type":"A","date":"2018-03-23T05:00:00.000Z","volume":400000,"label":" ","price":0.265},{"type":"A","date":"2018-03-23T05:00:00.000Z","volume":220000,"label":" ","price":0.265},{"type":"B","date":"2018-03-23T05:00:09.000Z","volume":80000,"label":" ","price":0.265},{"type":"B","date":"2018-03-23T05:01:25.000Z","volume":380000,"label":" ","price":0.265},{"type":"A","date":"2018-03-23T05:01:26.000Z","volume":120000,"label":" ","price":0.265},{"type":"B","date":"2018-03-23T05:01:36.000Z","volume":20000,"label":" ","price":0.26},{"type":"B","date":"2018-03-23T05:03:29.000Z","volume":20000,"label":" ","price":0.26},{"type":"B","date":"2018-03-23T05:05:46.000Z","volume":200000,"label":" ","price":0.26},{"type":"B","date":"2018-03-23T05:12:13.000Z","volume":20000,"label":" ","price":0.26},{"type":"A","date":"2018-03-23T05:20:28.000Z","volume":40000,"label":" ","price":0.265},{"type":"B","date":"2018-03-23T05:21:06.000Z","volume":1800000,"label":" ","price":0.26},{"type":"B","date":"2018-03-23T05:23:06.000Z","volume":100000,"label":" ","price":0.26},{"type":"A","date":"2018-03-23T05:29:00.000Z","volume":20000,"label":" ","price":0.265},{"type":"A","date":"2018-03-23T05:30:13.000Z","volume":5000000,"label":" ","price":0.265},{"type":"A","date":"2018-03-23T05:30:13.000Z","volume":160000,"label":" ","price":0.265},{"type":"A","date":"2018-03-23T05:30:14.000Z","volume":80000,"label":" ","price":0.265},{"type":"B","date":"2018-03-23T05:32:31.000Z","volume":180000,"label":" ","price":0.26},{"type":"A","date":"2018-03-23T05:38:53.000Z","volume":20000,"label":" ","price":0.265},{"type":"B","date":"2018-03-23T05:41:34.000Z","volume":80000,"label":" ","price":0.26},{"type":"A","date":"2018-03-23T05:44:57.000Z","volume":180000,"label":" ","price":0.265},{"type":"A","date":"2018-03-23T05:59:00.000Z","volume":20000,"label":" ","price":0.265},{"type":"A","date":"2018-03-23T05:59:00.000Z","volume":160000,"label":" ","price":0.265},{"type":"B","date":"2018-03-23T06:00:30.000Z","volume":80000,"label":" ","price":0.26},{"type":"B","date":"2018-03-23T06:01:09.000Z","volume":600000,"label":" ","price":0.26},{"type":"A","date":"2018-03-23T06:04:19.000Z","volume":180000,"label":" ","price":0.265},{"type":"B","date":"2018-03-23T06:07:40.000Z","volume":700000,"label":" ","price":0.26},{"type":"B","date":"2018-03-23T06:08:51.000Z","volume":40000,"label":" ","price":0.26},{"type":"A","date":"2018-03-23T06:08:51.000Z","volume":180000,"label":" ","price":0.265},{"type":"A","date":"2018-03-23T06:08:51.000Z","volume":200000,"label":" ","price":0.265},{"type":"B","date":"2018-03-23T06:17:01.000Z","volume":100000,"label":" ","price":0.26},{"type":"B","date":"2018-03-23T06:17:28.000Z","volume":2020000,"label":" ","price":0.26},{"type":"B","date":"2018-03-23T06:18:07.000Z","volume":80000,"label":" ","price":0.26},{"type":"A","date":"2018-03-23T06:18:07.000Z","volume":180000,"label":" ","price":0.265},{"type":"A","date":"2018-03-23T06:18:07.000Z","volume":180000,"label":" ","price":0.265},{"type":"A","date":"2018-03-23T06:19:48.000Z","volume":200000,"label":" ","price":0.265},{"type":"B","date":"2018-03-23T06:19:48.000Z","volume":200000,"label":" ","price":0.26},{"type":"B","date":"2018-03-23T06:20:58.000Z","volume":80000,"label":" ","price":0.26},{"type":"A","date":"2018-03-23T06:21:58.000Z","volume":500000,"label":" ","price":0.265},{"type":"A","date":"2018-03-23T06:23:00.000Z","volume":20000,"label":" ","price":0.265},{"type":"B","date":"2018-03-23T06:23:10.000Z","volume":100000,"label":" ","price":0.26},{"type":"B","date":"2018-03-23T06:24:59.000Z","volume":320000,"label":" ","price":0.26},{"type":"B","date":"2018-03-23T06:26:00.000Z","volume":80000,"label":" ","price":0.26},{"type":"B","date":"2018-03-23T06:26:04.000Z","volume":200000,"label":"Y","price":0.26},{"type":"B","date":"2018-03-23T06:26:07.000Z","volume":2000000,"label":" ","price":0.26},{"type":"B","date":"2018-03-23T06:27:09.000Z","volume":20000,"label":" ","price":0.26},{"type":"A","date":"2018-03-23T06:27:09.000Z","volume":160000,"label":" ","price":0.265},{"type":"A","date":"2018-03-23T06:27:09.000Z","volume":180000,"label":" ","price":0.265},{"type":"A","date":"2018-03-23T06:27:31.000Z","volume":20000,"label":" ","price":0.265},{"type":"A","date":"2018-03-23T06:27:40.000Z","volume":200000,"label":" ","price":0.265},{"type":"B","date":"2018-03-23T06:27:49.000Z","volume":180000,"label":" ","price":0.26},{"type":"B","date":"2018-03-23T06:35:57.000Z","volume":1000000,"label":" ","price":0.26},{"type":"A","date":"2018-03-23T06:35:57.000Z","volume":200000,"label":" ","price":0.265},{"type":"A","date":"2018-03-23T06:41:02.000Z","volume":40000,"label":" ","price":0.265},{"type":"A","date":"2018-03-23T06:42:52.000Z","volume":100000,"label":" ","price":0.265},{"type":"A","date":"2018-03-23T06:47:00.000Z","volume":20000,"label":" ","price":0.265},{"type":"A","date":"2018-03-23T06:49:43.000Z","volume":200000,"label":" ","price":0.265},{"type":"B","date":"2018-03-23T06:50:06.000Z","volume":100000,"label":" ","price":0.26},{"type":"A","date":"2018-03-23T06:52:30.000Z","volume":40000,"label":" ","price":0.265},{"type":"A","date":"2018-03-23T07:02:52.000Z","volume":40000,"label":" ","price":0.265},{"type":"A","date":"2018-03-23T07:02:52.000Z","volume":180000,"label":" ","price":0.265},{"type":"A","date":"2018-03-23T07:02:57.000Z","volume":20000,"label":" ","price":0.265},{"type":"A","date":"2018-03-23T07:02:57.000Z","volume":100000,"label":" ","price":0.265},{"type":"A","date":"2018-03-23T07:04:01.000Z","volume":40000,"label":" ","price":0.265},{"type":"B","date":"2018-03-23T07:11:10.000Z","volume":20000,"label":" ","price":0.26},{"type":"B","date":"2018-03-23T07:11:46.000Z","volume":1000000,"label":" ","price":0.26},{"type":"B","date":"2018-03-23T07:12:05.000Z","volume":60000,"label":" ","price":0.26},{"type":"A","date":"2018-03-23T07:13:26.000Z","volume":40000,"label":" ","price":0.265},{"type":"A","date":"2018-03-23T07:16:55.000Z","volume":160000,"label":" ","price":0.265},{"type":"A","date":"2018-03-23T07:17:00.000Z","volume":20000,"label":" ","price":0.265},{"type":"A","date":"2018-03-23T07:17:10.000Z","volume":20000,"label":" ","price":0.265},{"type":"B","date":"2018-03-23T07:18:26.000Z","volume":200000,"label":"Y","price":0.26},{"type":"A","date":"2018-03-23T07:21:53.000Z","volume":60000,"label":" ","price":0.265},{"type":"A","date":"2018-03-23T07:23:02.000Z","volume":40000,"label":" ","price":0.265},{"type":"B","date":"2018-03-23T07:25:50.000Z","volume":100000,"label":" ","price":0.26},{"type":"A","date":"2018-03-23T07:28:17.000Z","volume":700000,"label":"Y","price":0.265},{"type":"A","date":"2018-03-23T07:28:17.000Z","volume":7300000,"label":" ","price":0.265},{"type":"A","date":"2018-03-23T07:28:17.000Z","volume":40000,"label":" ","price":0.265},{"type":"A","date":"2018-03-23T07:28:17.000Z","volume":40000,"label":" ","price":0.265},{"type":"A","date":"2018-03-23T07:28:19.000Z","volume":180000,"label":" ","price":0.265},{"type":"A","date":"2018-03-23T07:33:15.000Z","volume":40000,"label":" ","price":0.265},{"type":"A","date":"2018-03-23T07:39:11.000Z","volume":200000,"label":" ","price":0.265},{"type":"A","date":"2018-03-23T07:39:18.000Z","volume":40000,"label":" ","price":0.265},{"type":"A","date":"2018-03-23T07:40:33.000Z","volume":20000,"label":" ","price":0.265},{"type":"A","date":"2018-03-23T07:40:40.000Z","volume":20000,"label":" ","price":0.265},{"type":"A","date":"2018-03-23T07:41:00.000Z","volume":20000,"label":" ","price":0.265},{"type":"A","date":"2018-03-23T07:41:00.000Z","volume":40000,"label":" ","price":0.265},{"type":"A","date":"2018-03-23T07:41:00.000Z","volume":180000,"label":" ","price":0.265},{"type":"A","date":"2018-03-23T07:41:05.000Z","volume":40000,"label":" ","price":0.265},{"type":"B","date":"2018-03-23T07:43:35.000Z","volume":500000,"label":" ","price":0.26},{"type":"A","date":"2018-03-23T07:44:03.000Z","volume":300000,"label":" ","price":0.265},{"type":"A","date":"2018-03-23T07:44:10.000Z","volume":60000,"label":" ","price":0.265},{"type":"A","date":"2018-03-23T07:47:02.000Z","volume":20000,"label":" ","price":0.265},{"type":"A","date":"2018-03-23T07:48:20.000Z","volume":20000,"label":" ","price":0.265},{"type":"A","date":"2018-03-23T07:48:20.000Z","volume":20000,"label":" ","price":0.265},{"type":"A","date":"2018-03-23T07:51:53.000Z","volume":300000,"label":" ","price":0.265},{"type":"A","date":"2018-03-23T07:51:57.000Z","volume":60000,"label":" ","price":0.265},{"type":"A","date":"2018-03-23T07:51:57.000Z","volume":180000,"label":" ","price":0.265},{"type":"A","date":"2018-03-23T07:51:57.000Z","volume":160000,"label":" ","price":0.265},{"type":"A","date":"2018-03-23T07:52:02.000Z","volume":60000,"label":" ","price":0.265},{"type":"A","date":"2018-03-23T07:52:05.000Z","volume":1760000,"label":" ","price":0.265},{"type":"A","date":"2018-03-23T07:52:07.000Z","volume":120000,"label":" ","price":0.27},{"type":"B","date":"2018-03-23T07:53:57.000Z","volume":1300000,"label":" ","price":0.265},{"type":"A","date":"2018-03-23T07:54:00.000Z","volume":20000,"label":" ","price":0.27},{"type":"A","date":"2018-03-23T07:54:03.000Z","volume":140000,"label":" ","price":0.27},{"type":"B","date":"2018-03-23T07:54:17.000Z","volume":1000000,"label":" ","price":0.265},{"type":"A","date":"2018-03-23T07:56:56.000Z","volume":100000,"label":"Y","price":0.27},{"type":"B","date":"2018-03-23T07:57:09.000Z","volume":840000,"label":" ","price":0.265},{"type":"B","date":"2018-03-23T07:59:00.000Z","volume":60000,"label":" ","price":0.265},{"type":"U","date":"2018-03-23T08:08:12.000Z","volume":480000,"label":"U","price":0.265}]