[{"type":"U","date":"2018-04-19T01:20:00.000Z","volume":34000,"label":"U","price":0.9},{"type":"B","date":"2018-04-19T01:34:11.000Z","volume":50000,"label":" ","price":0.89},{"type":"A","date":"2018-04-19T01:35:46.000Z","volume":100000,"label":" ","price":0.9},{"type":"A","date":"2018-04-19T01:48:23.000Z","volume":250000,"label":" ","price":0.9},{"type":"A","date":"2018-04-19T01:48:29.000Z","volume":60000,"label":" ","price":0.9},{"type":"A","date":"2018-04-19T01:48:33.000Z","volume":20000,"label":" ","price":0.9},{"type":"A","date":"2018-04-19T01:48:38.000Z","volume":20000,"label":" ","price":0.9},{"type":"A","date":"2018-04-19T01:48:48.000Z","volume":6000,"label":" ","price":0.9},{"type":"U","date":"2018-04-19T01:48:59.000Z","volume":1000,"label":"D","price":0.86},{"type":"B","date":"2018-04-19T01:49:12.000Z","volume":2000,"label":" ","price":0.9},{"type":"B","date":"2018-04-19T01:55:22.000Z","volume":50000,"label":" ","price":0.9},{"type":"B","date":"2018-04-19T02:00:55.000Z","volume":12000,"label":" ","price":0.9},{"type":"A","date":"2018-04-19T02:01:26.000Z","volume":14000,"label":" ","price":0.91},{"type":"A","date":"2018-04-19T02:02:31.000Z","volume":30000,"label":" ","price":0.91},{"type":"A","date":"2018-04-19T02:15:00.000Z","volume":1000000,"label":" ","price":0.91},{"type":"A","date":"2018-04-19T02:15:16.000Z","volume":500000,"label":" ","price":0.91},{"type":"A","date":"2018-04-19T02:16:13.000Z","volume":20000,"label":" ","price":0.91},{"type":"B","date":"2018-04-19T02:16:39.000Z","volume":50000,"label":" ","price":0.9},{"type":"B","date":"2018-04-19T02:17:58.000Z","volume":52000,"label":" ","price":0.9},{"type":"B","date":"2018-04-19T02:23:40.000Z","volume":100000,"label":" ","price":0.9},{"type":"A","date":"2018-04-19T02:29:48.000Z","volume":90000,"label":" ","price":0.91},{"type":"B","date":"2018-04-19T02:33:31.000Z","volume":30000,"label":" ","price":0.9},{"type":"B","date":"2018-04-19T02:46:31.000Z","volume":20000,"label":" ","price":0.9},{"type":"B","date":"2018-04-19T02:46:36.000Z","volume":106000,"label":"Y","price":0.9},{"type":"B","date":"2018-04-19T02:46:36.000Z","volume":366000,"label":" ","price":0.9},{"type":"A","date":"2018-04-19T02:46:43.000Z","volume":28000,"label":" ","price":0.9},{"type":"B","date":"2018-04-19T02:51:22.000Z","volume":10000,"label":" ","price":0.9},{"type":"B","date":"2018-04-19T02:51:41.000Z","volume":188000,"label":" ","price":0.9},{"type":"A","date":"2018-04-19T02:51:47.000Z","volume":12000,"label":" ","price":0.9},{"type":"B","date":"2018-04-19T02:57:51.000Z","volume":8000,"label":" ","price":0.9},{"type":"B","date":"2018-04-19T03:03:21.000Z","volume":2000,"label":" ","price":0.9},{"type":"B","date":"2018-04-19T03:05:41.000Z","volume":2000,"label":" ","price":0.9},{"type":"B","date":"2018-04-19T03:06:48.000Z","volume":20000,"label":" ","price":0.9},{"type":"B","date":"2018-04-19T03:10:48.000Z","volume":100000,"label":" ","price":0.9},{"type":"B","date":"2018-04-19T03:14:03.000Z","volume":60000,"label":" ","price":0.9},{"type":"B","date":"2018-04-19T03:17:25.000Z","volume":20000,"label":" ","price":0.9},{"type":"B","date":"2018-04-19T03:20:26.000Z","volume":10000,"label":" ","price":0.9},{"type":"B","date":"2018-04-19T03:31:18.000Z","volume":10000,"label":" ","price":0.9},{"type":"B","date":"2018-04-19T03:40:53.000Z","volume":4000,"label":" ","price":0.9},{"type":"U","date":"2018-04-19T03:41:42.000Z","volume":1000,"label":"D","price":0.87},{"type":"A","date":"2018-04-19T03:42:30.000Z","volume":2000,"label":" ","price":0.91},{"type":"A","date":"2018-04-19T03:49:35.000Z","volume":100000,"label":" ","price":0.91},{"type":"A","date":"2018-04-19T05:02:16.000Z","volume":50000,"label":" ","price":0.91},{"type":"A","date":"2018-04-19T05:17:23.000Z","volume":300000,"label":" ","price":0.91},{"type":"A","date":"2018-04-19T05:35:11.000Z","volume":40000,"label":" ","price":0.91},{"type":"B","date":"2018-04-19T05:38:09.000Z","volume":10000,"label":" ","price":0.9},{"type":"A","date":"2018-04-19T05:52:34.000Z","volume":346000,"label":" ","price":0.91},{"type":"B","date":"2018-04-19T05:56:52.000Z","volume":40000,"label":" ","price":0.9},{"type":"B","date":"2018-04-19T06:20:00.000Z","volume":24000,"label":" ","price":0.9},{"type":"B","date":"2018-04-19T06:28:57.000Z","volume":22000,"label":" ","price":0.9},{"type":"B","date":"2018-04-19T06:31:21.000Z","volume":30000,"label":" ","price":0.9},{"type":"B","date":"2018-04-19T06:34:46.000Z","volume":100000,"label":" ","price":0.9},{"type":"A","date":"2018-04-19T06:44:38.000Z","volume":2000,"label":" ","price":0.91},{"type":"B","date":"2018-04-19T06:47:02.000Z","volume":80000,"label":" ","price":0.9},{"type":"B","date":"2018-04-19T06:52:47.000Z","volume":400000,"label":" ","price":0.9},{"type":"B","date":"2018-04-19T06:52:52.000Z","volume":20000,"label":" ","price":0.9},{"type":"A","date":"2018-04-19T06:54:40.000Z","volume":100000,"label":" ","price":0.91},{"type":"A","date":"2018-04-19T06:59:37.000Z","volume":176000,"label":" ","price":0.91},{"type":"A","date":"2018-04-19T07:00:43.000Z","volume":30000,"label":" ","price":0.91},{"type":"B","date":"2018-04-19T07:02:23.000Z","volume":200000,"label":" ","price":0.9},{"type":"B","date":"2018-04-19T07:29:17.000Z","volume":50000,"label":" ","price":0.9},{"type":"A","date":"2018-04-19T07:35:19.000Z","volume":1024000,"label":" ","price":0.91},{"type":"A","date":"2018-04-19T07:35:24.000Z","volume":84000,"label":" ","price":0.91},{"type":"B","date":"2018-04-19T07:40:46.000Z","volume":14000,"label":" ","price":0.9},{"type":"A","date":"2018-04-19T07:44:10.000Z","volume":20000,"label":" ","price":0.91},{"type":"B","date":"2018-04-19T07:49:14.000Z","volume":2000,"label":" ","price":0.9},{"type":"A","date":"2018-04-19T07:55:05.000Z","volume":2000,"label":" ","price":0.91},{"type":"A","date":"2018-04-19T07:57:33.000Z","volume":6000,"label":" ","price":0.91},{"type":"A","date":"2018-04-19T07:58:29.000Z","volume":80000,"label":" ","price":0.91},{"type":"A","date":"2018-04-19T07:58:35.000Z","volume":144000,"label":" ","price":0.91},{"type":"A","date":"2018-04-19T07:59:18.000Z","volume":100000,"label":" ","price":0.91},{"type":"U","date":"2018-04-19T08:08:09.000Z","volume":210000,"label":"U","price":0.91}]