[{"type":"A","date":"2018-03-21T07:59:58.000Z","volume":101000,"price":4.55,"category":"ubbull"},{"type":"A","date":"2018-03-21T07:58:55.000Z","volume":336000,"price":4.56,"category":"ubbull"},{"type":"A","date":"2018-03-21T07:49:50.000Z","volume":327000,"price":4.57,"category":"ubbull"},{"type":"A","date":"2018-03-21T07:45:34.000Z","volume":104000,"price":4.57,"category":"ubbull"},{"type":"A","date":"2018-03-21T07:42:15.000Z","volume":250000,"price":4.57,"category":"ubbull"},{"type":"A","date":"2018-03-21T07:41:14.000Z","volume":170000,"price":4.57,"category":"ubbull"},{"type":"A","date":"2018-03-21T07:40:55.000Z","volume":241000,"price":4.57,"category":"ubbull"},{"type":"A","date":"2018-03-21T07:38:04.000Z","volume":105000,"price":4.57,"category":"ubbull"},{"type":"A","date":"2018-03-21T07:38:00.000Z","volume":217000,"price":4.57,"category":"ubbull"},{"type":"A","date":"2018-03-21T07:35:00.000Z","volume":202000,"price":4.57,"category":"ubbull"},{"type":"A","date":"2018-03-21T07:34:04.000Z","volume":105000,"price":4.57,"category":"ubbull"},{"type":"A","date":"2018-03-21T07:27:30.000Z","volume":95000,"price":4.57,"category":"ubbull"},{"type":"A","date":"2018-03-21T07:26:04.000Z","volume":105000,"price":4.58,"category":"ubbull"},{"type":"A","date":"2018-03-21T07:20:05.000Z","volume":158000,"price":4.58,"category":"ubbull"},{"type":"A","date":"2018-03-21T07:20:00.000Z","volume":164000,"price":4.58,"category":"ubbull"},{"type":"A","date":"2018-03-21T07:19:55.000Z","volume":150000,"price":4.58,"category":"ubbull"},{"type":"A","date":"2018-03-21T07:16:55.000Z","volume":104000,"price":4.58,"category":"ubbull"},{"type":"A","date":"2018-03-21T06:56:44.000Z","volume":86000,"price":4.6,"category":"ubbull"},{"type":"A","date":"2018-03-21T06:54:56.000Z","volume":261000,"price":4.59,"category":"ubbull"},{"type":"A","date":"2018-03-21T06:54:13.000Z","volume":644000,"price":4.59,"category":"ubbull"},{"type":"A","date":"2018-03-21T06:52:45.000Z","volume":249000,"price":4.59,"category":"ubbull"},{"type":"A","date":"2018-03-21T06:52:15.000Z","volume":187000,"price":4.59,"category":"ubbull"},{"type":"A","date":"2018-03-21T06:51:54.000Z","volume":277000,"price":4.58,"category":"ubbull"},{"type":"A","date":"2018-03-21T06:51:54.000Z","volume":3000000,"price":4.58,"category":"ubbull"},{"type":"A","date":"2018-03-21T06:51:54.000Z","volume":3000000,"price":4.58,"category":"ubbull"},{"type":"A","date":"2018-03-21T06:50:05.000Z","volume":178000,"price":4.58,"category":"ubbull"},{"type":"A","date":"2018-03-21T06:38:20.000Z","volume":383000,"price":4.58,"category":"ubbull"},{"type":"A","date":"2018-03-21T06:38:20.000Z","volume":1428000,"price":4.58,"category":"ubbull"},{"type":"A","date":"2018-03-21T06:36:59.000Z","volume":423000,"price":4.57,"category":"ubbull"},{"type":"A","date":"2018-03-21T06:24:18.000Z","volume":135000,"price":4.61,"category":"ubbull"},{"type":"A","date":"2018-03-21T06:24:18.000Z","volume":202000,"price":4.61,"category":"ubbull"},{"type":"A","date":"2018-03-21T06:22:30.000Z","volume":126000,"price":4.61,"category":"ubbull"},{"type":"A","date":"2018-03-21T06:21:36.000Z","volume":1191000,"price":4.6,"category":"ubbull"},{"type":"A","date":"2018-03-21T06:21:29.000Z","volume":150000,"price":4.6,"category":"ubbull"},{"type":"A","date":"2018-03-21T06:20:25.000Z","volume":134000,"price":4.6,"category":"ubbull"},{"type":"A","date":"2018-03-21T06:19:17.000Z","volume":1173000,"price":4.59,"category":"ubbull"},{"type":"A","date":"2018-03-21T06:19:17.000Z","volume":500000,"price":4.59,"category":"ubbull"},{"type":"A","date":"2018-03-21T06:16:30.000Z","volume":167000,"price":4.59,"category":"ubbull"},{"type":"A","date":"2018-03-21T06:15:13.000Z","volume":157000,"price":4.59,"category":"ubbull"},{"type":"A","date":"2018-03-21T06:13:50.000Z","volume":174000,"price":4.59,"category":"ubbull"},{"type":"A","date":"2018-03-21T06:13:45.000Z","volume":183000,"price":4.59,"category":"ubbull"},{"type":"A","date":"2018-03-21T06:13:12.000Z","volume":157000,"price":4.59,"category":"ubbull"},{"type":"A","date":"2018-03-21T06:13:12.000Z","volume":152000,"price":4.59,"category":"ubbull"},{"type":"A","date":"2018-03-21T06:08:05.000Z","volume":142000,"price":4.6,"category":"ubbull"},{"type":"A","date":"2018-03-21T06:05:05.000Z","volume":141000,"price":4.6,"category":"ubbull"},{"type":"A","date":"2018-03-21T06:03:54.000Z","volume":114000,"price":4.6,"category":"ubbull"},{"type":"A","date":"2018-03-21T06:02:10.000Z","volume":135000,"price":4.6,"category":"ubbull"},{"type":"A","date":"2018-03-21T05:53:27.000Z","volume":2652000,"price":4.6,"category":"ubbull"},{"type":"A","date":"2018-03-21T05:53:27.000Z","volume":1000000,"price":4.6,"category":"ubbull"},{"type":"A","date":"2018-03-21T05:52:05.000Z","volume":114000,"price":4.6,"category":"ubbull"},{"type":"A","date":"2018-03-21T05:49:25.000Z","volume":126000,"price":4.6,"category":"ubbull"},{"type":"A","date":"2018-03-21T05:45:35.000Z","volume":141000,"price":4.6,"category":"ubbull"},{"type":"A","date":"2018-03-21T05:44:35.000Z","volume":152000,"price":4.6,"category":"ubbull"},{"type":"A","date":"2018-03-21T05:39:40.000Z","volume":83000,"price":4.6,"category":"ubbull"},{"type":"A","date":"2018-03-21T05:38:40.000Z","volume":208000,"price":4.6,"category":"ubbull"},{"type":"A","date":"2018-03-21T05:34:40.000Z","volume":182000,"price":4.6,"category":"ubbull"},{"type":"A","date":"2018-03-21T05:28:06.000Z","volume":448000,"price":4.59,"category":"ubbull"},{"type":"A","date":"2018-03-21T05:28:06.000Z","volume":579000,"price":4.59,"category":"ubbull"},{"type":"A","date":"2018-03-21T05:28:06.000Z","volume":408000,"price":4.59,"category":"ubbull"},{"type":"A","date":"2018-03-21T05:28:06.000Z","volume":310000,"price":4.59,"category":"ubbull"},{"type":"A","date":"2018-03-21T05:25:40.000Z","volume":129000,"price":4.6,"category":"ubbull"},{"type":"A","date":"2018-03-21T05:24:51.000Z","volume":97000,"price":4.6,"category":"ubbull"},{"type":"A","date":"2018-03-21T05:23:00.000Z","volume":115000,"price":4.6,"category":"ubbull"},{"type":"A","date":"2018-03-21T05:22:00.000Z","volume":118000,"price":4.6,"category":"ubbull"},{"type":"A","date":"2018-03-21T05:17:35.000Z","volume":117000,"price":4.6,"category":"ubbull"},{"type":"A","date":"2018-03-21T05:10:30.000Z","volume":164000,"price":4.6,"category":"ubbull"},{"type":"A","date":"2018-03-21T05:03:25.000Z","volume":199000,"price":4.61,"category":"ubbull"},{"type":"A","date":"2018-03-21T05:00:00.000Z","volume":1464000,"price":4.61,"category":"ubbull"},{"type":"A","date":"2018-03-21T05:00:00.000Z","volume":1400000,"price":4.61,"category":"ubbull"},{"type":"A","date":"2018-03-21T03:59:39.000Z","volume":211000,"price":4.61,"category":"ubbull"},{"type":"A","date":"2018-03-21T03:59:38.000Z","volume":353000,"price":4.61,"category":"ubbull"},{"type":"A","date":"2018-03-21T03:57:59.000Z","volume":200000,"price":4.61,"category":"ubbull"},{"type":"A","date":"2018-03-21T03:57:37.000Z","volume":142000,"price":4.61,"category":"ubbull"},{"type":"A","date":"2018-03-21T03:57:35.000Z","volume":1192000,"price":4.6,"category":"ubbull"},{"type":"A","date":"2018-03-21T03:57:35.000Z","volume":290000,"price":4.6,"category":"ubbull"},{"type":"A","date":"2018-03-21T03:57:34.000Z","volume":133000,"price":4.6,"category":"ubbull"},{"type":"A","date":"2018-03-21T03:55:39.000Z","volume":91000,"price":4.6,"category":"ubbull"},{"type":"A","date":"2018-03-21T03:49:44.000Z","volume":73000,"price":4.6,"category":"ubbull"},{"type":"A","date":"2018-03-21T03:46:39.000Z","volume":103000,"price":4.6,"category":"ubbull"},{"type":"A","date":"2018-03-21T03:40:16.000Z","volume":277000,"price":4.6,"category":"ubbull"},{"type":"A","date":"2018-03-21T03:37:29.000Z","volume":318000,"price":4.6,"category":"ubbull"},{"type":"A","date":"2018-03-21T03:37:29.000Z","volume":191000,"price":4.6,"category":"ubbull"},{"type":"A","date":"2018-03-21T03:37:21.000Z","volume":677000,"price":4.59,"category":"ubbull"},{"type":"A","date":"2018-03-21T03:35:44.000Z","volume":200000,"price":4.59,"category":"ubbull"},{"type":"A","date":"2018-03-21T03:30:21.000Z","volume":334000,"price":4.6,"category":"ubbull"},{"type":"A","date":"2018-03-21T03:30:20.000Z","volume":735000,"price":4.6,"category":"ubbull"},{"type":"A","date":"2018-03-21T03:30:09.000Z","volume":132000,"price":4.61,"category":"ubbull"},{"type":"A","date":"2018-03-21T03:29:58.000Z","volume":103000,"price":4.61,"category":"ubbull"},{"type":"A","date":"2018-03-21T03:28:09.000Z","volume":109000,"price":4.61,"category":"ubbull"},{"type":"A","date":"2018-03-21T03:25:44.000Z","volume":123000,"price":4.61,"category":"ubbull"},{"type":"A","date":"2018-03-21T03:16:59.000Z","volume":528000,"price":4.61,"category":"ubbull"},{"type":"A","date":"2018-03-21T03:16:59.000Z","volume":500000,"price":4.61,"category":"ubbull"},{"type":"A","date":"2018-03-21T03:16:39.000Z","volume":128000,"price":4.61,"category":"ubbull"},{"type":"A","date":"2018-03-21T03:06:40.000Z","volume":1000000,"price":4.62,"category":"ubbull"},{"type":"A","date":"2018-03-21T03:05:23.000Z","volume":200000,"price":4.63,"category":"ubbull"},{"type":"A","date":"2018-03-21T03:04:37.000Z","volume":100000,"price":4.64,"category":"ubbull"},{"type":"A","date":"2018-03-21T03:02:39.000Z","volume":74000,"price":4.64,"category":"ubbull"},{"type":"A","date":"2018-03-21T03:02:39.000Z","volume":312000,"price":4.64,"category":"ubbull"},{"type":"A","date":"2018-03-21T03:01:59.000Z","volume":230000,"price":4.64,"category":"ubbull"},{"type":"A","date":"2018-03-21T03:01:51.000Z","volume":767000,"price":4.63,"category":"ubbull"},{"type":"A","date":"2018-03-21T03:01:51.000Z","volume":436000,"price":4.63,"category":"ubbull"},{"type":"A","date":"2018-03-21T03:01:50.000Z","volume":342000,"price":4.62,"category":"ubbull"},{"type":"A","date":"2018-03-21T03:01:50.000Z","volume":170000,"price":4.62,"category":"ubbull"},{"type":"A","date":"2018-03-21T03:01:50.000Z","volume":170000,"price":4.62,"category":"ubbull"},{"type":"A","date":"2018-03-21T03:01:50.000Z","volume":1117000,"price":4.62,"category":"ubbull"},{"type":"A","date":"2018-03-21T02:59:39.000Z","volume":166000,"price":4.62,"category":"ubbull"},{"type":"A","date":"2018-03-21T02:58:34.000Z","volume":177000,"price":4.62,"category":"ubbull"},{"type":"A","date":"2018-03-21T02:55:39.000Z","volume":181000,"price":4.62,"category":"ubbull"},{"type":"A","date":"2018-03-21T02:50:31.000Z","volume":90000,"price":4.62,"category":"ubbull"},{"type":"A","date":"2018-03-21T02:49:39.000Z","volume":160000,"price":4.62,"category":"ubbull"},{"type":"A","date":"2018-03-21T02:43:44.000Z","volume":172000,"price":4.62,"category":"ubbull"},{"type":"A","date":"2018-03-21T02:34:10.000Z","volume":131000,"price":4.61,"category":"ubbull"},{"type":"A","date":"2018-03-21T02:34:09.000Z","volume":144000,"price":4.61,"category":"ubbull"},{"type":"A","date":"2018-03-21T02:32:31.000Z","volume":140000,"price":4.61,"category":"ubbull"},{"type":"A","date":"2018-03-21T02:32:30.000Z","volume":158000,"price":4.6,"category":"ubbull"},{"type":"A","date":"2018-03-21T02:32:30.000Z","volume":87000,"price":4.6,"category":"ubbull"},{"type":"A","date":"2018-03-21T02:32:30.000Z","volume":922000,"price":4.6,"category":"ubbull"},{"type":"A","date":"2018-03-21T02:23:00.000Z","volume":181000,"price":4.61,"category":"ubbull"},{"type":"A","date":"2018-03-21T02:20:49.000Z","volume":107000,"price":4.61,"category":"ubbull"},{"type":"A","date":"2018-03-21T02:16:38.000Z","volume":100000,"price":4.61,"category":"ubbull"},{"type":"A","date":"2018-03-21T02:15:03.000Z","volume":168000,"price":4.61,"category":"ubbull"},{"type":"A","date":"2018-03-21T02:08:51.000Z","volume":221000,"price":4.61,"category":"ubbull"},{"type":"A","date":"2018-03-21T02:06:17.000Z","volume":107000,"price":4.61,"category":"ubbull"},{"type":"A","date":"2018-03-21T02:06:17.000Z","volume":160000,"price":4.61,"category":"ubbull"},{"type":"A","date":"2018-03-21T01:58:18.000Z","volume":100000,"price":4.61,"category":"ubbull"},{"type":"A","date":"2018-03-21T01:56:11.000Z","volume":97000,"price":4.61,"category":"ubbull"},{"type":"A","date":"2018-03-21T01:55:52.000Z","volume":256000,"price":4.6,"category":"ubbull"},{"type":"A","date":"2018-03-21T01:53:20.000Z","volume":102000,"price":4.61,"category":"ubbull"},{"type":"A","date":"2018-03-21T01:52:15.000Z","volume":74000,"price":4.61,"category":"ubbull"},{"type":"A","date":"2018-03-21T01:52:13.000Z","volume":381000,"price":4.61,"category":"ubbull"},{"type":"A","date":"2018-03-21T01:52:13.000Z","volume":91000,"price":4.61,"category":"ubbull"},{"type":"A","date":"2018-03-21T01:52:13.000Z","volume":259000,"price":4.6,"category":"ubbull"},{"type":"A","date":"2018-03-21T01:52:13.000Z","volume":212000,"price":4.6,"category":"ubbull"},{"type":"A","date":"2018-03-21T01:52:13.000Z","volume":420000,"price":4.6,"category":"ubbull"},{"type":"A","date":"2018-03-21T01:51:17.000Z","volume":90000,"price":4.6,"category":"ubbull"},{"type":"A","date":"2018-03-21T01:50:30.000Z","volume":93000,"price":4.6,"category":"ubbull"},{"type":"A","date":"2018-03-21T01:47:05.000Z","volume":100000,"price":4.6,"category":"ubbull"},{"type":"A","date":"2018-03-21T01:45:29.000Z","volume":78000,"price":4.6,"category":"ubbull"},{"type":"A","date":"2018-03-21T01:45:28.000Z","volume":329000,"price":4.59,"category":"ubbull"},{"type":"A","date":"2018-03-21T01:45:28.000Z","volume":290000,"price":4.59,"category":"ubbull"},{"type":"A","date":"2018-03-21T01:44:16.000Z","volume":89000,"price":4.59,"category":"ubbull"},{"type":"A","date":"2018-03-21T01:43:53.000Z","volume":298000,"price":4.59,"category":"ubbull"},{"type":"A","date":"2018-03-21T01:39:39.000Z","volume":120000,"price":4.59,"category":"ubbull"},{"type":"A","date":"2018-03-21T01:38:56.000Z","volume":174000,"price":4.59,"category":"ubbull"},{"type":"A","date":"2018-03-21T01:38:42.000Z","volume":200000,"price":4.59,"category":"ubbull"},{"type":"A","date":"2018-03-21T01:38:17.000Z","volume":143000,"price":4.58,"category":"ubbull"},{"type":"A","date":"2018-03-21T01:33:53.000Z","volume":100000,"price":4.58,"category":"ubbull"},{"type":"A","date":"2018-03-21T01:32:23.000Z","volume":97000,"price":4.57,"category":"ubbull"},{"type":"A","date":"2018-03-21T01:32:23.000Z","volume":128000,"price":4.56,"category":"ubbull"},{"type":"A","date":"2018-03-21T01:32:23.000Z","volume":155000,"price":4.56,"category":"ubbull"},{"type":"A","date":"2018-03-21T01:30:47.000Z","volume":74000,"price":4.57,"category":"ubbull"},{"type":"A","date":"2018-03-21T01:30:47.000Z","volume":563000,"price":4.56,"category":"ubbull"},{"type":"A","date":"2018-03-21T01:30:47.000Z","volume":100000,"price":4.56,"category":"ubbull"},{"type":"A","date":"2018-03-21T01:30:04.000Z","volume":75000,"price":4.56,"category":"ubbull"},{"type":"A","date":"2018-03-21T01:30:04.000Z","volume":100000,"price":4.56,"category":"ubbull"},{"type":"A","date":"2018-03-21T07:50:46.000Z","volume":27000,"price":4.56,"category":"bbull"},{"type":"A","date":"2018-03-21T07:01:19.000Z","volume":34000,"price":4.59,"category":"bbull"},{"type":"A","date":"2018-03-21T07:01:19.000Z","volume":43000,"price":4.59,"category":"bbull"},{"type":"A","date":"2018-03-21T06:56:45.000Z","volume":46000,"price":4.6,"category":"bbull"},{"type":"A","date":"2018-03-21T06:55:32.000Z","volume":45000,"price":4.6,"category":"bbull"},{"type":"A","date":"2018-03-21T06:55:32.000Z","volume":42000,"price":4.6,"category":"bbull"},{"type":"A","date":"2018-03-21T06:54:34.000Z","volume":42000,"price":4.6,"category":"bbull"},{"type":"A","date":"2018-03-21T06:54:34.000Z","volume":45000,"price":4.6,"category":"bbull"},{"type":"A","date":"2018-03-21T06:36:43.000Z","volume":40000,"price":4.58,"category":"bbull"},{"type":"A","date":"2018-03-21T06:34:45.000Z","volume":21000,"price":4.58,"category":"bbull"},{"type":"A","date":"2018-03-21T06:32:54.000Z","volume":45000,"price":4.6,"category":"bbull"},{"type":"A","date":"2018-03-21T06:32:52.000Z","volume":42000,"price":4.6,"category":"bbull"},{"type":"A","date":"2018-03-21T06:31:53.000Z","volume":44000,"price":4.6,"category":"bbull"},{"type":"A","date":"2018-03-21T06:31:53.000Z","volume":42000,"price":4.6,"category":"bbull"},{"type":"A","date":"2018-03-21T06:30:55.000Z","volume":45000,"price":4.6,"category":"bbull"},{"type":"A","date":"2018-03-21T06:30:55.000Z","volume":42000,"price":4.6,"category":"bbull"},{"type":"A","date":"2018-03-21T06:29:58.000Z","volume":41000,"price":4.6,"category":"bbull"},{"type":"A","date":"2018-03-21T06:29:58.000Z","volume":45000,"price":4.6,"category":"bbull"},{"type":"A","date":"2018-03-21T06:29:09.000Z","volume":45000,"price":4.61,"category":"bbull"},{"type":"A","date":"2018-03-21T06:29:07.000Z","volume":42000,"price":4.61,"category":"bbull"},{"type":"A","date":"2018-03-21T06:28:01.000Z","volume":45000,"price":4.61,"category":"bbull"},{"type":"A","date":"2018-03-21T06:28:01.000Z","volume":42000,"price":4.61,"category":"bbull"},{"type":"A","date":"2018-03-21T06:27:03.000Z","volume":45000,"price":4.61,"category":"bbull"},{"type":"A","date":"2018-03-21T06:27:03.000Z","volume":42000,"price":4.61,"category":"bbull"},{"type":"A","date":"2018-03-21T06:26:52.000Z","volume":30000,"price":4.61,"category":"bbull"},{"type":"A","date":"2018-03-21T06:26:05.000Z","volume":44000,"price":4.61,"category":"bbull"},{"type":"A","date":"2018-03-21T06:26:05.000Z","volume":41000,"price":4.61,"category":"bbull"},{"type":"A","date":"2018-03-21T06:25:06.000Z","volume":45000,"price":4.61,"category":"bbull"},{"type":"A","date":"2018-03-21T06:25:06.000Z","volume":42000,"price":4.61,"category":"bbull"},{"type":"A","date":"2018-03-21T06:24:19.000Z","volume":29000,"price":4.61,"category":"bbull"},{"type":"A","date":"2018-03-21T06:24:17.000Z","volume":59000,"price":4.61,"category":"bbull"},{"type":"A","date":"2018-03-21T06:24:17.000Z","volume":55000,"price":4.61,"category":"bbull"},{"type":"A","date":"2018-03-21T06:24:08.000Z","volume":45000,"price":4.61,"category":"bbull"},{"type":"A","date":"2018-03-21T06:24:08.000Z","volume":42000,"price":4.61,"category":"bbull"},{"type":"A","date":"2018-03-21T06:23:10.000Z","volume":45000,"price":4.61,"category":"bbull"},{"type":"A","date":"2018-03-21T06:23:09.000Z","volume":42000,"price":4.61,"category":"bbull"},{"type":"A","date":"2018-03-21T06:22:11.000Z","volume":42000,"price":4.61,"category":"bbull"},{"type":"A","date":"2018-03-21T06:21:29.000Z","volume":66000,"price":4.6,"category":"bbull"},{"type":"A","date":"2018-03-21T06:21:29.000Z","volume":62000,"price":4.6,"category":"bbull"},{"type":"A","date":"2018-03-21T06:21:27.000Z","volume":33000,"price":4.6,"category":"bbull"},{"type":"A","date":"2018-03-21T06:21:13.000Z","volume":42000,"price":4.6,"category":"bbull"},{"type":"A","date":"2018-03-21T06:20:15.000Z","volume":42000,"price":4.6,"category":"bbull"},{"type":"A","date":"2018-03-21T06:19:17.000Z","volume":42000,"price":4.59,"category":"bbull"},{"type":"A","date":"2018-03-21T06:19:14.000Z","volume":30000,"price":4.59,"category":"bbull"},{"type":"A","date":"2018-03-21T06:18:26.000Z","volume":39000,"price":4.59,"category":"bbull"},{"type":"A","date":"2018-03-21T06:18:19.000Z","volume":43000,"price":4.59,"category":"bbull"},{"type":"A","date":"2018-03-21T06:17:20.000Z","volume":43000,"price":4.59,"category":"bbull"},{"type":"A","date":"2018-03-21T06:16:22.000Z","volume":42000,"price":4.59,"category":"bbull"},{"type":"A","date":"2018-03-21T06:15:24.000Z","volume":43000,"price":4.59,"category":"bbull"},{"type":"A","date":"2018-03-21T06:15:15.000Z","volume":69000,"price":4.59,"category":"bbull"},{"type":"A","date":"2018-03-21T06:15:14.000Z","volume":34000,"price":4.59,"category":"bbull"},{"type":"A","date":"2018-03-21T06:15:14.000Z","volume":64000,"price":4.59,"category":"bbull"},{"type":"A","date":"2018-03-21T06:14:26.000Z","volume":44000,"price":4.59,"category":"bbull"},{"type":"A","date":"2018-03-21T06:13:28.000Z","volume":41000,"price":4.59,"category":"bbull"},{"type":"A","date":"2018-03-21T06:13:28.000Z","volume":43000,"price":4.59,"category":"bbull"},{"type":"A","date":"2018-03-21T06:13:14.000Z","volume":64000,"price":4.59,"category":"bbull"},{"type":"A","date":"2018-03-21T06:13:13.000Z","volume":69000,"price":4.59,"category":"bbull"},{"type":"A","date":"2018-03-21T06:13:13.000Z","volume":34000,"price":4.59,"category":"bbull"},{"type":"A","date":"2018-03-21T06:12:30.000Z","volume":42000,"price":4.59,"category":"bbull"},{"type":"A","date":"2018-03-21T06:12:29.000Z","volume":43000,"price":4.59,"category":"bbull"},{"type":"A","date":"2018-03-21T06:08:22.000Z","volume":21000,"price":4.6,"category":"bbull"},{"type":"A","date":"2018-03-21T05:32:10.000Z","volume":30000,"price":4.6,"category":"bbull"},{"type":"A","date":"2018-03-21T05:28:08.000Z","volume":35000,"price":4.6,"category":"bbull"},{"type":"A","date":"2018-03-21T05:28:00.000Z","volume":43000,"price":4.6,"category":"bbull"},{"type":"A","date":"2018-03-21T05:24:47.000Z","volume":43000,"price":4.6,"category":"bbull"},{"type":"A","date":"2018-03-21T05:22:38.000Z","volume":43000,"price":4.6,"category":"bbull"},{"type":"A","date":"2018-03-21T05:16:04.000Z","volume":43000,"price":4.6,"category":"bbull"},{"type":"A","date":"2018-03-21T05:03:52.000Z","volume":38000,"price":4.61,"category":"bbull"},{"type":"A","date":"2018-03-21T05:03:40.000Z","volume":50000,"price":4.61,"category":"bbull"},{"type":"A","date":"2018-03-21T05:01:12.000Z","volume":48000,"price":4.61,"category":"bbull"},{"type":"A","date":"2018-03-21T05:00:33.000Z","volume":40000,"price":4.61,"category":"bbull"},{"type":"A","date":"2018-03-21T05:00:04.000Z","volume":22000,"price":4.62,"category":"bbull"},{"type":"A","date":"2018-03-21T05:00:01.000Z","volume":50000,"price":4.62,"category":"bbull"},{"type":"A","date":"2018-03-21T03:58:04.000Z","volume":21000,"price":4.61,"category":"bbull"},{"type":"A","date":"2018-03-21T03:58:02.000Z","volume":24000,"price":4.61,"category":"bbull"},{"type":"A","date":"2018-03-21T03:57:59.000Z","volume":29000,"price":4.61,"category":"bbull"},{"type":"A","date":"2018-03-21T03:57:56.000Z","volume":22000,"price":4.61,"category":"bbull"},{"type":"A","date":"2018-03-21T03:57:53.000Z","volume":25000,"price":4.61,"category":"bbull"},{"type":"A","date":"2018-03-21T03:57:51.000Z","volume":30000,"price":4.61,"category":"bbull"},{"type":"A","date":"2018-03-21T03:57:49.000Z","volume":31000,"price":4.61,"category":"bbull"},{"type":"A","date":"2018-03-21T03:57:46.000Z","volume":39000,"price":4.61,"category":"bbull"},{"type":"A","date":"2018-03-21T03:57:44.000Z","volume":22000,"price":4.61,"category":"bbull"},{"type":"A","date":"2018-03-21T03:57:39.000Z","volume":23000,"price":4.61,"category":"bbull"},{"type":"A","date":"2018-03-21T03:57:35.000Z","volume":26000,"price":4.6,"category":"bbull"},{"type":"A","date":"2018-03-21T03:54:55.000Z","volume":24000,"price":4.6,"category":"bbull"},{"type":"A","date":"2018-03-21T03:53:22.000Z","volume":23000,"price":4.6,"category":"bbull"},{"type":"A","date":"2018-03-21T03:52:39.000Z","volume":47000,"price":4.6,"category":"bbull"},{"type":"A","date":"2018-03-21T03:51:42.000Z","volume":24000,"price":4.6,"category":"bbull"},{"type":"A","date":"2018-03-21T03:51:39.000Z","volume":24000,"price":4.6,"category":"bbull"},{"type":"A","date":"2018-03-21T03:51:37.000Z","volume":28000,"price":4.6,"category":"bbull"},{"type":"A","date":"2018-03-21T03:49:47.000Z","volume":25000,"price":4.6,"category":"bbull"},{"type":"A","date":"2018-03-21T03:47:45.000Z","volume":42000,"price":4.6,"category":"bbull"},{"type":"A","date":"2018-03-21T03:40:32.000Z","volume":30000,"price":4.6,"category":"bbull"},{"type":"A","date":"2018-03-21T03:40:29.000Z","volume":63000,"price":4.6,"category":"bbull"},{"type":"A","date":"2018-03-21T03:40:26.000Z","volume":58000,"price":4.6,"category":"bbull"},{"type":"A","date":"2018-03-21T03:40:23.000Z","volume":55000,"price":4.6,"category":"bbull"},{"type":"A","date":"2018-03-21T03:40:20.000Z","volume":24000,"price":4.6,"category":"bbull"},{"type":"A","date":"2018-03-21T03:40:18.000Z","volume":29000,"price":4.6,"category":"bbull"},{"type":"A","date":"2018-03-21T03:39:30.000Z","volume":45000,"price":4.6,"category":"bbull"},{"type":"A","date":"2018-03-21T03:38:37.000Z","volume":28000,"price":4.6,"category":"bbull"},{"type":"A","date":"2018-03-21T03:37:27.000Z","volume":21000,"price":4.6,"category":"bbull"},{"type":"A","date":"2018-03-21T03:37:24.000Z","volume":40000,"price":4.6,"category":"bbull"},{"type":"A","date":"2018-03-21T03:37:22.000Z","volume":21000,"price":4.6,"category":"bbull"},{"type":"A","date":"2018-03-21T03:37:21.000Z","volume":56000,"price":4.59,"category":"bbull"},{"type":"A","date":"2018-03-21T03:30:29.000Z","volume":29000,"price":4.6,"category":"bbull"},{"type":"A","date":"2018-03-21T03:30:27.000Z","volume":31000,"price":4.6,"category":"bbull"},{"type":"A","date":"2018-03-21T03:30:24.000Z","volume":63000,"price":4.6,"category":"bbull"},{"type":"A","date":"2018-03-21T03:30:20.000Z","volume":45000,"price":4.6,"category":"bbull"},{"type":"A","date":"2018-03-21T03:30:20.000Z","volume":42000,"price":4.6,"category":"bbull"},{"type":"A","date":"2018-03-21T03:30:18.000Z","volume":32000,"price":4.61,"category":"bbull"},{"type":"A","date":"2018-03-21T03:30:16.000Z","volume":36000,"price":4.61,"category":"bbull"},{"type":"A","date":"2018-03-21T03:30:12.000Z","volume":23000,"price":4.61,"category":"bbull"},{"type":"A","date":"2018-03-21T03:30:11.000Z","volume":44000,"price":4.61,"category":"bbull"},{"type":"A","date":"2018-03-21T03:30:03.000Z","volume":24000,"price":4.61,"category":"bbull"},{"type":"A","date":"2018-03-21T03:30:00.000Z","volume":25000,"price":4.61,"category":"bbull"},{"type":"A","date":"2018-03-21T03:28:49.000Z","volume":26000,"price":4.61,"category":"bbull"},{"type":"A","date":"2018-03-21T03:27:41.000Z","volume":25000,"price":4.61,"category":"bbull"},{"type":"A","date":"2018-03-21T03:27:03.000Z","volume":22000,"price":4.61,"category":"bbull"},{"type":"A","date":"2018-03-21T03:23:49.000Z","volume":28000,"price":4.61,"category":"bbull"},{"type":"A","date":"2018-03-21T03:20:50.000Z","volume":33000,"price":4.61,"category":"bbull"},{"type":"A","date":"2018-03-21T03:20:32.000Z","volume":55000,"price":4.61,"category":"bbull"},{"type":"A","date":"2018-03-21T03:18:22.000Z","volume":24000,"price":4.61,"category":"bbull"},{"type":"A","date":"2018-03-21T03:12:36.000Z","volume":40000,"price":4.61,"category":"bbull"},{"type":"A","date":"2018-03-21T03:06:33.000Z","volume":29000,"price":4.62,"category":"bbull"},{"type":"A","date":"2018-03-21T03:06:01.000Z","volume":60000,"price":4.62,"category":"bbull"},{"type":"A","date":"2018-03-21T03:05:57.000Z","volume":24000,"price":4.62,"category":"bbull"},{"type":"A","date":"2018-03-21T03:01:51.000Z","volume":30000,"price":4.63,"category":"bbull"},{"type":"A","date":"2018-03-21T03:01:50.000Z","volume":61000,"price":4.63,"category":"bbull"},{"type":"A","date":"2018-03-21T03:00:12.000Z","volume":28000,"price":4.62,"category":"bbull"},{"type":"A","date":"2018-03-21T02:59:39.000Z","volume":39000,"price":4.62,"category":"bbull"},{"type":"A","date":"2018-03-21T02:58:35.000Z","volume":41000,"price":4.62,"category":"bbull"},{"type":"A","date":"2018-03-21T02:55:39.000Z","volume":43000,"price":4.62,"category":"bbull"},{"type":"A","date":"2018-03-21T02:49:39.000Z","volume":33000,"price":4.62,"category":"bbull"},{"type":"A","date":"2018-03-21T02:43:27.000Z","volume":32000,"price":4.62,"category":"bbull"},{"type":"A","date":"2018-03-21T02:35:38.000Z","volume":21000,"price":4.61,"category":"bbull"},{"type":"A","date":"2018-03-21T02:34:59.000Z","volume":22000,"price":4.61,"category":"bbull"},{"type":"A","date":"2018-03-21T02:34:52.000Z","volume":27000,"price":4.61,"category":"bbull"},{"type":"A","date":"2018-03-21T02:34:11.000Z","volume":31000,"price":4.62,"category":"bbull"},{"type":"A","date":"2018-03-21T02:32:30.000Z","volume":67000,"price":4.6,"category":"bbull"},{"type":"A","date":"2018-03-21T02:32:30.000Z","volume":24000,"price":4.6,"category":"bbull"},{"type":"A","date":"2018-03-21T02:29:46.000Z","volume":46000,"price":4.61,"category":"bbull"},{"type":"A","date":"2018-03-21T02:24:49.000Z","volume":72000,"price":4.61,"category":"bbull"},{"type":"A","date":"2018-03-21T02:17:16.000Z","volume":21000,"price":4.61,"category":"bbull"},{"type":"A","date":"2018-03-21T02:17:10.000Z","volume":50000,"price":4.61,"category":"bbull"},{"type":"A","date":"2018-03-21T02:16:57.000Z","volume":50000,"price":4.61,"category":"bbull"},{"type":"A","date":"2018-03-21T02:15:56.000Z","volume":24000,"price":4.61,"category":"bbull"},{"type":"A","date":"2018-03-21T02:15:05.000Z","volume":22000,"price":4.62,"category":"bbull"},{"type":"A","date":"2018-03-21T02:15:03.000Z","volume":30000,"price":4.61,"category":"bbull"},{"type":"A","date":"2018-03-21T02:14:47.000Z","volume":50000,"price":4.61,"category":"bbull"},{"type":"A","date":"2018-03-21T02:09:39.000Z","volume":40000,"price":4.62,"category":"bbull"},{"type":"A","date":"2018-03-21T02:08:52.000Z","volume":23000,"price":4.62,"category":"bbull"},{"type":"A","date":"2018-03-21T02:08:12.000Z","volume":36000,"price":4.61,"category":"bbull"},{"type":"A","date":"2018-03-21T02:06:35.000Z","volume":50000,"price":4.62,"category":"bbull"},{"type":"A","date":"2018-03-21T02:06:20.000Z","volume":28000,"price":4.62,"category":"bbull"},{"type":"A","date":"2018-03-21T02:06:01.000Z","volume":32000,"price":4.61,"category":"bbull"},{"type":"A","date":"2018-03-21T02:03:47.000Z","volume":40000,"price":4.61,"category":"bbull"},{"type":"A","date":"2018-03-21T01:58:49.000Z","volume":30000,"price":4.61,"category":"bbull"},{"type":"A","date":"2018-03-21T01:55:52.000Z","volume":24000,"price":4.6,"category":"bbull"},{"type":"A","date":"2018-03-21T01:53:13.000Z","volume":57000,"price":4.61,"category":"bbull"},{"type":"A","date":"2018-03-21T01:52:13.000Z","volume":52000,"price":4.62,"category":"bbull"},{"type":"A","date":"2018-03-21T01:52:13.000Z","volume":36000,"price":4.62,"category":"bbull"},{"type":"A","date":"2018-03-21T01:45:30.000Z","volume":36000,"price":4.6,"category":"bbull"},{"type":"A","date":"2018-03-21T01:44:29.000Z","volume":39000,"price":4.59,"category":"bbull"},{"type":"A","date":"2018-03-21T01:43:58.000Z","volume":40000,"price":4.59,"category":"bbull"},{"type":"A","date":"2018-03-21T01:41:59.000Z","volume":33000,"price":4.59,"category":"bbull"},{"type":"A","date":"2018-03-21T01:39:15.000Z","volume":40000,"price":4.59,"category":"bbull"},{"type":"A","date":"2018-03-21T01:38:58.000Z","volume":26000,"price":4.59,"category":"bbull"},{"type":"A","date":"2018-03-21T01:38:56.000Z","volume":43000,"price":4.6,"category":"bbull"},{"type":"A","date":"2018-03-21T01:38:42.000Z","volume":24000,"price":4.59,"category":"bbull"},{"type":"A","date":"2018-03-21T01:37:57.000Z","volume":50000,"price":4.58,"category":"bbull"},{"type":"A","date":"2018-03-21T01:36:55.000Z","volume":53000,"price":4.58,"category":"bbull"},{"type":"A","date":"2018-03-21T01:35:01.000Z","volume":56000,"price":4.58,"category":"bbull"},{"type":"A","date":"2018-03-21T01:34:53.000Z","volume":30000,"price":4.58,"category":"bbull"},{"type":"A","date":"2018-03-21T01:34:06.000Z","volume":30000,"price":4.58,"category":"bbull"},{"type":"A","date":"2018-03-21T01:33:18.000Z","volume":44000,"price":4.58,"category":"bbull"},{"type":"A","date":"2018-03-21T01:32:23.000Z","volume":24000,"price":4.57,"category":"bbull"},{"type":"A","date":"2018-03-21T01:31:43.000Z","volume":40000,"price":4.56,"category":"bbull"},{"type":"A","date":"2018-03-21T01:31:33.000Z","volume":22000,"price":4.56,"category":"bbull"},{"type":"A","date":"2018-03-21T01:30:49.000Z","volume":44000,"price":4.58,"category":"bbull"},{"type":"A","date":"2018-03-21T01:30:47.000Z","volume":38000,"price":4.57,"category":"bbull"},{"type":"A","date":"2018-03-21T01:30:47.000Z","volume":55000,"price":4.56,"category":"bbull"},{"type":"A","date":"2018-03-21T01:30:14.000Z","volume":50000,"price":4.56,"category":"bbull"},{"type":"A","date":"2018-03-21T01:30:05.000Z","volume":30000,"price":4.57,"category":"bbull"},{"type":"A","date":"2018-03-21T01:30:00.000Z","volume":40000,"price":4.55,"category":"bbull"},{"type":"A","date":"2018-03-21T07:55:28.000Z","volume":1000,"price":4.56,"category":"rbull"},{"type":"A","date":"2018-03-21T07:54:48.000Z","volume":1000,"price":4.56,"category":"rbull"},{"type":"A","date":"2018-03-21T07:49:19.000Z","volume":1000,"price":4.57,"category":"rbull"},{"type":"A","date":"2018-03-21T07:48:32.000Z","volume":1000,"price":4.57,"category":"rbull"},{"type":"A","date":"2018-03-21T07:46:39.000Z","volume":1000,"price":4.57,"category":"rbull"},{"type":"A","date":"2018-03-21T07:42:04.000Z","volume":1000,"price":4.57,"category":"rbull"},{"type":"A","date":"2018-03-21T07:40:18.000Z","volume":1000,"price":4.57,"category":"rbull"},{"type":"A","date":"2018-03-21T07:39:24.000Z","volume":1000,"price":4.57,"category":"rbull"},{"type":"A","date":"2018-03-21T07:37:39.000Z","volume":1000,"price":4.57,"category":"rbull"},{"type":"A","date":"2018-03-21T07:26:38.000Z","volume":1000,"price":4.58,"category":"rbull"},{"type":"A","date":"2018-03-21T07:26:02.000Z","volume":1000,"price":4.58,"category":"rbull"},{"type":"A","date":"2018-03-21T07:23:56.000Z","volume":1000,"price":4.58,"category":"rbull"},{"type":"A","date":"2018-03-21T07:21:58.000Z","volume":1000,"price":4.58,"category":"rbull"},{"type":"A","date":"2018-03-21T07:19:59.000Z","volume":1000,"price":4.58,"category":"rbull"},{"type":"A","date":"2018-03-21T07:17:42.000Z","volume":1000,"price":4.58,"category":"rbull"},{"type":"A","date":"2018-03-21T07:17:21.000Z","volume":1000,"price":4.58,"category":"rbull"},{"type":"A","date":"2018-03-21T07:16:45.000Z","volume":1000,"price":4.58,"category":"rbull"},{"type":"A","date":"2018-03-21T07:15:54.000Z","volume":1000,"price":4.58,"category":"rbull"},{"type":"A","date":"2018-03-21T07:15:45.000Z","volume":1000,"price":4.58,"category":"rbull"},{"type":"A","date":"2018-03-21T07:14:01.000Z","volume":1000,"price":4.58,"category":"rbull"},{"type":"A","date":"2018-03-21T07:00:19.000Z","volume":1000,"price":4.6,"category":"rbull"},{"type":"A","date":"2018-03-21T06:52:45.000Z","volume":1000,"price":4.59,"category":"rbull"},{"type":"A","date":"2018-03-21T06:52:12.000Z","volume":1000,"price":4.59,"category":"rbull"},{"type":"A","date":"2018-03-21T06:47:50.000Z","volume":1000,"price":4.58,"category":"rbull"},{"type":"A","date":"2018-03-21T06:23:12.000Z","volume":1000,"price":4.61,"category":"rbull"},{"type":"A","date":"2018-03-21T06:21:27.000Z","volume":1000,"price":4.6,"category":"rbull"},{"type":"A","date":"2018-03-21T06:19:33.000Z","volume":1000,"price":4.6,"category":"rbull"},{"type":"A","date":"2018-03-21T06:17:49.000Z","volume":1000,"price":4.59,"category":"rbull"},{"type":"A","date":"2018-03-21T06:14:23.000Z","volume":1000,"price":4.59,"category":"rbull"},{"type":"A","date":"2018-03-21T06:09:08.000Z","volume":1000,"price":4.6,"category":"rbull"},{"type":"A","date":"2018-03-21T06:07:36.000Z","volume":1000,"price":4.6,"category":"rbull"},{"type":"A","date":"2018-03-21T06:07:24.000Z","volume":1000,"price":4.6,"category":"rbull"},{"type":"A","date":"2018-03-21T06:07:23.000Z","volume":1000,"price":4.6,"category":"rbull"},{"type":"A","date":"2018-03-21T06:06:46.000Z","volume":1000,"price":4.6,"category":"rbull"},{"type":"A","date":"2018-03-21T06:05:42.000Z","volume":1000,"price":4.6,"category":"rbull"},{"type":"A","date":"2018-03-21T06:04:48.000Z","volume":1000,"price":4.6,"category":"rbull"},{"type":"A","date":"2018-03-21T06:03:57.000Z","volume":1000,"price":4.6,"category":"rbull"},{"type":"A","date":"2018-03-21T06:03:47.000Z","volume":1000,"price":4.6,"category":"rbull"},{"type":"A","date":"2018-03-21T06:02:26.000Z","volume":1000,"price":4.6,"category":"rbull"},{"type":"A","date":"2018-03-21T06:01:53.000Z","volume":1000,"price":4.6,"category":"rbull"},{"type":"A","date":"2018-03-21T06:01:52.000Z","volume":1000,"price":4.6,"category":"rbull"},{"type":"A","date":"2018-03-21T06:00:50.000Z","volume":1000,"price":4.6,"category":"rbull"},{"type":"A","date":"2018-03-21T06:00:45.000Z","volume":1000,"price":4.6,"category":"rbull"},{"type":"A","date":"2018-03-21T06:00:09.000Z","volume":1000,"price":4.6,"category":"rbull"},{"type":"A","date":"2018-03-21T05:59:37.000Z","volume":1000,"price":4.6,"category":"rbull"},{"type":"A","date":"2018-03-21T05:58:26.000Z","volume":1000,"price":4.6,"category":"rbull"},{"type":"A","date":"2018-03-21T05:57:54.000Z","volume":1000,"price":4.6,"category":"rbull"},{"type":"A","date":"2018-03-21T05:57:19.000Z","volume":1000,"price":4.6,"category":"rbull"},{"type":"A","date":"2018-03-21T05:56:05.000Z","volume":1000,"price":4.6,"category":"rbull"},{"type":"A","date":"2018-03-21T05:53:41.000Z","volume":1000,"price":4.61,"category":"rbull"},{"type":"A","date":"2018-03-21T05:53:13.000Z","volume":1000,"price":4.6,"category":"rbull"},{"type":"A","date":"2018-03-21T05:53:09.000Z","volume":1000,"price":4.6,"category":"rbull"},{"type":"A","date":"2018-03-21T05:51:29.000Z","volume":1000,"price":4.6,"category":"rbull"},{"type":"A","date":"2018-03-21T05:51:09.000Z","volume":1000,"price":4.6,"category":"rbull"},{"type":"A","date":"2018-03-21T05:50:18.000Z","volume":1000,"price":4.6,"category":"rbull"},{"type":"A","date":"2018-03-21T05:49:50.000Z","volume":1000,"price":4.6,"category":"rbull"},{"type":"A","date":"2018-03-21T05:46:52.000Z","volume":1000,"price":4.6,"category":"rbull"},{"type":"A","date":"2018-03-21T05:46:40.000Z","volume":1000,"price":4.6,"category":"rbull"},{"type":"A","date":"2018-03-21T05:46:25.000Z","volume":1000,"price":4.6,"category":"rbull"},{"type":"A","date":"2018-03-21T05:46:16.000Z","volume":1000,"price":4.6,"category":"rbull"},{"type":"A","date":"2018-03-21T05:46:00.000Z","volume":1000,"price":4.6,"category":"rbull"},{"type":"A","date":"2018-03-21T05:45:11.000Z","volume":1000,"price":4.6,"category":"rbull"},{"type":"A","date":"2018-03-21T05:44:14.000Z","volume":1000,"price":4.6,"category":"rbull"},{"type":"A","date":"2018-03-21T05:42:10.000Z","volume":1000,"price":4.6,"category":"rbull"},{"type":"A","date":"2018-03-21T05:40:22.000Z","volume":1000,"price":4.6,"category":"rbull"},{"type":"A","date":"2018-03-21T05:39:21.000Z","volume":1000,"price":4.6,"category":"rbull"},{"type":"A","date":"2018-03-21T05:38:12.000Z","volume":1000,"price":4.6,"category":"rbull"},{"type":"A","date":"2018-03-21T05:37:08.000Z","volume":1000,"price":4.6,"category":"rbull"},{"type":"A","date":"2018-03-21T05:36:05.000Z","volume":1000,"price":4.6,"category":"rbull"},{"type":"A","date":"2018-03-21T05:34:38.000Z","volume":1000,"price":4.6,"category":"rbull"},{"type":"A","date":"2018-03-21T05:27:13.000Z","volume":1000,"price":4.6,"category":"rbull"},{"type":"A","date":"2018-03-21T05:25:32.000Z","volume":1000,"price":4.6,"category":"rbull"},{"type":"A","date":"2018-03-21T05:24:29.000Z","volume":1000,"price":4.6,"category":"rbull"},{"type":"A","date":"2018-03-21T05:23:39.000Z","volume":1000,"price":4.6,"category":"rbull"},{"type":"A","date":"2018-03-21T05:23:30.000Z","volume":1000,"price":4.6,"category":"rbull"},{"type":"A","date":"2018-03-21T05:22:27.000Z","volume":1000,"price":4.6,"category":"rbull"},{"type":"A","date":"2018-03-21T05:18:32.000Z","volume":1000,"price":4.6,"category":"rbull"},{"type":"A","date":"2018-03-21T05:17:34.000Z","volume":1000,"price":4.6,"category":"rbull"},{"type":"A","date":"2018-03-21T05:09:36.000Z","volume":1000,"price":4.6,"category":"rbull"},{"type":"A","date":"2018-03-21T05:07:05.000Z","volume":1000,"price":4.6,"category":"rbull"},{"type":"A","date":"2018-03-21T05:04:27.000Z","volume":1000,"price":4.61,"category":"rbull"},{"type":"A","date":"2018-03-21T05:03:43.000Z","volume":1000,"price":4.61,"category":"rbull"},{"type":"A","date":"2018-03-21T05:00:20.000Z","volume":1000,"price":4.61,"category":"rbull"},{"type":"A","date":"2018-03-21T05:00:03.000Z","volume":1000,"price":4.62,"category":"rbull"},{"type":"A","date":"2018-03-21T03:59:39.000Z","volume":1000,"price":4.61,"category":"rbull"},{"type":"A","date":"2018-03-21T03:59:00.000Z","volume":1000,"price":4.61,"category":"rbull"},{"type":"A","date":"2018-03-21T03:58:51.000Z","volume":1000,"price":4.61,"category":"rbull"},{"type":"A","date":"2018-03-21T03:58:16.000Z","volume":1000,"price":4.61,"category":"rbull"},{"type":"A","date":"2018-03-21T03:57:59.000Z","volume":1000,"price":4.61,"category":"rbull"},{"type":"A","date":"2018-03-21T03:56:50.000Z","volume":1000,"price":4.6,"category":"rbull"},{"type":"A","date":"2018-03-21T03:55:53.000Z","volume":1000,"price":4.6,"category":"rbull"},{"type":"A","date":"2018-03-21T03:53:49.000Z","volume":1000,"price":4.6,"category":"rbull"},{"type":"A","date":"2018-03-21T03:52:48.000Z","volume":1000,"price":4.6,"category":"rbull"},{"type":"A","date":"2018-03-21T03:49:57.000Z","volume":1000,"price":4.6,"category":"rbull"},{"type":"A","date":"2018-03-21T03:47:47.000Z","volume":1000,"price":4.6,"category":"rbull"},{"type":"A","date":"2018-03-21T03:37:29.000Z","volume":1000,"price":4.6,"category":"rbull"},{"type":"A","date":"2018-03-21T03:29:54.000Z","volume":1000,"price":4.61,"category":"rbull"},{"type":"A","date":"2018-03-21T03:27:58.000Z","volume":1000,"price":4.61,"category":"rbull"},{"type":"A","date":"2018-03-21T03:26:02.000Z","volume":1000,"price":4.61,"category":"rbull"},{"type":"A","date":"2018-03-21T03:25:02.000Z","volume":1000,"price":4.61,"category":"rbull"},{"type":"A","date":"2018-03-21T03:09:48.000Z","volume":1000,"price":4.61,"category":"rbull"},{"type":"A","date":"2018-03-21T03:07:37.000Z","volume":1000,"price":4.62,"category":"rbull"},{"type":"A","date":"2018-03-21T03:02:25.000Z","volume":1000,"price":4.64,"category":"rbull"},{"type":"A","date":"2018-03-21T03:02:13.000Z","volume":1000,"price":4.64,"category":"rbull"},{"type":"A","date":"2018-03-21T03:01:29.000Z","volume":1000,"price":4.62,"category":"rbull"},{"type":"A","date":"2018-03-21T02:59:43.000Z","volume":1000,"price":4.62,"category":"rbull"},{"type":"A","date":"2018-03-21T02:59:33.000Z","volume":1000,"price":4.62,"category":"rbull"},{"type":"A","date":"2018-03-21T02:58:27.000Z","volume":1000,"price":4.62,"category":"rbull"},{"type":"A","date":"2018-03-21T02:56:54.000Z","volume":1000,"price":4.62,"category":"rbull"},{"type":"A","date":"2018-03-21T02:56:31.000Z","volume":1000,"price":4.62,"category":"rbull"},{"type":"A","date":"2018-03-21T02:56:12.000Z","volume":1000,"price":4.62,"category":"rbull"},{"type":"A","date":"2018-03-21T02:55:27.000Z","volume":1000,"price":4.62,"category":"rbull"},{"type":"A","date":"2018-03-21T02:50:14.000Z","volume":1000,"price":4.62,"category":"rbull"},{"type":"A","date":"2018-03-21T02:48:30.000Z","volume":1000,"price":4.62,"category":"rbull"},{"type":"A","date":"2018-03-21T02:47:26.000Z","volume":1000,"price":4.62,"category":"rbull"},{"type":"A","date":"2018-03-21T02:45:52.000Z","volume":1000,"price":4.62,"category":"rbull"},{"type":"A","date":"2018-03-21T02:43:25.000Z","volume":1000,"price":4.62,"category":"rbull"},{"type":"A","date":"2018-03-21T02:43:10.000Z","volume":1000,"price":4.62,"category":"rbull"},{"type":"A","date":"2018-03-21T02:33:45.000Z","volume":1000,"price":4.61,"category":"rbull"},{"type":"A","date":"2018-03-21T02:33:15.000Z","volume":1000,"price":4.61,"category":"rbull"},{"type":"A","date":"2018-03-21T02:32:30.000Z","volume":1000,"price":4.6,"category":"rbull"},{"type":"A","date":"2018-03-21T02:32:05.000Z","volume":1000,"price":4.61,"category":"rbull"},{"type":"A","date":"2018-03-21T02:30:41.000Z","volume":1000,"price":4.61,"category":"rbull"},{"type":"A","date":"2018-03-21T02:20:55.000Z","volume":1000,"price":4.62,"category":"rbull"},{"type":"A","date":"2018-03-21T02:19:37.000Z","volume":1000,"price":4.62,"category":"rbull"},{"type":"A","date":"2018-03-21T02:19:33.000Z","volume":1000,"price":4.62,"category":"rbull"},{"type":"A","date":"2018-03-21T02:19:25.000Z","volume":1000,"price":4.62,"category":"rbull"},{"type":"A","date":"2018-03-21T02:18:26.000Z","volume":1000,"price":4.62,"category":"rbull"},{"type":"A","date":"2018-03-21T02:18:19.000Z","volume":1000,"price":4.62,"category":"rbull"},{"type":"A","date":"2018-03-21T02:18:08.000Z","volume":1000,"price":4.62,"category":"rbull"},{"type":"A","date":"2018-03-21T02:17:39.000Z","volume":1000,"price":4.62,"category":"rbull"},{"type":"A","date":"2018-03-21T02:17:29.000Z","volume":1000,"price":4.61,"category":"rbull"},{"type":"A","date":"2018-03-21T02:17:10.000Z","volume":1000,"price":4.61,"category":"rbull"},{"type":"A","date":"2018-03-21T02:17:00.000Z","volume":1000,"price":4.61,"category":"rbull"},{"type":"A","date":"2018-03-21T02:16:33.000Z","volume":1000,"price":4.61,"category":"rbull"},{"type":"A","date":"2018-03-21T02:16:10.000Z","volume":1000,"price":4.61,"category":"rbull"},{"type":"A","date":"2018-03-21T02:16:02.000Z","volume":1000,"price":4.61,"category":"rbull"},{"type":"A","date":"2018-03-21T02:15:24.000Z","volume":1000,"price":4.61,"category":"rbull"},{"type":"A","date":"2018-03-21T02:14:55.000Z","volume":1000,"price":4.61,"category":"rbull"},{"type":"A","date":"2018-03-21T02:14:39.000Z","volume":1000,"price":4.61,"category":"rbull"},{"type":"A","date":"2018-03-21T02:14:05.000Z","volume":1000,"price":4.61,"category":"rbull"},{"type":"A","date":"2018-03-21T02:13:42.000Z","volume":1000,"price":4.61,"category":"rbull"},{"type":"A","date":"2018-03-21T02:12:35.000Z","volume":1000,"price":4.62,"category":"rbull"},{"type":"A","date":"2018-03-21T02:11:28.000Z","volume":1000,"price":4.62,"category":"rbull"},{"type":"A","date":"2018-03-21T02:10:47.000Z","volume":1000,"price":4.62,"category":"rbull"},{"type":"A","date":"2018-03-21T02:10:21.000Z","volume":1000,"price":4.62,"category":"rbull"},{"type":"A","date":"2018-03-21T02:09:17.000Z","volume":1000,"price":4.62,"category":"rbull"},{"type":"A","date":"2018-03-21T02:08:28.000Z","volume":1000,"price":4.61,"category":"rbull"},{"type":"A","date":"2018-03-21T02:08:11.000Z","volume":1000,"price":4.61,"category":"rbull"},{"type":"A","date":"2018-03-21T02:08:07.000Z","volume":1000,"price":4.61,"category":"rbull"},{"type":"A","date":"2018-03-21T02:06:04.000Z","volume":1000,"price":4.61,"category":"rbull"},{"type":"A","date":"2018-03-21T02:05:58.000Z","volume":1000,"price":4.61,"category":"rbull"},{"type":"A","date":"2018-03-21T02:05:16.000Z","volume":1000,"price":4.61,"category":"rbull"},{"type":"A","date":"2018-03-21T02:04:54.000Z","volume":1000,"price":4.61,"category":"rbull"},{"type":"A","date":"2018-03-21T02:04:50.000Z","volume":1000,"price":4.61,"category":"rbull"},{"type":"A","date":"2018-03-21T02:00:56.000Z","volume":1000,"price":4.61,"category":"rbull"},{"type":"A","date":"2018-03-21T02:00:54.000Z","volume":1000,"price":4.61,"category":"rbull"},{"type":"A","date":"2018-03-21T02:00:31.000Z","volume":1000,"price":4.61,"category":"rbull"},{"type":"A","date":"2018-03-21T02:00:01.000Z","volume":1000,"price":4.61,"category":"rbull"},{"type":"A","date":"2018-03-21T01:59:50.000Z","volume":1000,"price":4.61,"category":"rbull"},{"type":"A","date":"2018-03-21T01:59:03.000Z","volume":1000,"price":4.61,"category":"rbull"},{"type":"A","date":"2018-03-21T01:59:01.000Z","volume":1000,"price":4.61,"category":"rbull"},{"type":"A","date":"2018-03-21T01:58:18.000Z","volume":1000,"price":4.61,"category":"rbull"},{"type":"A","date":"2018-03-21T01:57:27.000Z","volume":1000,"price":4.61,"category":"rbull"},{"type":"A","date":"2018-03-21T01:56:44.000Z","volume":1000,"price":4.61,"category":"rbull"},{"type":"A","date":"2018-03-21T01:53:45.000Z","volume":1000,"price":4.61,"category":"rbull"},{"type":"A","date":"2018-03-21T01:52:29.000Z","volume":1000,"price":4.61,"category":"rbull"},{"type":"A","date":"2018-03-21T01:52:13.000Z","volume":1000,"price":4.61,"category":"rbull"},{"type":"A","date":"2018-03-21T01:51:27.000Z","volume":1000,"price":4.6,"category":"rbull"},{"type":"A","date":"2018-03-21T01:51:18.000Z","volume":1000,"price":4.6,"category":"rbull"},{"type":"A","date":"2018-03-21T01:51:18.000Z","volume":1000,"price":4.6,"category":"rbull"},{"type":"A","date":"2018-03-21T01:51:16.000Z","volume":1000,"price":4.6,"category":"rbull"},{"type":"A","date":"2018-03-21T01:51:03.000Z","volume":1000,"price":4.6,"category":"rbull"},{"type":"A","date":"2018-03-21T01:50:32.000Z","volume":1000,"price":4.6,"category":"rbull"},{"type":"A","date":"2018-03-21T01:50:32.000Z","volume":1000,"price":4.6,"category":"rbull"},{"type":"A","date":"2018-03-21T01:50:30.000Z","volume":1000,"price":4.6,"category":"rbull"},{"type":"A","date":"2018-03-21T01:50:25.000Z","volume":1000,"price":4.6,"category":"rbull"},{"type":"A","date":"2018-03-21T01:50:23.000Z","volume":1000,"price":4.6,"category":"rbull"},{"type":"A","date":"2018-03-21T01:50:16.000Z","volume":1000,"price":4.6,"category":"rbull"},{"type":"A","date":"2018-03-21T01:50:14.000Z","volume":1000,"price":4.6,"category":"rbull"},{"type":"A","date":"2018-03-21T01:50:14.000Z","volume":1000,"price":4.6,"category":"rbull"},{"type":"A","date":"2018-03-21T01:50:12.000Z","volume":1000,"price":4.6,"category":"rbull"},{"type":"A","date":"2018-03-21T01:48:59.000Z","volume":1000,"price":4.6,"category":"rbull"},{"type":"A","date":"2018-03-21T01:48:53.000Z","volume":1000,"price":4.6,"category":"rbull"},{"type":"A","date":"2018-03-21T01:48:32.000Z","volume":1000,"price":4.6,"category":"rbull"},{"type":"A","date":"2018-03-21T01:48:32.000Z","volume":1000,"price":4.6,"category":"rbull"},{"type":"A","date":"2018-03-21T01:47:54.000Z","volume":1000,"price":4.6,"category":"rbull"},{"type":"A","date":"2018-03-21T01:47:54.000Z","volume":1000,"price":4.6,"category":"rbull"},{"type":"A","date":"2018-03-21T01:47:18.000Z","volume":1000,"price":4.6,"category":"rbull"},{"type":"A","date":"2018-03-21T01:47:18.000Z","volume":1000,"price":4.6,"category":"rbull"},{"type":"A","date":"2018-03-21T01:47:18.000Z","volume":1000,"price":4.6,"category":"rbull"},{"type":"A","date":"2018-03-21T01:47:17.000Z","volume":1000,"price":4.6,"category":"rbull"},{"type":"A","date":"2018-03-21T01:47:05.000Z","volume":1000,"price":4.6,"category":"rbull"},{"type":"A","date":"2018-03-21T01:47:04.000Z","volume":1000,"price":4.6,"category":"rbull"},{"type":"A","date":"2018-03-21T01:47:00.000Z","volume":1000,"price":4.6,"category":"rbull"},{"type":"A","date":"2018-03-21T01:46:37.000Z","volume":1000,"price":4.6,"category":"rbull"},{"type":"A","date":"2018-03-21T01:46:27.000Z","volume":1000,"price":4.6,"category":"rbull"},{"type":"A","date":"2018-03-21T01:46:27.000Z","volume":1000,"price":4.6,"category":"rbull"},{"type":"A","date":"2018-03-21T01:46:27.000Z","volume":1000,"price":4.6,"category":"rbull"},{"type":"A","date":"2018-03-21T01:45:32.000Z","volume":1000,"price":4.6,"category":"rbull"},{"type":"A","date":"2018-03-21T01:45:32.000Z","volume":1000,"price":4.6,"category":"rbull"},{"type":"A","date":"2018-03-21T01:45:30.000Z","volume":1000,"price":4.6,"category":"rbull"},{"type":"A","date":"2018-03-21T01:45:30.000Z","volume":1000,"price":4.6,"category":"rbull"},{"type":"A","date":"2018-03-21T01:45:12.000Z","volume":1000,"price":4.59,"category":"rbull"},{"type":"A","date":"2018-03-21T01:43:28.000Z","volume":1000,"price":4.59,"category":"rbull"},{"type":"A","date":"2018-03-21T01:42:28.000Z","volume":1000,"price":4.59,"category":"rbull"},{"type":"A","date":"2018-03-21T01:42:09.000Z","volume":1000,"price":4.59,"category":"rbull"},{"type":"A","date":"2018-03-21T01:41:45.000Z","volume":1000,"price":4.59,"category":"rbull"},{"type":"A","date":"2018-03-21T01:41:36.000Z","volume":1000,"price":4.59,"category":"rbull"},{"type":"A","date":"2018-03-21T01:41:02.000Z","volume":1000,"price":4.59,"category":"rbull"},{"type":"A","date":"2018-03-21T01:40:26.000Z","volume":1000,"price":4.59,"category":"rbull"},{"type":"A","date":"2018-03-21T01:40:23.000Z","volume":1000,"price":4.59,"category":"rbull"},{"type":"A","date":"2018-03-21T01:39:38.000Z","volume":1000,"price":4.59,"category":"rbull"},{"type":"A","date":"2018-03-21T01:38:17.000Z","volume":1000,"price":4.58,"category":"rbull"},{"type":"A","date":"2018-03-21T01:38:07.000Z","volume":1000,"price":4.58,"category":"rbull"},{"type":"A","date":"2018-03-21T01:38:03.000Z","volume":1000,"price":4.58,"category":"rbull"},{"type":"A","date":"2018-03-21T01:37:35.000Z","volume":1000,"price":4.58,"category":"rbull"},{"type":"A","date":"2018-03-21T01:37:18.000Z","volume":1000,"price":4.58,"category":"rbull"},{"type":"A","date":"2018-03-21T01:37:03.000Z","volume":1000,"price":4.58,"category":"rbull"},{"type":"A","date":"2018-03-21T01:36:23.000Z","volume":1000,"price":4.58,"category":"rbull"},{"type":"A","date":"2018-03-21T01:35:48.000Z","volume":1000,"price":4.58,"category":"rbull"},{"type":"A","date":"2018-03-21T01:35:32.000Z","volume":1000,"price":4.58,"category":"rbull"},{"type":"A","date":"2018-03-21T01:35:09.000Z","volume":1000,"price":4.58,"category":"rbull"},{"type":"A","date":"2018-03-21T01:34:52.000Z","volume":1000,"price":4.58,"category":"rbull"},{"type":"A","date":"2018-03-21T01:34:51.000Z","volume":1000,"price":4.58,"category":"rbull"},{"type":"A","date":"2018-03-21T01:34:06.000Z","volume":1000,"price":4.58,"category":"rbull"},{"type":"A","date":"2018-03-21T01:33:30.000Z","volume":1000,"price":4.58,"category":"rbull"},{"type":"A","date":"2018-03-21T01:32:40.000Z","volume":1000,"price":4.58,"category":"rbull"},{"type":"A","date":"2018-03-21T01:32:40.000Z","volume":1000,"price":4.58,"category":"rbull"},{"type":"A","date":"2018-03-21T01:32:23.000Z","volume":1000,"price":4.56,"category":"rbull"},{"type":"A","date":"2018-03-21T01:32:13.000Z","volume":1000,"price":4.56,"category":"rbull"},{"type":"A","date":"2018-03-21T01:32:09.000Z","volume":1000,"price":4.56,"category":"rbull"},{"type":"A","date":"2018-03-21T01:31:57.000Z","volume":1000,"price":4.56,"category":"rbull"},{"type":"A","date":"2018-03-21T01:31:49.000Z","volume":1000,"price":4.56,"category":"rbull"},{"type":"A","date":"2018-03-21T01:31:40.000Z","volume":1000,"price":4.56,"category":"rbull"},{"type":"A","date":"2018-03-21T01:31:25.000Z","volume":1000,"price":4.56,"category":"rbull"},{"type":"A","date":"2018-03-21T01:31:17.000Z","volume":1000,"price":4.56,"category":"rbull"},{"type":"A","date":"2018-03-21T01:31:13.000Z","volume":1000,"price":4.56,"category":"rbull"},{"type":"A","date":"2018-03-21T01:30:47.000Z","volume":1000,"price":4.57,"category":"rbull"},{"type":"A","date":"2018-03-21T01:30:19.000Z","volume":1000,"price":4.56,"category":"rbull"},{"type":"A","date":"2018-03-21T01:30:00.000Z","volume":1000,"price":4.56,"category":"rbull"},{"type":"B","date":"2018-03-21T07:59:41.000Z","volume":1000,"price":4.54,"category":"rbear"},{"type":"B","date":"2018-03-21T07:59:38.000Z","volume":1000,"price":4.54,"category":"rbear"},{"type":"B","date":"2018-03-21T07:59:32.000Z","volume":1000,"price":4.54,"category":"rbear"},{"type":"B","date":"2018-03-21T07:59:31.000Z","volume":1000,"price":4.54,"category":"rbear"},{"type":"B","date":"2018-03-21T07:59:04.000Z","volume":1000,"price":4.55,"category":"rbear"},{"type":"B","date":"2018-03-21T07:59:04.000Z","volume":1000,"price":4.55,"category":"rbear"},{"type":"B","date":"2018-03-21T07:59:03.000Z","volume":1000,"price":4.55,"category":"rbear"},{"type":"B","date":"2018-03-21T07:58:54.000Z","volume":1000,"price":4.55,"category":"rbear"},{"type":"B","date":"2018-03-21T07:58:54.000Z","volume":1000,"price":4.55,"category":"rbear"},{"type":"B","date":"2018-03-21T07:58:48.000Z","volume":1000,"price":4.55,"category":"rbear"},{"type":"B","date":"2018-03-21T07:58:29.000Z","volume":1000,"price":4.55,"category":"rbear"},{"type":"B","date":"2018-03-21T07:58:03.000Z","volume":1000,"price":4.55,"category":"rbear"},{"type":"B","date":"2018-03-21T07:57:53.000Z","volume":1000,"price":4.55,"category":"rbear"},{"type":"B","date":"2018-03-21T07:57:53.000Z","volume":1000,"price":4.55,"category":"rbear"},{"type":"B","date":"2018-03-21T07:57:38.000Z","volume":1000,"price":4.55,"category":"rbear"},{"type":"B","date":"2018-03-21T07:57:30.000Z","volume":1000,"price":4.55,"category":"rbear"},{"type":"B","date":"2018-03-21T07:57:19.000Z","volume":1000,"price":4.55,"category":"rbear"},{"type":"B","date":"2018-03-21T07:56:47.000Z","volume":1000,"price":4.55,"category":"rbear"},{"type":"B","date":"2018-03-21T07:56:21.000Z","volume":1000,"price":4.55,"category":"rbear"},{"type":"B","date":"2018-03-21T07:56:11.000Z","volume":1000,"price":4.55,"category":"rbear"},{"type":"B","date":"2018-03-21T07:55:08.000Z","volume":1000,"price":4.55,"category":"rbear"},{"type":"B","date":"2018-03-21T07:55:08.000Z","volume":1000,"price":4.55,"category":"rbear"},{"type":"B","date":"2018-03-21T07:51:22.000Z","volume":1000,"price":4.55,"category":"rbear"},{"type":"B","date":"2018-03-21T07:49:57.000Z","volume":1000,"price":4.56,"category":"rbear"},{"type":"B","date":"2018-03-21T07:48:01.000Z","volume":1000,"price":4.56,"category":"rbear"},{"type":"B","date":"2018-03-21T07:44:33.000Z","volume":1000,"price":4.56,"category":"rbear"},{"type":"B","date":"2018-03-21T07:44:32.000Z","volume":1000,"price":4.56,"category":"rbear"},{"type":"B","date":"2018-03-21T07:43:03.000Z","volume":1000,"price":4.56,"category":"rbear"},{"type":"B","date":"2018-03-21T07:43:00.000Z","volume":1000,"price":4.56,"category":"rbear"},{"type":"B","date":"2018-03-21T07:41:56.000Z","volume":1000,"price":4.56,"category":"rbear"},{"type":"B","date":"2018-03-21T07:41:07.000Z","volume":1000,"price":4.56,"category":"rbear"},{"type":"B","date":"2018-03-21T07:40:42.000Z","volume":1000,"price":4.56,"category":"rbear"},{"type":"B","date":"2018-03-21T07:40:26.000Z","volume":1000,"price":4.56,"category":"rbear"},{"type":"B","date":"2018-03-21T07:36:37.000Z","volume":1000,"price":4.56,"category":"rbear"},{"type":"B","date":"2018-03-21T07:32:27.000Z","volume":1000,"price":4.56,"category":"rbear"},{"type":"B","date":"2018-03-21T07:31:43.000Z","volume":1000,"price":4.56,"category":"rbear"},{"type":"B","date":"2018-03-21T07:27:21.000Z","volume":1000,"price":4.57,"category":"rbear"},{"type":"B","date":"2018-03-21T07:26:45.000Z","volume":1000,"price":4.57,"category":"rbear"},{"type":"B","date":"2018-03-21T07:26:44.000Z","volume":1000,"price":4.57,"category":"rbear"},{"type":"B","date":"2018-03-21T07:26:44.000Z","volume":1000,"price":4.57,"category":"rbear"},{"type":"B","date":"2018-03-21T07:26:38.000Z","volume":1000,"price":4.57,"category":"rbear"},{"type":"B","date":"2018-03-21T07:23:06.000Z","volume":1000,"price":4.57,"category":"rbear"},{"type":"B","date":"2018-03-21T07:20:29.000Z","volume":1000,"price":4.57,"category":"rbear"},{"type":"B","date":"2018-03-21T07:17:42.000Z","volume":1000,"price":4.57,"category":"rbear"},{"type":"B","date":"2018-03-21T07:14:55.000Z","volume":1000,"price":4.57,"category":"rbear"},{"type":"B","date":"2018-03-21T07:14:04.000Z","volume":1000,"price":4.57,"category":"rbear"},{"type":"B","date":"2018-03-21T07:06:26.000Z","volume":1000,"price":4.58,"category":"rbear"},{"type":"B","date":"2018-03-21T07:03:50.000Z","volume":1000,"price":4.58,"category":"rbear"},{"type":"B","date":"2018-03-21T07:03:19.000Z","volume":1000,"price":4.58,"category":"rbear"},{"type":"B","date":"2018-03-21T06:57:46.000Z","volume":1000,"price":4.59,"category":"rbear"},{"type":"B","date":"2018-03-21T06:47:00.000Z","volume":1000,"price":4.57,"category":"rbear"},{"type":"B","date":"2018-03-21T06:36:26.000Z","volume":1000,"price":4.57,"category":"rbear"},{"type":"B","date":"2018-03-21T06:34:46.000Z","volume":1000,"price":4.58,"category":"rbear"},{"type":"B","date":"2018-03-21T06:30:27.000Z","volume":1000,"price":4.59,"category":"rbear"},{"type":"B","date":"2018-03-21T06:29:48.000Z","volume":1000,"price":4.6,"category":"rbear"},{"type":"B","date":"2018-03-21T06:28:35.000Z","volume":1000,"price":4.6,"category":"rbear"},{"type":"B","date":"2018-03-21T06:28:24.000Z","volume":1000,"price":4.6,"category":"rbear"},{"type":"B","date":"2018-03-21T06:28:18.000Z","volume":1000,"price":4.6,"category":"rbear"},{"type":"B","date":"2018-03-21T06:24:00.000Z","volume":1000,"price":4.6,"category":"rbear"},{"type":"B","date":"2018-03-21T06:23:05.000Z","volume":1000,"price":4.6,"category":"rbear"},{"type":"B","date":"2018-03-21T06:20:15.000Z","volume":1000,"price":4.59,"category":"rbear"},{"type":"B","date":"2018-03-21T06:19:11.000Z","volume":1000,"price":4.58,"category":"rbear"},{"type":"B","date":"2018-03-21T06:11:39.000Z","volume":1000,"price":4.58,"category":"rbear"},{"type":"B","date":"2018-03-21T06:06:17.000Z","volume":1000,"price":4.59,"category":"rbear"},{"type":"B","date":"2018-03-21T06:05:57.000Z","volume":1000,"price":4.59,"category":"rbear"},{"type":"B","date":"2018-03-21T06:01:05.000Z","volume":1000,"price":4.59,"category":"rbear"},{"type":"B","date":"2018-03-21T05:54:40.000Z","volume":1000,"price":4.6,"category":"rbear"},{"type":"B","date":"2018-03-21T05:53:59.000Z","volume":1000,"price":4.6,"category":"rbear"},{"type":"B","date":"2018-03-21T05:53:09.000Z","volume":1000,"price":4.59,"category":"rbear"},{"type":"B","date":"2018-03-21T05:50:26.000Z","volume":1000,"price":4.59,"category":"rbear"},{"type":"B","date":"2018-03-21T05:49:06.000Z","volume":1000,"price":4.59,"category":"rbear"},{"type":"B","date":"2018-03-21T05:47:35.000Z","volume":1000,"price":4.59,"category":"rbear"},{"type":"B","date":"2018-03-21T05:45:27.000Z","volume":1000,"price":4.59,"category":"rbear"},{"type":"B","date":"2018-03-21T05:45:00.000Z","volume":1000,"price":4.59,"category":"rbear"},{"type":"B","date":"2018-03-21T05:41:56.000Z","volume":1000,"price":4.59,"category":"rbear"},{"type":"B","date":"2018-03-21T05:39:21.000Z","volume":1000,"price":4.59,"category":"rbear"},{"type":"B","date":"2018-03-21T05:36:34.000Z","volume":1000,"price":4.59,"category":"rbear"},{"type":"B","date":"2018-03-21T05:27:00.000Z","volume":1000,"price":4.59,"category":"rbear"},{"type":"B","date":"2018-03-21T05:24:54.000Z","volume":1000,"price":4.59,"category":"rbear"},{"type":"B","date":"2018-03-21T05:22:39.000Z","volume":1000,"price":4.59,"category":"rbear"},{"type":"B","date":"2018-03-21T05:19:49.000Z","volume":1000,"price":4.59,"category":"rbear"},{"type":"B","date":"2018-03-21T05:17:36.000Z","volume":1000,"price":4.59,"category":"rbear"},{"type":"B","date":"2018-03-21T05:17:00.000Z","volume":1000,"price":4.59,"category":"rbear"},{"type":"B","date":"2018-03-21T05:15:56.000Z","volume":1000,"price":4.59,"category":"rbear"},{"type":"B","date":"2018-03-21T05:14:11.000Z","volume":1000,"price":4.59,"category":"rbear"},{"type":"B","date":"2018-03-21T05:11:19.000Z","volume":1000,"price":4.59,"category":"rbear"},{"type":"B","date":"2018-03-21T05:10:30.000Z","volume":1000,"price":4.59,"category":"rbear"},{"type":"B","date":"2018-03-21T05:09:23.000Z","volume":1000,"price":4.59,"category":"rbear"},{"type":"B","date":"2018-03-21T05:08:43.000Z","volume":1000,"price":4.59,"category":"rbear"},{"type":"B","date":"2018-03-21T05:08:43.000Z","volume":1000,"price":4.59,"category":"rbear"},{"type":"B","date":"2018-03-21T05:07:46.000Z","volume":1000,"price":4.59,"category":"rbear"},{"type":"B","date":"2018-03-21T05:07:00.000Z","volume":1000,"price":4.59,"category":"rbear"},{"type":"B","date":"2018-03-21T05:05:51.000Z","volume":1000,"price":4.6,"category":"rbear"},{"type":"B","date":"2018-03-21T05:04:58.000Z","volume":1000,"price":4.6,"category":"rbear"},{"type":"B","date":"2018-03-21T05:02:12.000Z","volume":1000,"price":4.6,"category":"rbear"},{"type":"B","date":"2018-03-21T05:00:17.000Z","volume":1000,"price":4.61,"category":"rbear"},{"type":"B","date":"2018-03-21T05:00:07.000Z","volume":1000,"price":4.61,"category":"rbear"},{"type":"B","date":"2018-03-21T03:59:12.000Z","volume":1000,"price":4.6,"category":"rbear"},{"type":"B","date":"2018-03-21T03:57:31.000Z","volume":1000,"price":4.59,"category":"rbear"},{"type":"B","date":"2018-03-21T03:51:50.000Z","volume":1000,"price":4.59,"category":"rbear"},{"type":"B","date":"2018-03-21T03:50:42.000Z","volume":1000,"price":4.59,"category":"rbear"},{"type":"B","date":"2018-03-21T03:50:15.000Z","volume":1000,"price":4.59,"category":"rbear"},{"type":"B","date":"2018-03-21T03:46:04.000Z","volume":1000,"price":4.59,"category":"rbear"},{"type":"B","date":"2018-03-21T03:41:44.000Z","volume":1000,"price":4.59,"category":"rbear"},{"type":"B","date":"2018-03-21T03:37:29.000Z","volume":1000,"price":4.6,"category":"rbear"},{"type":"B","date":"2018-03-21T03:34:14.000Z","volume":1000,"price":4.58,"category":"rbear"},{"type":"B","date":"2018-03-21T03:30:49.000Z","volume":1000,"price":4.58,"category":"rbear"},{"type":"B","date":"2018-03-21T03:29:54.000Z","volume":1000,"price":4.6,"category":"rbear"},{"type":"B","date":"2018-03-21T03:16:01.000Z","volume":1000,"price":4.6,"category":"rbear"},{"type":"B","date":"2018-03-21T03:15:30.000Z","volume":1000,"price":4.6,"category":"rbear"},{"type":"B","date":"2018-03-21T03:13:30.000Z","volume":1000,"price":4.6,"category":"rbear"},{"type":"B","date":"2018-03-21T03:11:33.000Z","volume":1000,"price":4.6,"category":"rbear"},{"type":"B","date":"2018-03-21T03:10:52.000Z","volume":1000,"price":4.6,"category":"rbear"},{"type":"B","date":"2018-03-21T03:10:05.000Z","volume":1000,"price":4.6,"category":"rbear"},{"type":"B","date":"2018-03-21T03:08:36.000Z","volume":1000,"price":4.61,"category":"rbear"},{"type":"B","date":"2018-03-21T03:08:02.000Z","volume":1000,"price":4.61,"category":"rbear"},{"type":"B","date":"2018-03-21T03:01:38.000Z","volume":1000,"price":4.61,"category":"rbear"},{"type":"B","date":"2018-03-21T02:59:32.000Z","volume":1000,"price":4.61,"category":"rbear"},{"type":"B","date":"2018-03-21T02:58:43.000Z","volume":1000,"price":4.61,"category":"rbear"},{"type":"B","date":"2018-03-21T02:56:52.000Z","volume":1000,"price":4.61,"category":"rbear"},{"type":"B","date":"2018-03-21T02:54:54.000Z","volume":1000,"price":4.61,"category":"rbear"},{"type":"B","date":"2018-03-21T02:54:54.000Z","volume":1000,"price":4.61,"category":"rbear"},{"type":"B","date":"2018-03-21T02:54:14.000Z","volume":1000,"price":4.61,"category":"rbear"},{"type":"B","date":"2018-03-21T02:53:48.000Z","volume":1000,"price":4.61,"category":"rbear"},{"type":"B","date":"2018-03-21T02:48:33.000Z","volume":1000,"price":4.61,"category":"rbear"},{"type":"B","date":"2018-03-21T02:45:51.000Z","volume":1000,"price":4.61,"category":"rbear"},{"type":"B","date":"2018-03-21T02:44:50.000Z","volume":1000,"price":4.61,"category":"rbear"},{"type":"B","date":"2018-03-21T02:42:49.000Z","volume":1000,"price":4.61,"category":"rbear"},{"type":"B","date":"2018-03-21T02:41:54.000Z","volume":1000,"price":4.61,"category":"rbear"},{"type":"B","date":"2018-03-21T02:39:57.000Z","volume":1000,"price":4.61,"category":"rbear"},{"type":"B","date":"2018-03-21T02:37:23.000Z","volume":1000,"price":4.61,"category":"rbear"},{"type":"B","date":"2018-03-21T02:36:01.000Z","volume":1000,"price":4.61,"category":"rbear"},{"type":"B","date":"2018-03-21T02:34:47.000Z","volume":1000,"price":4.61,"category":"rbear"},{"type":"B","date":"2018-03-21T02:32:05.000Z","volume":1000,"price":4.6,"category":"rbear"},{"type":"B","date":"2018-03-21T02:32:01.000Z","volume":1000,"price":4.6,"category":"rbear"},{"type":"B","date":"2018-03-21T02:29:34.000Z","volume":1000,"price":4.6,"category":"rbear"},{"type":"B","date":"2018-03-21T02:29:00.000Z","volume":1000,"price":4.6,"category":"rbear"},{"type":"B","date":"2018-03-21T02:28:44.000Z","volume":1000,"price":4.6,"category":"rbear"},{"type":"B","date":"2018-03-21T02:26:36.000Z","volume":1000,"price":4.6,"category":"rbear"},{"type":"B","date":"2018-03-21T02:24:30.000Z","volume":1000,"price":4.6,"category":"rbear"},{"type":"B","date":"2018-03-21T02:20:31.000Z","volume":1000,"price":4.61,"category":"rbear"},{"type":"B","date":"2018-03-21T02:20:14.000Z","volume":1000,"price":4.61,"category":"rbear"},{"type":"B","date":"2018-03-21T02:18:42.000Z","volume":1000,"price":4.61,"category":"rbear"},{"type":"B","date":"2018-03-21T02:18:19.000Z","volume":1000,"price":4.61,"category":"rbear"},{"type":"B","date":"2018-03-21T02:18:10.000Z","volume":1000,"price":4.61,"category":"rbear"},{"type":"B","date":"2018-03-21T02:13:41.000Z","volume":1000,"price":4.6,"category":"rbear"},{"type":"B","date":"2018-03-21T02:13:24.000Z","volume":1000,"price":4.61,"category":"rbear"},{"type":"B","date":"2018-03-21T02:12:03.000Z","volume":1000,"price":4.61,"category":"rbear"},{"type":"B","date":"2018-03-21T02:06:28.000Z","volume":1000,"price":4.61,"category":"rbear"},{"type":"B","date":"2018-03-21T02:05:03.000Z","volume":1000,"price":4.6,"category":"rbear"},{"type":"B","date":"2018-03-21T01:56:51.000Z","volume":1000,"price":4.6,"category":"rbear"},{"type":"B","date":"2018-03-21T01:53:52.000Z","volume":1000,"price":4.6,"category":"rbear"},{"type":"B","date":"2018-03-21T01:53:46.000Z","volume":1000,"price":4.6,"category":"rbear"},{"type":"B","date":"2018-03-21T01:53:22.000Z","volume":1000,"price":4.61,"category":"rbear"},{"type":"B","date":"2018-03-21T01:45:56.000Z","volume":1000,"price":4.59,"category":"rbear"},{"type":"B","date":"2018-03-21T01:45:22.000Z","volume":1000,"price":4.58,"category":"rbear"},{"type":"B","date":"2018-03-21T01:42:59.000Z","volume":1000,"price":4.58,"category":"rbear"},{"type":"B","date":"2018-03-21T01:40:25.000Z","volume":1000,"price":4.58,"category":"rbear"},{"type":"B","date":"2018-03-21T01:38:56.000Z","volume":1000,"price":4.59,"category":"rbear"},{"type":"B","date":"2018-03-21T01:36:21.000Z","volume":1000,"price":4.57,"category":"rbear"},{"type":"B","date":"2018-03-21T01:33:48.000Z","volume":1000,"price":4.57,"category":"rbear"},{"type":"B","date":"2018-03-21T01:33:37.000Z","volume":1000,"price":4.57,"category":"rbear"},{"type":"B","date":"2018-03-21T01:31:20.000Z","volume":1000,"price":4.55,"category":"rbear"},{"type":"B","date":"2018-03-21T01:30:22.000Z","volume":1000,"price":4.55,"category":"rbear"},{"type":"B","date":"2018-03-21T01:30:11.000Z","volume":1000,"price":4.55,"category":"rbear"},{"type":"B","date":"2018-03-21T01:30:09.000Z","volume":1000,"price":4.55,"category":"rbear"},{"type":"B","date":"2018-03-21T07:59:56.000Z","volume":52000,"price":4.54,"category":"bbear"},{"type":"B","date":"2018-03-21T07:59:48.000Z","volume":30000,"price":4.54,"category":"bbear"},{"type":"B","date":"2018-03-21T07:59:32.000Z","volume":37000,"price":4.54,"category":"bbear"},{"type":"B","date":"2018-03-21T07:59:32.000Z","volume":46000,"price":4.54,"category":"bbear"},{"type":"B","date":"2018-03-21T07:59:05.000Z","volume":22000,"price":4.55,"category":"bbear"},{"type":"B","date":"2018-03-21T07:59:04.000Z","volume":21000,"price":4.55,"category":"bbear"},{"type":"B","date":"2018-03-21T07:58:56.000Z","volume":62000,"price":4.55,"category":"bbear"},{"type":"B","date":"2018-03-21T07:58:55.000Z","volume":62000,"price":4.55,"category":"bbear"},{"type":"B","date":"2018-03-21T07:58:54.000Z","volume":22000,"price":4.55,"category":"bbear"},{"type":"B","date":"2018-03-21T07:58:53.000Z","volume":60000,"price":4.55,"category":"bbear"},{"type":"B","date":"2018-03-21T07:58:27.000Z","volume":60000,"price":4.55,"category":"bbear"},{"type":"B","date":"2018-03-21T07:58:23.000Z","volume":57000,"price":4.55,"category":"bbear"},{"type":"B","date":"2018-03-21T07:58:00.000Z","volume":22000,"price":4.55,"category":"bbear"},{"type":"B","date":"2018-03-21T07:57:53.000Z","volume":54000,"price":4.55,"category":"bbear"},{"type":"B","date":"2018-03-21T07:57:36.000Z","volume":25000,"price":4.55,"category":"bbear"},{"type":"B","date":"2018-03-21T07:57:23.000Z","volume":27000,"price":4.55,"category":"bbear"},{"type":"B","date":"2018-03-21T07:57:23.000Z","volume":21000,"price":4.55,"category":"bbear"},{"type":"B","date":"2018-03-21T07:57:23.000Z","volume":46000,"price":4.55,"category":"bbear"},{"type":"B","date":"2018-03-21T07:57:19.000Z","volume":26000,"price":4.55,"category":"bbear"},{"type":"B","date":"2018-03-21T07:57:19.000Z","volume":60000,"price":4.55,"category":"bbear"},{"type":"B","date":"2018-03-21T07:57:15.000Z","volume":39000,"price":4.55,"category":"bbear"},{"type":"B","date":"2018-03-21T07:57:00.000Z","volume":23000,"price":4.55,"category":"bbear"},{"type":"B","date":"2018-03-21T07:56:53.000Z","volume":63000,"price":4.55,"category":"bbear"},{"type":"B","date":"2018-03-21T07:56:23.000Z","volume":38000,"price":4.55,"category":"bbear"},{"type":"B","date":"2018-03-21T07:56:00.000Z","volume":22000,"price":4.55,"category":"bbear"},{"type":"B","date":"2018-03-21T07:55:53.000Z","volume":69000,"price":4.55,"category":"bbear"},{"type":"B","date":"2018-03-21T07:55:47.000Z","volume":51000,"price":4.55,"category":"bbear"},{"type":"B","date":"2018-03-21T07:54:25.000Z","volume":50000,"price":4.55,"category":"bbear"},{"type":"B","date":"2018-03-21T07:54:00.000Z","volume":22000,"price":4.55,"category":"bbear"},{"type":"B","date":"2018-03-21T07:53:40.000Z","volume":23000,"price":4.55,"category":"bbear"},{"type":"B","date":"2018-03-21T07:53:23.000Z","volume":40000,"price":4.55,"category":"bbear"},{"type":"B","date":"2018-03-21T07:51:33.000Z","volume":30000,"price":4.55,"category":"bbear"},{"type":"B","date":"2018-03-21T07:50:16.000Z","volume":48000,"price":4.56,"category":"bbear"},{"type":"B","date":"2018-03-21T07:49:50.000Z","volume":26000,"price":4.56,"category":"bbear"},{"type":"B","date":"2018-03-21T07:49:40.000Z","volume":26000,"price":4.56,"category":"bbear"},{"type":"B","date":"2018-03-21T07:49:25.000Z","volume":25000,"price":4.56,"category":"bbear"},{"type":"B","date":"2018-03-21T07:49:22.000Z","volume":42000,"price":4.56,"category":"bbear"},{"type":"B","date":"2018-03-21T07:49:16.000Z","volume":40000,"price":4.56,"category":"bbear"},{"type":"B","date":"2018-03-21T07:49:13.000Z","volume":51000,"price":4.56,"category":"bbear"},{"type":"B","date":"2018-03-21T07:49:08.000Z","volume":27000,"price":4.56,"category":"bbear"},{"type":"B","date":"2018-03-21T07:49:03.000Z","volume":23000,"price":4.56,"category":"bbear"},{"type":"B","date":"2018-03-21T07:49:03.000Z","volume":47000,"price":4.56,"category":"bbear"},{"type":"B","date":"2018-03-21T07:48:52.000Z","volume":23000,"price":4.56,"category":"bbear"},{"type":"B","date":"2018-03-21T07:48:52.000Z","volume":26000,"price":4.56,"category":"bbear"},{"type":"B","date":"2018-03-21T07:48:46.000Z","volume":41000,"price":4.56,"category":"bbear"},{"type":"B","date":"2018-03-21T07:48:46.000Z","volume":34000,"price":4.56,"category":"bbear"},{"type":"B","date":"2018-03-21T07:48:32.000Z","volume":27000,"price":4.56,"category":"bbear"},{"type":"B","date":"2018-03-21T07:48:32.000Z","volume":39000,"price":4.56,"category":"bbear"},{"type":"B","date":"2018-03-21T07:47:31.000Z","volume":35000,"price":4.56,"category":"bbear"},{"type":"B","date":"2018-03-21T07:47:31.000Z","volume":34000,"price":4.56,"category":"bbear"},{"type":"B","date":"2018-03-21T07:47:00.000Z","volume":23000,"price":4.56,"category":"bbear"},{"type":"B","date":"2018-03-21T07:46:53.000Z","volume":53000,"price":4.56,"category":"bbear"},{"type":"B","date":"2018-03-21T07:46:52.000Z","volume":25000,"price":4.56,"category":"bbear"},{"type":"B","date":"2018-03-21T07:46:40.000Z","volume":31000,"price":4.56,"category":"bbear"},{"type":"B","date":"2018-03-21T07:46:00.000Z","volume":36000,"price":4.56,"category":"bbear"},{"type":"B","date":"2018-03-21T07:45:59.000Z","volume":43000,"price":4.56,"category":"bbear"},{"type":"B","date":"2018-03-21T07:45:26.000Z","volume":30000,"price":4.56,"category":"bbear"},{"type":"B","date":"2018-03-21T07:45:22.000Z","volume":23000,"price":4.56,"category":"bbear"},{"type":"B","date":"2018-03-21T07:44:56.000Z","volume":22000,"price":4.56,"category":"bbear"},{"type":"B","date":"2018-03-21T07:44:46.000Z","volume":31000,"price":4.56,"category":"bbear"},{"type":"B","date":"2018-03-21T07:44:33.000Z","volume":53000,"price":4.56,"category":"bbear"},{"type":"B","date":"2018-03-21T07:44:22.000Z","volume":21000,"price":4.56,"category":"bbear"},{"type":"B","date":"2018-03-21T07:43:52.000Z","volume":21000,"price":4.56,"category":"bbear"},{"type":"B","date":"2018-03-21T07:43:28.000Z","volume":62000,"price":4.56,"category":"bbear"},{"type":"B","date":"2018-03-21T07:43:13.000Z","volume":63000,"price":4.56,"category":"bbear"},{"type":"B","date":"2018-03-21T07:43:03.000Z","volume":21000,"price":4.56,"category":"bbear"},{"type":"B","date":"2018-03-21T07:43:03.000Z","volume":33000,"price":4.56,"category":"bbear"},{"type":"B","date":"2018-03-21T07:42:59.000Z","volume":24000,"price":4.56,"category":"bbear"},{"type":"B","date":"2018-03-21T07:42:52.000Z","volume":33000,"price":4.56,"category":"bbear"},{"type":"B","date":"2018-03-21T07:42:18.000Z","volume":51000,"price":4.56,"category":"bbear"},{"type":"B","date":"2018-03-21T07:42:15.000Z","volume":31000,"price":4.56,"category":"bbear"},{"type":"B","date":"2018-03-21T07:42:03.000Z","volume":32000,"price":4.56,"category":"bbear"},{"type":"B","date":"2018-03-21T07:41:39.000Z","volume":38000,"price":4.56,"category":"bbear"},{"type":"B","date":"2018-03-21T07:41:38.000Z","volume":37000,"price":4.56,"category":"bbear"},{"type":"B","date":"2018-03-21T07:41:22.000Z","volume":30000,"price":4.56,"category":"bbear"},{"type":"B","date":"2018-03-21T07:41:17.000Z","volume":22000,"price":4.56,"category":"bbear"},{"type":"B","date":"2018-03-21T07:40:59.000Z","volume":30000,"price":4.56,"category":"bbear"},{"type":"B","date":"2018-03-21T07:40:49.000Z","volume":21000,"price":4.56,"category":"bbear"},{"type":"B","date":"2018-03-21T07:40:28.000Z","volume":48000,"price":4.56,"category":"bbear"},{"type":"B","date":"2018-03-21T07:40:02.000Z","volume":42000,"price":4.56,"category":"bbear"},{"type":"B","date":"2018-03-21T07:39:51.000Z","volume":22000,"price":4.56,"category":"bbear"},{"type":"B","date":"2018-03-21T07:39:31.000Z","volume":44000,"price":4.56,"category":"bbear"},{"type":"B","date":"2018-03-21T07:38:13.000Z","volume":30000,"price":4.56,"category":"bbear"},{"type":"B","date":"2018-03-21T07:38:04.000Z","volume":43000,"price":4.56,"category":"bbear"},{"type":"B","date":"2018-03-21T07:38:00.000Z","volume":23000,"price":4.56,"category":"bbear"},{"type":"B","date":"2018-03-21T07:37:51.000Z","volume":24000,"price":4.56,"category":"bbear"},{"type":"B","date":"2018-03-21T07:37:21.000Z","volume":24000,"price":4.56,"category":"bbear"},{"type":"B","date":"2018-03-21T07:37:06.000Z","volume":43000,"price":4.56,"category":"bbear"},{"type":"B","date":"2018-03-21T07:36:53.000Z","volume":21000,"price":4.56,"category":"bbear"},{"type":"B","date":"2018-03-21T07:36:00.000Z","volume":23000,"price":4.56,"category":"bbear"},{"type":"B","date":"2018-03-21T07:35:55.000Z","volume":40000,"price":4.56,"category":"bbear"},{"type":"B","date":"2018-03-21T07:35:51.000Z","volume":25000,"price":4.56,"category":"bbear"},{"type":"B","date":"2018-03-21T07:35:48.000Z","volume":50000,"price":4.56,"category":"bbear"},{"type":"B","date":"2018-03-21T07:35:37.000Z","volume":22000,"price":4.56,"category":"bbear"},{"type":"B","date":"2018-03-21T07:34:19.000Z","volume":23000,"price":4.56,"category":"bbear"},{"type":"B","date":"2018-03-21T07:33:59.000Z","volume":38000,"price":4.56,"category":"bbear"},{"type":"B","date":"2018-03-21T07:33:53.000Z","volume":22000,"price":4.56,"category":"bbear"},{"type":"B","date":"2018-03-21T07:32:35.000Z","volume":23000,"price":4.56,"category":"bbear"},{"type":"B","date":"2018-03-21T07:31:56.000Z","volume":23000,"price":4.56,"category":"bbear"},{"type":"B","date":"2018-03-21T07:31:17.000Z","volume":23000,"price":4.56,"category":"bbear"},{"type":"B","date":"2018-03-21T07:31:09.000Z","volume":35000,"price":4.56,"category":"bbear"},{"type":"B","date":"2018-03-21T07:31:08.000Z","volume":21000,"price":4.56,"category":"bbear"},{"type":"B","date":"2018-03-21T07:29:33.000Z","volume":23000,"price":4.56,"category":"bbear"},{"type":"B","date":"2018-03-21T07:29:15.000Z","volume":52000,"price":4.56,"category":"bbear"},{"type":"B","date":"2018-03-21T07:28:54.000Z","volume":23000,"price":4.56,"category":"bbear"},{"type":"B","date":"2018-03-21T07:28:15.000Z","volume":23000,"price":4.56,"category":"bbear"},{"type":"B","date":"2018-03-21T07:27:21.000Z","volume":52000,"price":4.57,"category":"bbear"},{"type":"B","date":"2018-03-21T07:27:15.000Z","volume":30000,"price":4.57,"category":"bbear"},{"type":"B","date":"2018-03-21T07:26:57.000Z","volume":24000,"price":4.57,"category":"bbear"},{"type":"B","date":"2018-03-21T07:26:31.000Z","volume":24000,"price":4.57,"category":"bbear"},{"type":"B","date":"2018-03-21T07:25:39.000Z","volume":21000,"price":4.57,"category":"bbear"},{"type":"B","date":"2018-03-21T07:25:13.000Z","volume":24000,"price":4.57,"category":"bbear"},{"type":"B","date":"2018-03-21T07:25:08.000Z","volume":55000,"price":4.57,"category":"bbear"},{"type":"B","date":"2018-03-21T07:25:03.000Z","volume":40000,"price":4.57,"category":"bbear"},{"type":"B","date":"2018-03-21T07:23:16.000Z","volume":22000,"price":4.57,"category":"bbear"},{"type":"B","date":"2018-03-21T07:22:50.000Z","volume":22000,"price":4.57,"category":"bbear"},{"type":"B","date":"2018-03-21T07:22:11.000Z","volume":24000,"price":4.57,"category":"bbear"},{"type":"B","date":"2018-03-21T07:20:54.000Z","volume":59000,"price":4.57,"category":"bbear"},{"type":"B","date":"2018-03-21T07:20:53.000Z","volume":23000,"price":4.57,"category":"bbear"},{"type":"B","date":"2018-03-21T07:20:14.000Z","volume":22000,"price":4.57,"category":"bbear"},{"type":"B","date":"2018-03-21T07:19:09.000Z","volume":24000,"price":4.57,"category":"bbear"},{"type":"B","date":"2018-03-21T07:18:43.000Z","volume":21000,"price":4.57,"category":"bbear"},{"type":"B","date":"2018-03-21T07:17:12.000Z","volume":22000,"price":4.57,"category":"bbear"},{"type":"B","date":"2018-03-21T07:16:31.000Z","volume":49000,"price":4.57,"category":"bbear"},{"type":"B","date":"2018-03-21T07:16:07.000Z","volume":24000,"price":4.57,"category":"bbear"},{"type":"B","date":"2018-03-21T07:15:00.000Z","volume":24000,"price":4.57,"category":"bbear"},{"type":"B","date":"2018-03-21T07:14:10.000Z","volume":23000,"price":4.57,"category":"bbear"},{"type":"B","date":"2018-03-21T07:13:44.000Z","volume":22000,"price":4.57,"category":"bbear"},{"type":"B","date":"2018-03-21T07:13:05.000Z","volume":24000,"price":4.57,"category":"bbear"},{"type":"B","date":"2018-03-21T07:12:49.000Z","volume":60000,"price":4.57,"category":"bbear"},{"type":"B","date":"2018-03-21T07:11:00.000Z","volume":23000,"price":4.57,"category":"bbear"},{"type":"B","date":"2018-03-21T07:10:55.000Z","volume":22000,"price":4.57,"category":"bbear"},{"type":"B","date":"2018-03-21T07:10:00.000Z","volume":23000,"price":4.57,"category":"bbear"},{"type":"B","date":"2018-03-21T07:08:59.000Z","volume":23000,"price":4.57,"category":"bbear"},{"type":"B","date":"2018-03-21T07:08:33.000Z","volume":36000,"price":4.57,"category":"bbear"},{"type":"B","date":"2018-03-21T07:06:01.000Z","volume":39000,"price":4.58,"category":"bbear"},{"type":"B","date":"2018-03-21T07:05:56.000Z","volume":27000,"price":4.58,"category":"bbear"},{"type":"B","date":"2018-03-21T07:04:12.000Z","volume":21000,"price":4.58,"category":"bbear"},{"type":"B","date":"2018-03-21T07:02:10.000Z","volume":48000,"price":4.58,"category":"bbear"},{"type":"B","date":"2018-03-21T07:01:36.000Z","volume":22000,"price":4.58,"category":"bbear"},{"type":"B","date":"2018-03-21T06:59:39.000Z","volume":25000,"price":4.59,"category":"bbear"},{"type":"B","date":"2018-03-21T06:58:46.000Z","volume":38000,"price":4.59,"category":"bbear"},{"type":"B","date":"2018-03-21T06:49:45.000Z","volume":50000,"price":4.57,"category":"bbear"},{"type":"B","date":"2018-03-21T06:49:30.000Z","volume":23000,"price":4.57,"category":"bbear"},{"type":"B","date":"2018-03-21T06:48:10.000Z","volume":21000,"price":4.57,"category":"bbear"},{"type":"B","date":"2018-03-21T06:46:41.000Z","volume":27000,"price":4.57,"category":"bbear"},{"type":"B","date":"2018-03-21T06:46:32.000Z","volume":30000,"price":4.57,"category":"bbear"},{"type":"B","date":"2018-03-21T06:46:07.000Z","volume":23000,"price":4.57,"category":"bbear"},{"type":"B","date":"2018-03-21T06:45:08.000Z","volume":40000,"price":4.57,"category":"bbear"},{"type":"B","date":"2018-03-21T06:44:42.000Z","volume":22000,"price":4.57,"category":"bbear"},{"type":"B","date":"2018-03-21T06:44:07.000Z","volume":30000,"price":4.57,"category":"bbear"},{"type":"B","date":"2018-03-21T06:42:15.000Z","volume":50000,"price":4.57,"category":"bbear"},{"type":"B","date":"2018-03-21T06:40:17.000Z","volume":50000,"price":4.58,"category":"bbear"},{"type":"B","date":"2018-03-21T06:37:02.000Z","volume":23000,"price":4.57,"category":"bbear"},{"type":"B","date":"2018-03-21T06:36:58.000Z","volume":59000,"price":4.57,"category":"bbear"},{"type":"B","date":"2018-03-21T06:36:16.000Z","volume":71000,"price":4.58,"category":"bbear"},{"type":"B","date":"2018-03-21T06:35:56.000Z","volume":34000,"price":4.58,"category":"bbear"},{"type":"B","date":"2018-03-21T06:35:38.000Z","volume":40000,"price":4.58,"category":"bbear"},{"type":"B","date":"2018-03-21T06:35:32.000Z","volume":41000,"price":4.58,"category":"bbear"},{"type":"B","date":"2018-03-21T06:35:19.000Z","volume":22000,"price":4.58,"category":"bbear"},{"type":"B","date":"2018-03-21T06:33:42.000Z","volume":50000,"price":4.59,"category":"bbear"},{"type":"B","date":"2018-03-21T06:33:40.000Z","volume":41000,"price":4.59,"category":"bbear"},{"type":"B","date":"2018-03-21T06:33:35.000Z","volume":30000,"price":4.59,"category":"bbear"},{"type":"B","date":"2018-03-21T06:32:50.000Z","volume":40000,"price":4.59,"category":"bbear"},{"type":"B","date":"2018-03-21T06:32:06.000Z","volume":51000,"price":4.59,"category":"bbear"},{"type":"B","date":"2018-03-21T06:31:29.000Z","volume":23000,"price":4.59,"category":"bbear"},{"type":"B","date":"2018-03-21T06:30:36.000Z","volume":40000,"price":4.59,"category":"bbear"},{"type":"B","date":"2018-03-21T06:30:28.000Z","volume":40000,"price":4.59,"category":"bbear"},{"type":"B","date":"2018-03-21T06:30:27.000Z","volume":51000,"price":4.59,"category":"bbear"},{"type":"B","date":"2018-03-21T06:30:14.000Z","volume":40000,"price":4.59,"category":"bbear"},{"type":"B","date":"2018-03-21T06:29:48.000Z","volume":29000,"price":4.6,"category":"bbear"},{"type":"B","date":"2018-03-21T06:29:48.000Z","volume":42000,"price":4.6,"category":"bbear"},{"type":"B","date":"2018-03-21T06:29:16.000Z","volume":48000,"price":4.6,"category":"bbear"},{"type":"B","date":"2018-03-21T06:29:13.000Z","volume":25000,"price":4.6,"category":"bbear"},{"type":"B","date":"2018-03-21T06:28:05.000Z","volume":22000,"price":4.6,"category":"bbear"},{"type":"B","date":"2018-03-21T06:27:21.000Z","volume":50000,"price":4.6,"category":"bbear"},{"type":"B","date":"2018-03-21T06:25:35.000Z","volume":55000,"price":4.6,"category":"bbear"},{"type":"B","date":"2018-03-21T06:18:58.000Z","volume":44000,"price":4.58,"category":"bbear"},{"type":"B","date":"2018-03-21T06:13:54.000Z","volume":55000,"price":4.58,"category":"bbear"},{"type":"B","date":"2018-03-21T06:13:19.000Z","volume":45000,"price":4.58,"category":"bbear"},{"type":"B","date":"2018-03-21T06:13:00.000Z","volume":23000,"price":4.58,"category":"bbear"},{"type":"B","date":"2018-03-21T06:11:03.000Z","volume":23000,"price":4.58,"category":"bbear"},{"type":"B","date":"2018-03-21T06:10:01.000Z","volume":50000,"price":4.58,"category":"bbear"},{"type":"B","date":"2018-03-21T06:09:49.000Z","volume":24000,"price":4.58,"category":"bbear"},{"type":"B","date":"2018-03-21T06:09:36.000Z","volume":52000,"price":4.58,"category":"bbear"},{"type":"B","date":"2018-03-21T06:09:17.000Z","volume":37000,"price":4.58,"category":"bbear"},{"type":"B","date":"2018-03-21T06:09:17.000Z","volume":31000,"price":4.59,"category":"bbear"},{"type":"B","date":"2018-03-21T06:09:17.000Z","volume":47000,"price":4.59,"category":"bbear"},{"type":"B","date":"2018-03-21T06:07:58.000Z","volume":37000,"price":4.59,"category":"bbear"},{"type":"B","date":"2018-03-21T06:05:42.000Z","volume":24000,"price":4.59,"category":"bbear"},{"type":"B","date":"2018-03-21T06:05:42.000Z","volume":29000,"price":4.59,"category":"bbear"},{"type":"B","date":"2018-03-21T06:01:55.000Z","volume":49000,"price":4.59,"category":"bbear"},{"type":"B","date":"2018-03-21T05:58:57.000Z","volume":36000,"price":4.59,"category":"bbear"},{"type":"B","date":"2018-03-21T05:53:58.000Z","volume":50000,"price":4.6,"category":"bbear"},{"type":"B","date":"2018-03-21T05:53:45.000Z","volume":30000,"price":4.6,"category":"bbear"},{"type":"B","date":"2018-03-21T05:53:42.000Z","volume":30000,"price":4.6,"category":"bbear"},{"type":"B","date":"2018-03-21T05:53:21.000Z","volume":23000,"price":4.59,"category":"bbear"},{"type":"B","date":"2018-03-21T05:50:54.000Z","volume":47000,"price":4.59,"category":"bbear"},{"type":"B","date":"2018-03-21T05:48:22.000Z","volume":22000,"price":4.59,"category":"bbear"},{"type":"B","date":"2018-03-21T05:46:40.000Z","volume":56000,"price":4.59,"category":"bbear"},{"type":"B","date":"2018-03-21T05:43:36.000Z","volume":23000,"price":4.59,"category":"bbear"},{"type":"B","date":"2018-03-21T05:41:58.000Z","volume":57000,"price":4.59,"category":"bbear"},{"type":"B","date":"2018-03-21T05:41:56.000Z","volume":40000,"price":4.59,"category":"bbear"},{"type":"B","date":"2018-03-21T05:39:41.000Z","volume":21000,"price":4.59,"category":"bbear"},{"type":"B","date":"2018-03-21T05:38:27.000Z","volume":21000,"price":4.59,"category":"bbear"},{"type":"B","date":"2018-03-21T05:37:18.000Z","volume":23000,"price":4.59,"category":"bbear"},{"type":"B","date":"2018-03-21T05:35:25.000Z","volume":40000,"price":4.59,"category":"bbear"},{"type":"B","date":"2018-03-21T05:32:59.000Z","volume":21000,"price":4.59,"category":"bbear"},{"type":"B","date":"2018-03-21T05:31:12.000Z","volume":28000,"price":4.59,"category":"bbear"},{"type":"B","date":"2018-03-21T05:26:56.000Z","volume":54000,"price":4.59,"category":"bbear"},{"type":"B","date":"2018-03-21T05:26:42.000Z","volume":23000,"price":4.59,"category":"bbear"},{"type":"B","date":"2018-03-21T05:26:09.000Z","volume":60000,"price":4.59,"category":"bbear"},{"type":"B","date":"2018-03-21T05:23:40.000Z","volume":22000,"price":4.59,"category":"bbear"},{"type":"B","date":"2018-03-21T05:21:53.000Z","volume":36000,"price":4.59,"category":"bbear"},{"type":"B","date":"2018-03-21T05:20:38.000Z","volume":21000,"price":4.59,"category":"bbear"},{"type":"B","date":"2018-03-21T05:17:38.000Z","volume":27000,"price":4.59,"category":"bbear"},{"type":"B","date":"2018-03-21T05:15:52.000Z","volume":21000,"price":4.59,"category":"bbear"},{"type":"B","date":"2018-03-21T05:15:10.000Z","volume":42000,"price":4.59,"category":"bbear"},{"type":"B","date":"2018-03-21T05:06:32.000Z","volume":36000,"price":4.6,"category":"bbear"},{"type":"B","date":"2018-03-21T05:00:04.000Z","volume":70000,"price":4.61,"category":"bbear"},{"type":"B","date":"2018-03-21T05:00:02.000Z","volume":68000,"price":4.61,"category":"bbear"},{"type":"B","date":"2018-03-21T05:00:00.000Z","volume":45000,"price":4.61,"category":"bbear"},{"type":"B","date":"2018-03-21T03:56:21.000Z","volume":56000,"price":4.59,"category":"bbear"},{"type":"B","date":"2018-03-21T03:51:40.000Z","volume":33000,"price":4.59,"category":"bbear"},{"type":"B","date":"2018-03-21T03:48:46.000Z","volume":49000,"price":4.59,"category":"bbear"},{"type":"B","date":"2018-03-21T03:44:35.000Z","volume":33000,"price":4.59,"category":"bbear"},{"type":"B","date":"2018-03-21T03:37:29.000Z","volume":31000,"price":4.6,"category":"bbear"},{"type":"B","date":"2018-03-21T03:34:14.000Z","volume":22000,"price":4.58,"category":"bbear"},{"type":"B","date":"2018-03-21T03:34:08.000Z","volume":50000,"price":4.58,"category":"bbear"},{"type":"B","date":"2018-03-21T03:30:38.000Z","volume":49000,"price":4.59,"category":"bbear"},{"type":"B","date":"2018-03-21T03:30:37.000Z","volume":26000,"price":4.59,"category":"bbear"},{"type":"B","date":"2018-03-21T03:30:37.000Z","volume":71000,"price":4.59,"category":"bbear"},{"type":"B","date":"2018-03-21T03:30:31.000Z","volume":70000,"price":4.59,"category":"bbear"},{"type":"B","date":"2018-03-21T03:30:00.000Z","volume":28000,"price":4.6,"category":"bbear"},{"type":"B","date":"2018-03-21T03:27:41.000Z","volume":48000,"price":4.6,"category":"bbear"},{"type":"B","date":"2018-03-21T03:26:22.000Z","volume":50000,"price":4.6,"category":"bbear"},{"type":"B","date":"2018-03-21T03:26:19.000Z","volume":50000,"price":4.6,"category":"bbear"},{"type":"B","date":"2018-03-21T03:23:59.000Z","volume":26000,"price":4.6,"category":"bbear"},{"type":"B","date":"2018-03-21T03:21:48.000Z","volume":45000,"price":4.6,"category":"bbear"},{"type":"B","date":"2018-03-21T03:14:22.000Z","volume":37000,"price":4.6,"category":"bbear"},{"type":"B","date":"2018-03-21T03:12:17.000Z","volume":38000,"price":4.6,"category":"bbear"},{"type":"B","date":"2018-03-21T03:09:41.000Z","volume":60000,"price":4.6,"category":"bbear"},{"type":"B","date":"2018-03-21T03:09:36.000Z","volume":60000,"price":4.6,"category":"bbear"},{"type":"B","date":"2018-03-21T03:08:21.000Z","volume":60000,"price":4.61,"category":"bbear"},{"type":"B","date":"2018-03-21T03:07:42.000Z","volume":35000,"price":4.61,"category":"bbear"},{"type":"B","date":"2018-03-21T03:07:40.000Z","volume":33000,"price":4.61,"category":"bbear"},{"type":"B","date":"2018-03-21T03:06:42.000Z","volume":39000,"price":4.61,"category":"bbear"},{"type":"B","date":"2018-03-21T03:06:32.000Z","volume":40000,"price":4.61,"category":"bbear"},{"type":"B","date":"2018-03-21T03:01:58.000Z","volume":42000,"price":4.63,"category":"bbear"},{"type":"B","date":"2018-03-21T02:58:07.000Z","volume":40000,"price":4.61,"category":"bbear"},{"type":"B","date":"2018-03-21T02:57:10.000Z","volume":30000,"price":4.61,"category":"bbear"},{"type":"B","date":"2018-03-21T02:56:31.000Z","volume":48000,"price":4.61,"category":"bbear"},{"type":"B","date":"2018-03-21T02:52:29.000Z","volume":52000,"price":4.61,"category":"bbear"},{"type":"B","date":"2018-03-21T02:51:59.000Z","volume":43000,"price":4.61,"category":"bbear"},{"type":"B","date":"2018-03-21T02:49:51.000Z","volume":32000,"price":4.61,"category":"bbear"},{"type":"B","date":"2018-03-21T02:46:48.000Z","volume":43000,"price":4.61,"category":"bbear"},{"type":"B","date":"2018-03-21T02:41:24.000Z","volume":30000,"price":4.61,"category":"bbear"},{"type":"B","date":"2018-03-21T02:41:19.000Z","volume":30000,"price":4.61,"category":"bbear"},{"type":"B","date":"2018-03-21T02:41:14.000Z","volume":40000,"price":4.61,"category":"bbear"},{"type":"B","date":"2018-03-21T02:41:06.000Z","volume":32000,"price":4.61,"category":"bbear"},{"type":"B","date":"2018-03-21T02:41:06.000Z","volume":23000,"price":4.61,"category":"bbear"},{"type":"B","date":"2018-03-21T02:32:31.000Z","volume":50000,"price":4.6,"category":"bbear"},{"type":"B","date":"2018-03-21T02:31:17.000Z","volume":47000,"price":4.6,"category":"bbear"},{"type":"B","date":"2018-03-21T02:29:15.000Z","volume":30000,"price":4.6,"category":"bbear"},{"type":"B","date":"2018-03-21T02:29:11.000Z","volume":60000,"price":4.6,"category":"bbear"},{"type":"B","date":"2018-03-21T02:29:06.000Z","volume":60000,"price":4.6,"category":"bbear"},{"type":"B","date":"2018-03-21T02:28:01.000Z","volume":24000,"price":4.6,"category":"bbear"},{"type":"B","date":"2018-03-21T02:27:24.000Z","volume":44000,"price":4.6,"category":"bbear"},{"type":"B","date":"2018-03-21T02:24:14.000Z","volume":46000,"price":4.6,"category":"bbear"},{"type":"B","date":"2018-03-21T02:21:15.000Z","volume":72000,"price":4.6,"category":"bbear"},{"type":"B","date":"2018-03-21T02:16:39.000Z","volume":38000,"price":4.6,"category":"bbear"},{"type":"B","date":"2018-03-21T02:15:22.000Z","volume":24000,"price":4.6,"category":"bbear"},{"type":"B","date":"2018-03-21T02:15:10.000Z","volume":24000,"price":4.61,"category":"bbear"},{"type":"B","date":"2018-03-21T02:15:10.000Z","volume":46000,"price":4.61,"category":"bbear"},{"type":"B","date":"2018-03-21T02:14:09.000Z","volume":27000,"price":4.6,"category":"bbear"},{"type":"B","date":"2018-03-21T02:13:41.000Z","volume":25000,"price":4.61,"category":"bbear"},{"type":"B","date":"2018-03-21T02:12:18.000Z","volume":21000,"price":4.61,"category":"bbear"},{"type":"B","date":"2018-03-21T02:09:27.000Z","volume":63000,"price":4.61,"category":"bbear"},{"type":"B","date":"2018-03-21T02:07:47.000Z","volume":44000,"price":4.6,"category":"bbear"},{"type":"B","date":"2018-03-21T02:07:10.000Z","volume":30000,"price":4.6,"category":"bbear"},{"type":"B","date":"2018-03-21T02:06:27.000Z","volume":50000,"price":4.61,"category":"bbear"},{"type":"B","date":"2018-03-21T02:04:07.000Z","volume":30000,"price":4.6,"category":"bbear"},{"type":"B","date":"2018-03-21T02:03:26.000Z","volume":29000,"price":4.6,"category":"bbear"},{"type":"B","date":"2018-03-21T02:01:17.000Z","volume":26000,"price":4.6,"category":"bbear"},{"type":"B","date":"2018-03-21T02:00:54.000Z","volume":40000,"price":4.6,"category":"bbear"},{"type":"B","date":"2018-03-21T02:00:01.000Z","volume":30000,"price":4.6,"category":"bbear"},{"type":"B","date":"2018-03-21T01:54:33.000Z","volume":30000,"price":4.6,"category":"bbear"},{"type":"B","date":"2018-03-21T01:52:19.000Z","volume":40000,"price":4.6,"category":"bbear"},{"type":"B","date":"2018-03-21T01:51:03.000Z","volume":27000,"price":4.59,"category":"bbear"},{"type":"B","date":"2018-03-21T01:50:12.000Z","volume":60000,"price":4.59,"category":"bbear"},{"type":"B","date":"2018-03-21T01:47:53.000Z","volume":67000,"price":4.59,"category":"bbear"},{"type":"B","date":"2018-03-21T01:46:27.000Z","volume":30000,"price":4.59,"category":"bbear"},{"type":"B","date":"2018-03-21T01:46:11.000Z","volume":21000,"price":4.59,"category":"bbear"},{"type":"B","date":"2018-03-21T01:46:06.000Z","volume":30000,"price":4.59,"category":"bbear"},{"type":"B","date":"2018-03-21T01:45:11.000Z","volume":55000,"price":4.58,"category":"bbear"},{"type":"B","date":"2018-03-21T01:43:28.000Z","volume":65000,"price":4.58,"category":"bbear"},{"type":"B","date":"2018-03-21T01:38:56.000Z","volume":24000,"price":4.59,"category":"bbear"},{"type":"B","date":"2018-03-21T01:37:01.000Z","volume":30000,"price":4.57,"category":"bbear"},{"type":"B","date":"2018-03-21T01:33:32.000Z","volume":50000,"price":4.57,"category":"bbear"},{"type":"B","date":"2018-03-21T01:32:57.000Z","volume":30000,"price":4.57,"category":"bbear"},{"type":"B","date":"2018-03-21T01:31:27.000Z","volume":27000,"price":4.55,"category":"bbear"},{"type":"B","date":"2018-03-21T08:00:00.000Z","volume":200000,"price":4.54,"category":"ubbear"},{"type":"B","date":"2018-03-21T07:59:58.000Z","volume":110000,"price":4.54,"category":"ubbear"},{"type":"B","date":"2018-03-21T07:59:48.000Z","volume":114000,"price":4.54,"category":"ubbear"},{"type":"B","date":"2018-03-21T07:59:40.000Z","volume":85000,"price":4.54,"category":"ubbear"},{"type":"B","date":"2018-03-21T07:59:32.000Z","volume":106000,"price":4.54,"category":"ubbear"},{"type":"B","date":"2018-03-21T07:59:32.000Z","volume":456000,"price":4.54,"category":"ubbear"},{"type":"B","date":"2018-03-21T07:59:24.000Z","volume":84000,"price":4.54,"category":"ubbear"},{"type":"B","date":"2018-03-21T07:59:21.000Z","volume":86000,"price":4.54,"category":"ubbear"},{"type":"B","date":"2018-03-21T07:59:11.000Z","volume":1082000,"price":4.55,"category":"ubbear"},{"type":"B","date":"2018-03-21T07:59:10.000Z","volume":93000,"price":4.55,"category":"ubbear"},{"type":"B","date":"2018-03-21T07:59:05.000Z","volume":400000,"price":4.55,"category":"ubbear"},{"type":"B","date":"2018-03-21T07:59:02.000Z","volume":100000,"price":4.55,"category":"ubbear"},{"type":"B","date":"2018-03-21T07:58:55.000Z","volume":1200000,"price":4.55,"category":"ubbear"},{"type":"B","date":"2018-03-21T07:58:52.000Z","volume":81000,"price":4.55,"category":"ubbear"},{"type":"B","date":"2018-03-21T07:58:48.000Z","volume":106000,"price":4.55,"category":"ubbear"},{"type":"B","date":"2018-03-21T07:58:46.000Z","volume":150000,"price":4.55,"category":"ubbear"},{"type":"B","date":"2018-03-21T07:58:34.000Z","volume":110000,"price":4.55,"category":"ubbear"},{"type":"B","date":"2018-03-21T07:58:32.000Z","volume":300000,"price":4.55,"category":"ubbear"},{"type":"B","date":"2018-03-21T07:58:23.000Z","volume":91000,"price":4.55,"category":"ubbear"},{"type":"B","date":"2018-03-21T07:58:20.000Z","volume":112000,"price":4.55,"category":"ubbear"}