[{"type":"A","date":"2018-04-17T01:31:36.000Z","volume":2000,"label":" ","price":2.08},{"type":"B","date":"2018-04-17T02:33:05.000Z","volume":2000,"label":" ","price":2.03},{"type":"B","date":"2018-04-17T03:48:28.000Z","volume":22000,"label":"Y","price":2.03},{"type":"B","date":"2018-04-17T03:48:28.000Z","volume":78000,"label":" ","price":2.03},{"type":"A","date":"2018-04-17T03:48:28.000Z","volume":2000,"label":" ","price":2.05},{"type":"A","date":"2018-04-17T03:48:28.000Z","volume":2000,"label":" ","price":2.05},{"type":"B","date":"2018-04-17T03:48:28.000Z","volume":4000,"label":" ","price":2.02},{"type":"A","date":"2018-04-17T05:00:10.000Z","volume":2000,"label":"Y","price":2.04},{"type":"B","date":"2018-04-17T05:05:01.000Z","volume":100000,"label":"Y","price":2.03},{"type":"B","date":"2018-04-17T05:05:01.000Z","volume":10000,"label":" ","price":2.03},{"type":"B","date":"2018-04-17T05:05:02.000Z","volume":4000,"label":" ","price":2.02},{"type":"B","date":"2018-04-17T05:40:53.000Z","volume":2000,"label":" ","price":2.02},{"type":"B","date":"2018-04-17T05:51:54.000Z","volume":34000,"label":" ","price":2.02},{"type":"B","date":"2018-04-17T05:54:57.000Z","volume":2000,"label":" ","price":2.01},{"type":"A","date":"2018-04-17T06:04:25.000Z","volume":2000,"label":" ","price":2.02},{"type":"A","date":"2018-04-17T06:07:49.000Z","volume":14000,"label":" ","price":2.02},{"type":"B","date":"2018-04-17T06:10:30.000Z","volume":8000,"label":" ","price":2.02},{"type":"A","date":"2018-04-17T06:14:19.000Z","volume":4000,"label":" ","price":2.02},{"type":"B","date":"2018-04-17T06:24:20.000Z","volume":30000,"label":" ","price":2.01},{"type":"B","date":"2018-04-17T06:26:02.000Z","volume":10000,"label":"Y","price":2},{"type":"B","date":"2018-04-17T06:26:02.000Z","volume":54000,"label":" ","price":2},{"type":"B","date":"2018-04-17T06:26:47.000Z","volume":2000,"label":" ","price":2},{"type":"A","date":"2018-04-17T06:28:10.000Z","volume":10000,"label":" ","price":2},{"type":"A","date":"2018-04-17T06:34:17.000Z","volume":2000,"label":" ","price":2.01},{"type":"A","date":"2018-04-17T06:34:46.000Z","volume":2000,"label":"Y","price":2.01},{"type":"B","date":"2018-04-17T06:41:17.000Z","volume":12000,"label":" ","price":2},{"type":"B","date":"2018-04-17T06:46:56.000Z","volume":20000,"label":" ","price":1.99},{"type":"B","date":"2018-04-17T06:46:56.000Z","volume":2000,"label":" ","price":1.99},{"type":"B","date":"2018-04-17T06:48:02.000Z","volume":20000,"label":" ","price":1.98},{"type":"A","date":"2018-04-17T06:48:10.000Z","volume":2000,"label":" ","price":1.98},{"type":"B","date":"2018-04-17T06:49:16.000Z","volume":16000,"label":" ","price":1.97},{"type":"A","date":"2018-04-17T06:54:16.000Z","volume":2000,"label":" ","price":1.98},{"type":"A","date":"2018-04-17T07:01:07.000Z","volume":18000,"label":" ","price":1.98},{"type":"A","date":"2018-04-17T07:01:20.000Z","volume":60000,"label":" ","price":1.98},{"type":"A","date":"2018-04-17T07:01:35.000Z","volume":18000,"label":" ","price":1.98},{"type":"B","date":"2018-04-17T07:11:09.000Z","volume":34000,"label":" ","price":1.98},{"type":"A","date":"2018-04-17T07:14:32.000Z","volume":2000,"label":" ","price":1.98},{"type":"A","date":"2018-04-17T07:16:41.000Z","volume":18000,"label":" ","price":1.98},{"type":"A","date":"2018-04-17T07:16:41.000Z","volume":2000,"label":" ","price":1.99},{"type":"B","date":"2018-04-17T07:18:54.000Z","volume":24000,"label":" ","price":1.98},{"type":"B","date":"2018-04-17T07:19:43.000Z","volume":8000,"label":" ","price":1.98},{"type":"B","date":"2018-04-17T07:22:22.000Z","volume":2000,"label":" ","price":1.98},{"type":"B","date":"2018-04-17T07:40:52.000Z","volume":50000,"label":" ","price":1.97},{"type":"A","date":"2018-04-17T07:45:32.000Z","volume":10000,"label":" ","price":1.99},{"type":"A","date":"2018-04-17T07:52:37.000Z","volume":6000,"label":" ","price":1.98},{"type":"B","date":"2018-04-17T07:58:00.000Z","volume":2000,"label":" ","price":1.97},{"type":"A","date":"2018-04-17T07:58:59.000Z","volume":2000,"label":" ","price":1.98},{"type":"A","date":"2018-04-17T07:59:00.000Z","volume":2000,"label":" ","price":1.98},{"type":"A","date":"2018-04-17T07:59:30.000Z","volume":2000,"label":" ","price":1.98}]