[{"type":"B","date":"2018-03-27T01:30:01.000Z","volume":100000,"label":" ","price":0.54},{"type":"B","date":"2018-03-27T01:30:01.000Z","volume":70000,"label":" ","price":0.53},{"type":"B","date":"2018-03-27T01:30:01.000Z","volume":100000,"label":" ","price":0.52},{"type":"A","date":"2018-03-27T01:30:26.000Z","volume":30000,"label":" ","price":0.55},{"type":"A","date":"2018-03-27T01:30:26.000Z","volume":100000,"label":" ","price":0.56},{"type":"A","date":"2018-03-27T01:33:44.000Z","volume":75000,"label":" ","price":0.56},{"type":"A","date":"2018-03-27T01:33:44.000Z","volume":15000,"label":" ","price":0.57},{"type":"A","date":"2018-03-27T01:42:58.000Z","volume":60000,"label":" ","price":0.57},{"type":"A","date":"2018-03-27T01:48:27.000Z","volume":50000,"label":" ","price":0.57},{"type":"B","date":"2018-03-27T01:49:07.000Z","volume":7000,"label":" ","price":0.56},{"type":"B","date":"2018-03-27T02:16:45.000Z","volume":10000,"label":" ","price":0.56},{"type":"B","date":"2018-03-27T02:17:52.000Z","volume":130000,"label":" ","price":0.56},{"type":"B","date":"2018-03-27T02:17:52.000Z","volume":3000,"label":" ","price":0.56},{"type":"A","date":"2018-03-27T02:21:15.000Z","volume":7000,"label":" ","price":0.56},{"type":"A","date":"2018-03-27T02:48:45.000Z","volume":23000,"label":" ","price":0.56},{"type":"B","date":"2018-03-27T02:55:16.000Z","volume":100000,"label":"Y","price":0.55},{"type":"A","date":"2018-03-27T03:01:07.000Z","volume":7000,"label":" ","price":0.56},{"type":"B","date":"2018-03-27T03:31:22.000Z","volume":1000000,"label":" ","price":0.55},{"type":"B","date":"2018-03-27T05:16:57.000Z","volume":15000,"label":" ","price":0.54},{"type":"A","date":"2018-03-27T05:48:33.000Z","volume":15000,"label":" ","price":0.55},{"type":"A","date":"2018-03-27T05:50:59.000Z","volume":29000,"label":" ","price":0.55},{"type":"U","date":"2018-03-27T06:50:19.000Z","volume":20000,"label":" ","price":0.55},{"type":"B","date":"2018-03-27T06:53:35.000Z","volume":14000,"label":" ","price":0.54},{"type":"U","date":"2018-03-27T06:54:01.000Z","volume":14000,"label":" ","price":0.55},{"type":"B","date":"2018-03-27T07:59:38.000Z","volume":40000,"label":" ","price":0.54},{"type":"A","date":"2018-03-27T07:59:48.000Z","volume":1000,"label":" ","price":0.56}]