[{"type":"U","date":"2018-03-26T01:20:00.000Z","volume":10000,"label":"U","price":0.77},{"type":"A","date":"2018-03-26T01:30:03.000Z","volume":100000,"label":" ","price":0.77},{"type":"A","date":"2018-03-26T01:30:03.000Z","volume":12000,"label":" ","price":0.77},{"type":"A","date":"2018-03-26T01:30:03.000Z","volume":6000,"label":" ","price":0.78},{"type":"B","date":"2018-03-26T01:33:49.000Z","volume":62000,"label":" ","price":0.77},{"type":"A","date":"2018-03-26T01:34:16.000Z","volume":20000,"label":" ","price":0.77},{"type":"A","date":"2018-03-26T01:36:31.000Z","volume":128000,"label":" ","price":0.77},{"type":"A","date":"2018-03-26T01:36:31.000Z","volume":336000,"label":" ","price":0.78},{"type":"A","date":"2018-03-26T01:36:31.000Z","volume":20000,"label":" ","price":0.78},{"type":"B","date":"2018-03-26T01:36:36.000Z","volume":40000,"label":" ","price":0.78},{"type":"B","date":"2018-03-26T01:36:40.000Z","volume":40000,"label":" ","price":0.78},{"type":"B","date":"2018-03-26T01:37:18.000Z","volume":10000,"label":" ","price":0.78},{"type":"B","date":"2018-03-26T01:37:18.000Z","volume":12000,"label":" ","price":0.78},{"type":"B","date":"2018-03-26T01:39:56.000Z","volume":14000,"label":" ","price":0.78},{"type":"A","date":"2018-03-26T01:40:39.000Z","volume":210000,"label":" ","price":0.78},{"type":"B","date":"2018-03-26T01:42:53.000Z","volume":50000,"label":" ","price":0.78},{"type":"B","date":"2018-03-26T01:47:54.000Z","volume":30000,"label":" ","price":0.78},{"type":"B","date":"2018-03-26T01:48:17.000Z","volume":10000,"label":" ","price":0.78},{"type":"B","date":"2018-03-26T01:51:16.000Z","volume":80000,"label":" ","price":0.78},{"type":"A","date":"2018-03-26T01:52:53.000Z","volume":334000,"label":" ","price":0.79},{"type":"B","date":"2018-03-26T01:53:00.000Z","volume":28000,"label":" ","price":0.79},{"type":"B","date":"2018-03-26T01:53:57.000Z","volume":2000,"label":" ","price":0.79},{"type":"A","date":"2018-03-26T01:55:51.000Z","volume":50000,"label":" ","price":0.8},{"type":"A","date":"2018-03-26T01:56:07.000Z","volume":488000,"label":" ","price":0.8},{"type":"A","date":"2018-03-26T01:56:23.000Z","volume":296000,"label":" ","price":0.81},{"type":"B","date":"2018-03-26T01:56:26.000Z","volume":38000,"label":" ","price":0.81},{"type":"B","date":"2018-03-26T01:56:30.000Z","volume":6000,"label":" ","price":0.81},{"type":"B","date":"2018-03-26T01:56:32.000Z","volume":10000,"label":" ","price":0.81},{"type":"B","date":"2018-03-26T01:56:36.000Z","volume":100000,"label":" ","price":0.81},{"type":"B","date":"2018-03-26T01:57:27.000Z","volume":10000,"label":" ","price":0.81},{"type":"A","date":"2018-03-26T01:58:47.000Z","volume":492000,"label":" ","price":0.82},{"type":"B","date":"2018-03-26T01:58:52.000Z","volume":2000,"label":" ","price":0.82},{"type":"B","date":"2018-03-26T01:59:18.000Z","volume":2000,"label":" ","price":0.82},{"type":"B","date":"2018-03-26T01:59:32.000Z","volume":204000,"label":" ","price":0.82},{"type":"A","date":"2018-03-26T01:59:57.000Z","volume":20000,"label":"Y","price":0.82},{"type":"A","date":"2018-03-26T02:02:06.000Z","volume":280000,"label":" ","price":0.82},{"type":"B","date":"2018-03-26T02:03:02.000Z","volume":2000,"label":" ","price":0.82},{"type":"B","date":"2018-03-26T02:03:08.000Z","volume":10000,"label":" ","price":0.82},{"type":"B","date":"2018-03-26T02:03:20.000Z","volume":100000,"label":" ","price":0.82},{"type":"B","date":"2018-03-26T02:04:56.000Z","volume":100000,"label":" ","price":0.82},{"type":"B","date":"2018-03-26T02:05:58.000Z","volume":8000,"label":" ","price":0.82},{"type":"B","date":"2018-03-26T02:06:04.000Z","volume":50000,"label":" ","price":0.82},{"type":"B","date":"2018-03-26T02:06:07.000Z","volume":110000,"label":" ","price":0.82},{"type":"A","date":"2018-03-26T02:06:23.000Z","volume":476000,"label":" ","price":0.83},{"type":"A","date":"2018-03-26T02:06:32.000Z","volume":650000,"label":" ","price":0.84},{"type":"B","date":"2018-03-26T02:06:38.000Z","volume":4000,"label":" ","price":0.84},{"type":"A","date":"2018-03-26T02:06:41.000Z","volume":500000,"label":" ","price":0.85},{"type":"B","date":"2018-03-26T02:06:45.000Z","volume":100000,"label":" ","price":0.85},{"type":"A","date":"2018-03-26T02:06:51.000Z","volume":598000,"label":" ","price":0.86},{"type":"B","date":"2018-03-26T02:06:56.000Z","volume":2000,"label":" ","price":0.86},{"type":"A","date":"2018-03-26T02:07:08.000Z","volume":64000,"label":" ","price":0.86},{"type":"B","date":"2018-03-26T02:07:14.000Z","volume":18000,"label":" ","price":0.86},{"type":"A","date":"2018-03-26T02:07:19.000Z","volume":1900000,"label":" ","price":0.87},{"type":"B","date":"2018-03-26T02:07:19.000Z","volume":20000,"label":" ","price":0.86},{"type":"B","date":"2018-03-26T02:07:20.000Z","volume":8000,"label":" ","price":0.86},{"type":"B","date":"2018-03-26T02:07:23.000Z","volume":20000,"label":" ","price":0.86},{"type":"B","date":"2018-03-26T02:07:24.000Z","volume":170000,"label":" ","price":0.86},{"type":"B","date":"2018-03-26T02:07:48.000Z","volume":80000,"label":" ","price":0.85},{"type":"B","date":"2018-03-26T02:08:24.000Z","volume":2000,"label":" ","price":0.85},{"type":"B","date":"2018-03-26T02:08:24.000Z","volume":18000,"label":" ","price":0.85},{"type":"B","date":"2018-03-26T02:09:44.000Z","volume":88000,"label":" ","price":0.84},{"type":"B","date":"2018-03-26T02:11:25.000Z","volume":100000,"label":" ","price":0.84},{"type":"A","date":"2018-03-26T02:11:25.000Z","volume":2000,"label":" ","price":0.85},{"type":"A","date":"2018-03-26T02:15:00.000Z","volume":20000,"label":" ","price":0.84},{"type":"B","date":"2018-03-26T02:15:29.000Z","volume":4000,"label":" ","price":0.84},{"type":"B","date":"2018-03-26T02:15:30.000Z","volume":10000,"label":" ","price":0.84},{"type":"B","date":"2018-03-26T02:16:51.000Z","volume":10000,"label":" ","price":0.84},{"type":"B","date":"2018-03-26T02:17:39.000Z","volume":40000,"label":" ","price":0.84},{"type":"A","date":"2018-03-26T02:19:54.000Z","volume":100000,"label":" ","price":0.85},{"type":"B","date":"2018-03-26T02:20:25.000Z","volume":10000,"label":" ","price":0.84},{"type":"B","date":"2018-03-26T02:20:34.000Z","volume":100000,"label":" ","price":0.84},{"type":"B","date":"2018-03-26T02:20:41.000Z","volume":100000,"label":" ","price":0.84},{"type":"B","date":"2018-03-26T02:20:52.000Z","volume":2000,"label":" ","price":0.84},{"type":"B","date":"2018-03-26T02:21:51.000Z","volume":4000,"label":" ","price":0.84},{"type":"B","date":"2018-03-26T02:22:14.000Z","volume":16000,"label":" ","price":0.83},{"type":"B","date":"2018-03-26T02:26:44.000Z","volume":20000,"label":" ","price":0.83},{"type":"A","date":"2018-03-26T02:27:39.000Z","volume":10000,"label":" ","price":0.84},{"type":"A","date":"2018-03-26T02:33:32.000Z","volume":10000,"label":" ","price":0.84},{"type":"B","date":"2018-03-26T02:33:36.000Z","volume":100000,"label":" ","price":0.83},{"type":"A","date":"2018-03-26T02:34:43.000Z","volume":20000,"label":" ","price":0.84},{"type":"B","date":"2018-03-26T02:41:28.000Z","volume":500000,"label":" ","price":0.83},{"type":"A","date":"2018-03-26T02:41:50.000Z","volume":2000,"label":" ","price":0.83},{"type":"B","date":"2018-03-26T02:56:40.000Z","volume":20000,"label":" ","price":0.82},{"type":"A","date":"2018-03-26T02:56:42.000Z","volume":18000,"label":" ","price":0.83},{"type":"B","date":"2018-03-26T03:04:05.000Z","volume":108000,"label":" ","price":0.82},{"type":"B","date":"2018-03-26T03:09:32.000Z","volume":162000,"label":" ","price":0.82},{"type":"B","date":"2018-03-26T03:09:32.000Z","volume":338000,"label":" ","price":0.81},{"type":"B","date":"2018-03-26T03:20:04.000Z","volume":60000,"label":" ","price":0.81},{"type":"B","date":"2018-03-26T03:22:51.000Z","volume":50000,"label":" ","price":0.81},{"type":"B","date":"2018-03-26T03:23:37.000Z","volume":10000,"label":" ","price":0.81},{"type":"B","date":"2018-03-26T03:34:10.000Z","volume":40000,"label":" ","price":0.81},{"type":"A","date":"2018-03-26T03:40:31.000Z","volume":120000,"label":" ","price":0.82},{"type":"A","date":"2018-03-26T03:40:31.000Z","volume":212000,"label":" ","price":0.83},{"type":"A","date":"2018-03-26T03:45:22.000Z","volume":284000,"label":" ","price":0.84},{"type":"A","date":"2018-03-26T03:45:34.000Z","volume":1552000,"label":" ","price":0.85},{"type":"B","date":"2018-03-26T03:45:35.000Z","volume":10000,"label":" ","price":0.85},{"type":"B","date":"2018-03-26T03:45:42.000Z","volume":20000,"label":" ","price":0.85},{"type":"B","date":"2018-03-26T03:47:57.000Z","volume":4000,"label":" ","price":0.85},{"type":"B","date":"2018-03-26T03:47:57.000Z","volume":14000,"label":" ","price":0.85},{"type":"B","date":"2018-03-26T03:48:16.000Z","volume":32000,"label":" ","price":0.84},{"type":"B","date":"2018-03-26T03:50:30.000Z","volume":40000,"label":" ","price":0.84},{"type":"B","date":"2018-03-26T03:50:30.000Z","volume":36000,"label":" ","price":0.84},{"type":"B","date":"2018-03-26T05:00:00.000Z","volume":8000,"label":" ","price":0.84},{"type":"A","date":"2018-03-26T05:00:07.000Z","volume":32000,"label":" ","price":0.84},{"type":"B","date":"2018-03-26T05:00:09.000Z","volume":4000,"label":" ","price":0.84},{"type":"B","date":"2018-03-26T05:00:09.000Z","volume":34000,"label":" ","price":0.83},{"type":"B","date":"2018-03-26T05:04:09.000Z","volume":18000,"label":" ","price":0.83},{"type":"A","date":"2018-03-26T05:05:00.000Z","volume":10000,"label":" ","price":0.84},{"type":"A","date":"2018-03-26T05:06:08.000Z","volume":10000,"label":" ","price":0.84},{"type":"B","date":"2018-03-26T05:07:45.000Z","volume":40000,"label":" ","price":0.83},{"type":"B","date":"2018-03-26T05:09:21.000Z","volume":30000,"label":" ","price":0.83},{"type":"B","date":"2018-03-26T05:12:33.000Z","volume":2000,"label":" ","price":0.83},{"type":"B","date":"2018-03-26T05:21:41.000Z","volume":36000,"label":" ","price":0.83},{"type":"B","date":"2018-03-26T05:21:41.000Z","volume":14000,"label":" ","price":0.82},{"type":"A","date":"2018-03-26T05:21:48.000Z","volume":10000,"label":" ","price":0.83},{"type":"A","date":"2018-03-26T05:21:48.000Z","volume":4000,"label":" ","price":0.83},{"type":"B","date":"2018-03-26T05:29:13.000Z","volume":4000,"label":" ","price":0.82},{"type":"A","date":"2018-03-26T05:29:41.000Z","volume":20000,"label":" ","price":0.83},{"type":"A","date":"2018-03-26T05:44:10.000Z","volume":8000,"label":" ","price":0.83},{"type":"A","date":"2018-03-26T05:50:57.000Z","volume":10000,"label":" ","price":0.83},{"type":"A","date":"2018-03-26T05:51:22.000Z","volume":10000,"label":" ","price":0.83},{"type":"A","date":"2018-03-26T05:52:00.000Z","volume":20000,"label":" ","price":0.83},{"type":"A","date":"2018-03-26T05:53:27.000Z","volume":2000,"label":" ","price":0.83},{"type":"A","date":"2018-03-26T05:53:52.000Z","volume":60000,"label":" ","price":0.83},{"type":"A","date":"2018-03-26T05:54:52.000Z","volume":4000,"label":" ","price":0.83},{"type":"A","date":"2018-03-26T05:59:14.000Z","volume":20000,"label":" ","price":0.83},{"type":"B","date":"2018-03-26T06:16:51.000Z","volume":50000,"label":" ","price":0.82},{"type":"A","date":"2018-03-26T06:18:11.000Z","volume":160000,"label":" ","price":0.83},{"type":"A","date":"2018-03-26T06:27:27.000Z","volume":618000,"label":" ","price":0.84},{"type":"A","date":"2018-03-26T06:33:40.000Z","volume":20000,"label":" ","price":0.85},{"type":"B","date":"2018-03-26T06:34:24.000Z","volume":34000,"label":" ","price":0.84},{"type":"B","date":"2018-03-26T06:40:44.000Z","volume":100000,"label":" ","price":0.84},{"type":"A","date":"2018-03-26T06:40:48.000Z","volume":10000,"label":" ","price":0.84},{"type":"A","date":"2018-03-26T06:42:20.000Z","volume":390000,"label":" ","price":0.84},{"type":"B","date":"2018-03-26T06:43:29.000Z","volume":250000,"label":" ","price":0.84},{"type":"A","date":"2018-03-26T06:43:33.000Z","volume":10000,"label":" ","price":0.84},{"type":"A","date":"2018-03-26T06:43:42.000Z","volume":240000,"label":" ","price":0.84},{"type":"B","date":"2018-03-26T06:49:10.000Z","volume":10000,"label":" ","price":0.83},{"type":"A","date":"2018-03-26T06:53:48.000Z","volume":8000,"label":" ","price":0.84},{"type":"A","date":"2018-03-26T06:56:15.000Z","volume":100000,"label":" ","price":0.85},{"type":"B","date":"2018-03-26T07:02:32.000Z","volume":10000,"label":" ","price":0.84},{"type":"A","date":"2018-03-26T07:02:39.000Z","volume":18000,"label":" ","price":0.84},{"type":"A","date":"2018-03-26T07:02:52.000Z","volume":10000,"label":" ","price":0.84},{"type":"A","date":"2018-03-26T07:03:13.000Z","volume":362000,"label":" ","price":0.84},{"type":"A","date":"2018-03-26T07:05:34.000Z","volume":10000,"label":" ","price":0.84},{"type":"A","date":"2018-03-26T07:07:28.000Z","volume":48000,"label":" ","price":0.84},{"type":"A","date":"2018-03-26T07:08:32.000Z","volume":4000,"label":" ","price":0.84},{"type":"A","date":"2018-03-26T07:09:31.000Z","volume":98000,"label":" ","price":0.84},{"type":"A","date":"2018-03-26T07:16:26.000Z","volume":468000,"label":" ","price":0.84},{"type":"B","date":"2018-03-26T07:18:57.000Z","volume":6000,"label":"Y","price":0.84},{"type":"B","date":"2018-03-26T07:18:57.000Z","volume":44000,"label":" ","price":0.84},{"type":"B","date":"2018-03-26T07:24:38.000Z","volume":40000,"label":" ","price":0.84},{"type":"B","date":"2018-03-26T07:24:54.000Z","volume":20000,"label":" ","price":0.84},{"type":"B","date":"2018-03-26T07:25:10.000Z","volume":16000,"label":" ","price":0.84},{"type":"A","date":"2018-03-26T07:25:21.000Z","volume":140000,"label":" ","price":0.84},{"type":"A","date":"2018-03-26T07:26:06.000Z","volume":4000,"label":" ","price":0.84},{"type":"A","date":"2018-03-26T07:32:43.000Z","volume":2000,"label":" ","price":0.84},{"type":"A","date":"2018-03-26T07:34:20.000Z","volume":10000,"label":" ","price":0.84},{"type":"A","date":"2018-03-26T07:37:44.000Z","volume":60000,"label":" ","price":0.84},{"type":"B","date":"2018-03-26T07:44:29.000Z","volume":100000,"label":" ","price":0.83},{"type":"B","date":"2018-03-26T07:46:17.000Z","volume":86000,"label":" ","price":0.83},{"type":"A","date":"2018-03-26T07:46:23.000Z","volume":4000,"label":"Y","price":0.83},{"type":"A","date":"2018-03-26T07:46:23.000Z","volume":14000,"label":" ","price":0.83},{"type":"A","date":"2018-03-26T07:49:35.000Z","volume":2000,"label":" ","price":0.83},{"type":"A","date":"2018-03-26T07:58:07.000Z","volume":80000,"label":" ","price":0.84},{"type":"B","date":"2018-03-26T07:58:08.000Z","volume":10000,"label":" ","price":0.83},{"type":"A","date":"2018-03-26T07:58:32.000Z","volume":10000,"label":" ","price":0.84},{"type":"B","date":"2018-03-26T07:59:05.000Z","volume":2000,"label":" ","price":0.83},{"type":"U","date":"2018-03-26T08:08:01.000Z","volume":22000,"label":"U","price":0.84}]