[{"type":"A","date":"2018-03-16T07:58:38.000Z","volume":7500,"price":74.35,"category":"ubbull"},{"type":"A","date":"2018-03-16T07:55:09.000Z","volume":6500,"price":74.35,"category":"ubbull"},{"type":"A","date":"2018-03-16T07:51:14.000Z","volume":9000,"price":74.35,"category":"ubbull"},{"type":"A","date":"2018-03-16T07:50:15.000Z","volume":9000,"price":74.3,"category":"ubbull"},{"type":"A","date":"2018-03-16T07:47:16.000Z","volume":8000,"price":74.25,"category":"ubbull"},{"type":"A","date":"2018-03-16T07:47:10.000Z","volume":9000,"price":74.3,"category":"ubbull"},{"type":"A","date":"2018-03-16T07:41:12.000Z","volume":8500,"price":74.35,"category":"ubbull"},{"type":"A","date":"2018-03-16T07:38:37.000Z","volume":9000,"price":74.4,"category":"ubbull"},{"type":"A","date":"2018-03-16T07:38:35.000Z","volume":8500,"price":74.35,"category":"ubbull"},{"type":"A","date":"2018-03-16T07:21:12.000Z","volume":6000,"price":74.4,"category":"ubbull"},{"type":"A","date":"2018-03-16T07:20:34.000Z","volume":5500,"price":74.3,"category":"ubbull"},{"type":"A","date":"2018-03-16T07:20:34.000Z","volume":10000,"price":74.25,"category":"ubbull"},{"type":"A","date":"2018-03-16T07:20:32.000Z","volume":51000,"price":74.2,"category":"ubbull"},{"type":"A","date":"2018-03-16T07:19:09.000Z","volume":7000,"price":74.2,"category":"ubbull"},{"type":"A","date":"2018-03-16T07:15:33.000Z","volume":10000,"price":74.15,"category":"ubbull"},{"type":"A","date":"2018-03-16T07:08:35.000Z","volume":5500,"price":74.25,"category":"ubbull"},{"type":"A","date":"2018-03-16T07:04:19.000Z","volume":8000,"price":74.25,"category":"ubbull"},{"type":"A","date":"2018-03-16T07:02:24.000Z","volume":6000,"price":74.25,"category":"ubbull"},{"type":"A","date":"2018-03-16T06:45:20.000Z","volume":7000,"price":74.5,"category":"ubbull"},{"type":"A","date":"2018-03-16T06:45:20.000Z","volume":6500,"price":74.4,"category":"ubbull"},{"type":"A","date":"2018-03-16T06:37:21.000Z","volume":8000,"price":74.3,"category":"ubbull"},{"type":"A","date":"2018-03-16T06:27:34.000Z","volume":6000,"price":74.4,"category":"ubbull"},{"type":"A","date":"2018-03-16T06:27:34.000Z","volume":8500,"price":74.35,"category":"ubbull"},{"type":"A","date":"2018-03-16T06:26:13.000Z","volume":6500,"price":74.25,"category":"ubbull"},{"type":"A","date":"2018-03-16T06:25:57.000Z","volume":6000,"price":74.25,"category":"ubbull"},{"type":"A","date":"2018-03-16T06:14:39.000Z","volume":6500,"price":74.25,"category":"ubbull"},{"type":"A","date":"2018-03-16T06:13:16.000Z","volume":7500,"price":74.25,"category":"ubbull"},{"type":"A","date":"2018-03-16T06:03:12.000Z","volume":5500,"price":74.55,"category":"ubbull"},{"type":"A","date":"2018-03-16T05:52:12.000Z","volume":5500,"price":74.75,"category":"ubbull"},{"type":"A","date":"2018-03-16T05:41:05.000Z","volume":6000,"price":74.8,"category":"ubbull"},{"type":"A","date":"2018-03-16T05:10:13.000Z","volume":6500,"price":74.9,"category":"ubbull"},{"type":"A","date":"2018-03-16T03:47:36.000Z","volume":5500,"price":74.85,"category":"ubbull"},{"type":"A","date":"2018-03-16T03:11:51.000Z","volume":10500,"price":75.25,"category":"ubbull"},{"type":"A","date":"2018-03-16T02:42:13.000Z","volume":8500,"price":75.45,"category":"ubbull"},{"type":"A","date":"2018-03-16T02:38:47.000Z","volume":60000,"price":75.4,"category":"ubbull"},{"type":"A","date":"2018-03-16T02:38:47.000Z","volume":13500,"price":75.4,"category":"ubbull"},{"type":"A","date":"2018-03-16T02:38:47.000Z","volume":5500,"price":75.3,"category":"ubbull"},{"type":"A","date":"2018-03-16T02:37:15.000Z","volume":6000,"price":75.3,"category":"ubbull"},{"type":"A","date":"2018-03-16T02:34:14.000Z","volume":9000,"price":75.35,"category":"ubbull"},{"type":"A","date":"2018-03-16T02:19:49.000Z","volume":8500,"price":75.15,"category":"ubbull"},{"type":"A","date":"2018-03-16T02:17:34.000Z","volume":10000,"price":75.15,"category":"ubbull"},{"type":"A","date":"2018-03-16T02:17:34.000Z","volume":6500,"price":75.1,"category":"ubbull"},{"type":"A","date":"2018-03-16T02:17:00.000Z","volume":5500,"price":75,"category":"ubbull"},{"type":"A","date":"2018-03-16T02:14:53.000Z","volume":8000,"price":75,"category":"ubbull"},{"type":"A","date":"2018-03-16T02:13:36.000Z","volume":6500,"price":74.9,"category":"ubbull"},{"type":"A","date":"2018-03-16T02:13:36.000Z","volume":10500,"price":74.85,"category":"ubbull"},{"type":"A","date":"2018-03-16T01:53:57.000Z","volume":8000,"price":74.95,"category":"ubbull"},{"type":"A","date":"2018-03-16T01:48:10.000Z","volume":12000,"price":75.15,"category":"ubbull"},{"type":"A","date":"2018-03-16T01:39:24.000Z","volume":7000,"price":74.7,"category":"ubbull"},{"type":"A","date":"2018-03-16T01:33:12.000Z","volume":6500,"price":74.8,"category":"ubbull"},{"type":"A","date":"2018-03-16T01:30:26.000Z","volume":10000,"price":75.25,"category":"ubbull"},{"type":"A","date":"2018-03-16T07:59:18.000Z","volume":2500,"price":74.4,"category":"bbull"},{"type":"A","date":"2018-03-16T07:53:15.000Z","volume":2500,"price":74.35,"category":"bbull"},{"type":"A","date":"2018-03-16T07:53:04.000Z","volume":2500,"price":74.4,"category":"bbull"},{"type":"A","date":"2018-03-16T07:47:45.000Z","volume":5000,"price":74.3,"category":"bbull"},{"type":"A","date":"2018-03-16T07:42:11.000Z","volume":2500,"price":74.3,"category":"bbull"},{"type":"A","date":"2018-03-16T07:42:11.000Z","volume":4000,"price":74.3,"category":"bbull"},{"type":"A","date":"2018-03-16T07:41:12.000Z","volume":3500,"price":74.35,"category":"bbull"},{"type":"A","date":"2018-03-16T07:40:14.000Z","volume":5000,"price":74.35,"category":"bbull"},{"type":"A","date":"2018-03-16T07:39:31.000Z","volume":2500,"price":74.35,"category":"bbull"},{"type":"A","date":"2018-03-16T07:38:30.000Z","volume":2500,"price":74.3,"category":"bbull"},{"type":"A","date":"2018-03-16T07:36:58.000Z","volume":4000,"price":74.3,"category":"bbull"},{"type":"A","date":"2018-03-16T07:33:55.000Z","volume":4500,"price":74.4,"category":"bbull"},{"type":"A","date":"2018-03-16T07:31:02.000Z","volume":2500,"price":74.4,"category":"bbull"},{"type":"A","date":"2018-03-16T07:22:09.000Z","volume":4000,"price":74.35,"category":"bbull"},{"type":"A","date":"2018-03-16T07:21:49.000Z","volume":3000,"price":74.4,"category":"bbull"},{"type":"A","date":"2018-03-16T07:15:33.000Z","volume":4500,"price":74.15,"category":"bbull"},{"type":"A","date":"2018-03-16T07:10:10.000Z","volume":5000,"price":74.25,"category":"bbull"},{"type":"A","date":"2018-03-16T07:09:46.000Z","volume":3000,"price":74.25,"category":"bbull"},{"type":"A","date":"2018-03-16T06:45:20.000Z","volume":3000,"price":74.5,"category":"bbull"},{"type":"A","date":"2018-03-16T06:45:20.000Z","volume":4000,"price":74.45,"category":"bbull"},{"type":"A","date":"2018-03-16T06:45:20.000Z","volume":4000,"price":74.45,"category":"bbull"},{"type":"A","date":"2018-03-16T06:38:25.000Z","volume":3000,"price":74.55,"category":"bbull"},{"type":"A","date":"2018-03-16T06:38:20.000Z","volume":5000,"price":74.55,"category":"bbull"},{"type":"A","date":"2018-03-16T06:38:20.000Z","volume":4000,"price":74.5,"category":"bbull"},{"type":"A","date":"2018-03-16T06:37:28.000Z","volume":4000,"price":74.4,"category":"bbull"},{"type":"A","date":"2018-03-16T06:37:21.000Z","volume":2500,"price":74.35,"category":"bbull"},{"type":"A","date":"2018-03-16T06:26:21.000Z","volume":4000,"price":74.3,"category":"bbull"},{"type":"A","date":"2018-03-16T06:25:56.000Z","volume":3500,"price":74.25,"category":"bbull"},{"type":"A","date":"2018-03-16T06:17:34.000Z","volume":2500,"price":74.25,"category":"bbull"},{"type":"A","date":"2018-03-16T06:13:19.000Z","volume":2500,"price":74.3,"category":"bbull"},{"type":"A","date":"2018-03-16T06:13:15.000Z","volume":5000,"price":74.2,"category":"bbull"},{"type":"A","date":"2018-03-16T06:11:12.000Z","volume":4500,"price":74.3,"category":"bbull"},{"type":"A","date":"2018-03-16T06:07:56.000Z","volume":3000,"price":74.55,"category":"bbull"},{"type":"A","date":"2018-03-16T06:01:36.000Z","volume":2500,"price":74.55,"category":"bbull"},{"type":"A","date":"2018-03-16T05:51:48.000Z","volume":3000,"price":74.75,"category":"bbull"},{"type":"A","date":"2018-03-16T05:45:10.000Z","volume":5000,"price":74.8,"category":"bbull"},{"type":"A","date":"2018-03-16T05:40:00.000Z","volume":3000,"price":74.8,"category":"bbull"},{"type":"A","date":"2018-03-16T05:14:25.000Z","volume":3000,"price":74.9,"category":"bbull"},{"type":"A","date":"2018-03-16T05:06:38.000Z","volume":4500,"price":74.85,"category":"bbull"},{"type":"A","date":"2018-03-16T05:05:44.000Z","volume":4500,"price":74.8,"category":"bbull"},{"type":"A","date":"2018-03-16T03:58:04.000Z","volume":3000,"price":74.85,"category":"bbull"},{"type":"A","date":"2018-03-16T03:58:04.000Z","volume":3500,"price":74.8,"category":"bbull"},{"type":"A","date":"2018-03-16T03:49:55.000Z","volume":4000,"price":74.95,"category":"bbull"},{"type":"A","date":"2018-03-16T03:47:51.000Z","volume":4000,"price":74.9,"category":"bbull"},{"type":"A","date":"2018-03-16T03:38:03.000Z","volume":3500,"price":74.95,"category":"bbull"},{"type":"A","date":"2018-03-16T03:35:52.000Z","volume":3500,"price":74.9,"category":"bbull"},{"type":"A","date":"2018-03-16T03:23:18.000Z","volume":3000,"price":75.1,"category":"bbull"},{"type":"A","date":"2018-03-16T03:23:18.000Z","volume":4000,"price":75.05,"category":"bbull"},{"type":"A","date":"2018-03-16T03:19:39.000Z","volume":2500,"price":75.1,"category":"bbull"},{"type":"A","date":"2018-03-16T03:15:25.000Z","volume":3000,"price":75.25,"category":"bbull"},{"type":"A","date":"2018-03-16T03:15:25.000Z","volume":2500,"price":75.25,"category":"bbull"},{"type":"A","date":"2018-03-16T03:11:51.000Z","volume":4500,"price":75.2,"category":"bbull"},{"type":"A","date":"2018-03-16T02:57:02.000Z","volume":4500,"price":75.25,"category":"bbull"},{"type":"A","date":"2018-03-16T02:42:13.000Z","volume":4500,"price":75.45,"category":"bbull"},{"type":"A","date":"2018-03-16T02:38:52.000Z","volume":5000,"price":75.5,"category":"bbull"},{"type":"A","date":"2018-03-16T02:38:50.000Z","volume":3000,"price":75.45,"category":"bbull"},{"type":"A","date":"2018-03-16T02:38:47.000Z","volume":3000,"price":75.4,"category":"bbull"},{"type":"A","date":"2018-03-16T02:33:56.000Z","volume":3000,"price":75.3,"category":"bbull"},{"type":"A","date":"2018-03-16T02:33:56.000Z","volume":3000,"price":75.3,"category":"bbull"},{"type":"A","date":"2018-03-16T02:28:07.000Z","volume":2500,"price":75.3,"category":"bbull"},{"type":"A","date":"2018-03-16T02:25:57.000Z","volume":2500,"price":75.25,"category":"bbull"},{"type":"A","date":"2018-03-16T02:25:56.000Z","volume":3500,"price":75.2,"category":"bbull"},{"type":"A","date":"2018-03-16T02:22:26.000Z","volume":4500,"price":75.05,"category":"bbull"},{"type":"A","date":"2018-03-16T02:22:01.000Z","volume":2500,"price":75.05,"category":"bbull"},{"type":"A","date":"2018-03-16T02:21:37.000Z","volume":2500,"price":75.05,"category":"bbull"},{"type":"A","date":"2018-03-16T02:18:15.000Z","volume":5000,"price":75.2,"category":"bbull"},{"type":"A","date":"2018-03-16T02:18:15.000Z","volume":5000,"price":75.2,"category":"bbull"},{"type":"A","date":"2018-03-16T02:15:20.000Z","volume":3000,"price":75.1,"category":"bbull"},{"type":"A","date":"2018-03-16T02:14:57.000Z","volume":3000,"price":75,"category":"bbull"},{"type":"A","date":"2018-03-16T02:14:08.000Z","volume":3000,"price":74.85,"category":"bbull"},{"type":"A","date":"2018-03-16T02:13:36.000Z","volume":3000,"price":74.9,"category":"bbull"},{"type":"A","date":"2018-03-16T02:06:43.000Z","volume":3000,"price":74.9,"category":"bbull"},{"type":"A","date":"2018-03-16T02:05:19.000Z","volume":3500,"price":74.95,"category":"bbull"},{"type":"A","date":"2018-03-16T02:04:40.000Z","volume":2500,"price":74.95,"category":"bbull"},{"type":"A","date":"2018-03-16T02:04:40.000Z","volume":3000,"price":74.95,"category":"bbull"},{"type":"A","date":"2018-03-16T02:04:05.000Z","volume":3000,"price":74.85,"category":"bbull"},{"type":"A","date":"2018-03-16T01:53:57.000Z","volume":3000,"price":74.95,"category":"bbull"},{"type":"A","date":"2018-03-16T01:48:10.000Z","volume":3000,"price":75.2,"category":"bbull"},{"type":"A","date":"2018-03-16T01:47:30.000Z","volume":3000,"price":74.75,"category":"bbull"},{"type":"A","date":"2018-03-16T01:45:13.000Z","volume":5000,"price":74.75,"category":"bbull"},{"type":"A","date":"2018-03-16T01:39:43.000Z","volume":5000,"price":74.75,"category":"bbull"},{"type":"A","date":"2018-03-16T01:37:01.000Z","volume":2500,"price":75.1,"category":"bbull"},{"type":"A","date":"2018-03-16T01:35:22.000Z","volume":3000,"price":74.9,"category":"bbull"},{"type":"A","date":"2018-03-16T01:34:38.000Z","volume":3000,"price":74.9,"category":"bbull"},{"type":"A","date":"2018-03-16T07:59:29.000Z","volume":500,"price":74.4,"category":"rbull"},{"type":"A","date":"2018-03-16T07:59:13.000Z","volume":500,"price":74.4,"category":"rbull"},{"type":"A","date":"2018-03-16T07:59:13.000Z","volume":500,"price":74.4,"category":"rbull"},{"type":"A","date":"2018-03-16T07:59:01.000Z","volume":500,"price":74.5,"category":"rbull"},{"type":"A","date":"2018-03-16T07:58:57.000Z","volume":500,"price":74.5,"category":"rbull"},{"type":"A","date":"2018-03-16T07:58:53.000Z","volume":500,"price":74.5,"category":"rbull"},{"type":"A","date":"2018-03-16T07:58:46.000Z","volume":500,"price":74.45,"category":"rbull"},{"type":"A","date":"2018-03-16T07:58:39.000Z","volume":500,"price":74.4,"category":"rbull"},{"type":"A","date":"2018-03-16T07:58:33.000Z","volume":500,"price":74.3,"category":"rbull"},{"type":"A","date":"2018-03-16T07:58:29.000Z","volume":500,"price":74.3,"category":"rbull"},{"type":"A","date":"2018-03-16T07:58:28.000Z","volume":500,"price":74.3,"category":"rbull"},{"type":"A","date":"2018-03-16T07:58:24.000Z","volume":500,"price":74.3,"category":"rbull"},{"type":"A","date":"2018-03-16T07:58:15.000Z","volume":500,"price":74.35,"category":"rbull"},{"type":"A","date":"2018-03-16T07:58:13.000Z","volume":500,"price":74.35,"category":"rbull"},{"type":"A","date":"2018-03-16T07:58:13.000Z","volume":500,"price":74.35,"category":"rbull"},{"type":"A","date":"2018-03-16T07:57:59.000Z","volume":500,"price":74.35,"category":"rbull"},{"type":"A","date":"2018-03-16T07:57:40.000Z","volume":500,"price":74.35,"category":"rbull"},{"type":"A","date":"2018-03-16T07:57:11.000Z","volume":500,"price":74.35,"category":"rbull"},{"type":"A","date":"2018-03-16T07:57:11.000Z","volume":500,"price":74.35,"category":"rbull"},{"type":"A","date":"2018-03-16T07:56:51.000Z","volume":500,"price":74.45,"category":"rbull"},{"type":"A","date":"2018-03-16T07:56:50.000Z","volume":500,"price":74.4,"category":"rbull"},{"type":"A","date":"2018-03-16T07:55:53.000Z","volume":500,"price":74.4,"category":"rbull"},{"type":"A","date":"2018-03-16T07:55:06.000Z","volume":500,"price":74.35,"category":"rbull"},{"type":"A","date":"2018-03-16T07:55:00.000Z","volume":500,"price":74.35,"category":"rbull"},{"type":"A","date":"2018-03-16T07:54:29.000Z","volume":500,"price":74.35,"category":"rbull"},{"type":"A","date":"2018-03-16T07:54:25.000Z","volume":500,"price":74.35,"category":"rbull"},{"type":"A","date":"2018-03-16T07:54:13.000Z","volume":500,"price":74.35,"category":"rbull"},{"type":"A","date":"2018-03-16T07:54:02.000Z","volume":500,"price":74.3,"category":"rbull"},{"type":"A","date":"2018-03-16T07:53:32.000Z","volume":500,"price":74.35,"category":"rbull"},{"type":"A","date":"2018-03-16T07:53:30.000Z","volume":500,"price":74.35,"category":"rbull"},{"type":"A","date":"2018-03-16T07:53:02.000Z","volume":500,"price":74.4,"category":"rbull"},{"type":"A","date":"2018-03-16T07:52:52.000Z","volume":500,"price":74.4,"category":"rbull"},{"type":"A","date":"2018-03-16T07:52:44.000Z","volume":500,"price":74.4,"category":"rbull"},{"type":"A","date":"2018-03-16T07:52:44.000Z","volume":500,"price":74.4,"category":"rbull"},{"type":"A","date":"2018-03-16T07:52:32.000Z","volume":500,"price":74.4,"category":"rbull"},{"type":"A","date":"2018-03-16T07:52:16.000Z","volume":500,"price":74.4,"category":"rbull"},{"type":"A","date":"2018-03-16T07:52:16.000Z","volume":500,"price":74.4,"category":"rbull"},{"type":"A","date":"2018-03-16T07:52:14.000Z","volume":500,"price":74.4,"category":"rbull"},{"type":"A","date":"2018-03-16T07:52:00.000Z","volume":500,"price":74.4,"category":"rbull"},{"type":"A","date":"2018-03-16T07:51:52.000Z","volume":500,"price":74.4,"category":"rbull"},{"type":"A","date":"2018-03-16T07:51:36.000Z","volume":500,"price":74.4,"category":"rbull"},{"type":"A","date":"2018-03-16T07:51:35.000Z","volume":500,"price":74.4,"category":"rbull"},{"type":"A","date":"2018-03-16T07:51:35.000Z","volume":500,"price":74.4,"category":"rbull"},{"type":"A","date":"2018-03-16T07:51:11.000Z","volume":500,"price":74.35,"category":"rbull"},{"type":"A","date":"2018-03-16T07:50:41.000Z","volume":500,"price":74.35,"category":"rbull"},{"type":"A","date":"2018-03-16T07:49:59.000Z","volume":500,"price":74.3,"category":"rbull"},{"type":"A","date":"2018-03-16T07:49:48.000Z","volume":500,"price":74.3,"category":"rbull"},{"type":"A","date":"2018-03-16T07:49:30.000Z","volume":500,"price":74.3,"category":"rbull"},{"type":"A","date":"2018-03-16T07:47:11.000Z","volume":500,"price":74.25,"category":"rbull"},{"type":"A","date":"2018-03-16T07:43:06.000Z","volume":500,"price":74.35,"category":"rbull"},{"type":"A","date":"2018-03-16T07:42:55.000Z","volume":500,"price":74.35,"category":"rbull"},{"type":"A","date":"2018-03-16T07:39:27.000Z","volume":500,"price":74.35,"category":"rbull"},{"type":"A","date":"2018-03-16T07:39:01.000Z","volume":500,"price":74.35,"category":"rbull"},{"type":"A","date":"2018-03-16T07:38:27.000Z","volume":500,"price":74.25,"category":"rbull"},{"type":"A","date":"2018-03-16T07:36:59.000Z","volume":500,"price":74.3,"category":"rbull"},{"type":"A","date":"2018-03-16T07:35:20.000Z","volume":500,"price":74.35,"category":"rbull"},{"type":"A","date":"2018-03-16T07:34:00.000Z","volume":500,"price":74.35,"category":"rbull"},{"type":"A","date":"2018-03-16T07:33:55.000Z","volume":500,"price":74.4,"category":"rbull"},{"type":"A","date":"2018-03-16T07:32:54.000Z","volume":500,"price":74.4,"category":"rbull"},{"type":"A","date":"2018-03-16T07:31:06.000Z","volume":500,"price":74.4,"category":"rbull"},{"type":"A","date":"2018-03-16T07:27:00.000Z","volume":500,"price":74.5,"category":"rbull"},{"type":"A","date":"2018-03-16T07:27:00.000Z","volume":500,"price":74.5,"category":"rbull"},{"type":"A","date":"2018-03-16T07:26:42.000Z","volume":500,"price":74.5,"category":"rbull"},{"type":"A","date":"2018-03-16T07:26:24.000Z","volume":500,"price":74.45,"category":"rbull"},{"type":"A","date":"2018-03-16T07:26:24.000Z","volume":500,"price":74.45,"category":"rbull"},{"type":"A","date":"2018-03-16T07:26:20.000Z","volume":500,"price":74.45,"category":"rbull"},{"type":"A","date":"2018-03-16T07:26:00.000Z","volume":500,"price":74.45,"category":"rbull"},{"type":"A","date":"2018-03-16T07:25:51.000Z","volume":500,"price":74.45,"category":"rbull"},{"type":"A","date":"2018-03-16T07:25:30.000Z","volume":500,"price":74.45,"category":"rbull"},{"type":"A","date":"2018-03-16T07:22:59.000Z","volume":500,"price":74.4,"category":"rbull"},{"type":"A","date":"2018-03-16T07:20:32.000Z","volume":500,"price":74.2,"category":"rbull"},{"type":"A","date":"2018-03-16T07:20:31.000Z","volume":500,"price":74.15,"category":"rbull"},{"type":"A","date":"2018-03-16T07:19:30.000Z","volume":500,"price":74.2,"category":"rbull"},{"type":"A","date":"2018-03-16T07:18:53.000Z","volume":500,"price":74.2,"category":"rbull"},{"type":"A","date":"2018-03-16T07:17:34.000Z","volume":500,"price":74.2,"category":"rbull"},{"type":"A","date":"2018-03-16T07:16:30.000Z","volume":500,"price":74.2,"category":"rbull"},{"type":"A","date":"2018-03-16T07:15:39.000Z","volume":500,"price":74.2,"category":"rbull"},{"type":"A","date":"2018-03-16T07:15:13.000Z","volume":500,"price":74.15,"category":"rbull"},{"type":"A","date":"2018-03-16T07:14:59.000Z","volume":500,"price":74.15,"category":"rbull"},{"type":"A","date":"2018-03-16T07:14:55.000Z","volume":500,"price":74.15,"category":"rbull"},{"type":"A","date":"2018-03-16T07:11:17.000Z","volume":500,"price":74.15,"category":"rbull"},{"type":"A","date":"2018-03-16T07:11:06.000Z","volume":500,"price":74.15,"category":"rbull"},{"type":"A","date":"2018-03-16T07:10:51.000Z","volume":500,"price":74.2,"category":"rbull"},{"type":"A","date":"2018-03-16T07:10:12.000Z","volume":500,"price":74.25,"category":"rbull"},{"type":"A","date":"2018-03-16T07:10:08.000Z","volume":500,"price":74.25,"category":"rbull"},{"type":"A","date":"2018-03-16T07:09:45.000Z","volume":500,"price":74.25,"category":"rbull"},{"type":"A","date":"2018-03-16T07:04:43.000Z","volume":500,"price":74.3,"category":"rbull"},{"type":"A","date":"2018-03-16T07:01:00.000Z","volume":500,"price":74.25,"category":"rbull"},{"type":"A","date":"2018-03-16T07:00:46.000Z","volume":500,"price":74.25,"category":"rbull"},{"type":"A","date":"2018-03-16T07:00:28.000Z","volume":500,"price":74.3,"category":"rbull"},{"type":"A","date":"2018-03-16T06:56:48.000Z","volume":500,"price":74.3,"category":"rbull"},{"type":"A","date":"2018-03-16T06:56:43.000Z","volume":500,"price":74.3,"category":"rbull"},{"type":"A","date":"2018-03-16T06:56:41.000Z","volume":500,"price":74.3,"category":"rbull"},{"type":"A","date":"2018-03-16T06:56:18.000Z","volume":500,"price":74.3,"category":"rbull"},{"type":"A","date":"2018-03-16T06:54:16.000Z","volume":500,"price":74.35,"category":"rbull"},{"type":"A","date":"2018-03-16T06:50:29.000Z","volume":500,"price":74.35,"category":"rbull"},{"type":"A","date":"2018-03-16T06:50:28.000Z","volume":500,"price":74.35,"category":"rbull"},{"type":"A","date":"2018-03-16T06:48:28.000Z","volume":500,"price":74.45,"category":"rbull"},{"type":"A","date":"2018-03-16T06:45:21.000Z","volume":500,"price":74.5,"category":"rbull"},{"type":"A","date":"2018-03-16T06:45:19.000Z","volume":500,"price":74.4,"category":"rbull"},{"type":"A","date":"2018-03-16T06:45:12.000Z","volume":500,"price":74.35,"category":"rbull"},{"type":"A","date":"2018-03-16T06:42:07.000Z","volume":500,"price":74.6,"category":"rbull"},{"type":"A","date":"2018-03-16T06:39:47.000Z","volume":500,"price":74.55,"category":"rbull"},{"type":"A","date":"2018-03-16T06:38:40.000Z","volume":500,"price":74.65,"category":"rbull"},{"type":"A","date":"2018-03-16T06:38:25.000Z","volume":500,"price":74.55,"category":"rbull"},{"type":"A","date":"2018-03-16T06:37:48.000Z","volume":500,"price":74.45,"category":"rbull"},{"type":"A","date":"2018-03-16T06:34:40.000Z","volume":500,"price":74.3,"category":"rbull"},{"type":"A","date":"2018-03-16T06:31:25.000Z","volume":500,"price":74.35,"category":"rbull"},{"type":"A","date":"2018-03-16T06:27:33.000Z","volume":500,"price":74.35,"category":"rbull"},{"type":"A","date":"2018-03-16T06:25:43.000Z","volume":500,"price":74.25,"category":"rbull"},{"type":"A","date":"2018-03-16T06:19:25.000Z","volume":500,"price":74.3,"category":"rbull"},{"type":"A","date":"2018-03-16T06:19:13.000Z","volume":500,"price":74.3,"category":"rbull"},{"type":"A","date":"2018-03-16T06:17:34.000Z","volume":500,"price":74.25,"category":"rbull"},{"type":"A","date":"2018-03-16T06:17:28.000Z","volume":500,"price":74.25,"category":"rbull"},{"type":"A","date":"2018-03-16T06:15:28.000Z","volume":500,"price":74.35,"category":"rbull"},{"type":"A","date":"2018-03-16T06:12:58.000Z","volume":500,"price":74.2,"category":"rbull"},{"type":"A","date":"2018-03-16T06:11:46.000Z","volume":500,"price":74.25,"category":"rbull"},{"type":"A","date":"2018-03-16T06:07:56.000Z","volume":500,"price":74.55,"category":"rbull"},{"type":"A","date":"2018-03-16T06:06:52.000Z","volume":500,"price":74.55,"category":"rbull"},{"type":"A","date":"2018-03-16T06:06:18.000Z","volume":500,"price":74.55,"category":"rbull"},{"type":"A","date":"2018-03-16T06:04:40.000Z","volume":500,"price":74.55,"category":"rbull"},{"type":"A","date":"2018-03-16T06:04:40.000Z","volume":500,"price":74.55,"category":"rbull"},{"type":"A","date":"2018-03-16T06:03:32.000Z","volume":500,"price":74.6,"category":"rbull"},{"type":"A","date":"2018-03-16T06:02:46.000Z","volume":500,"price":74.55,"category":"rbull"},{"type":"A","date":"2018-03-16T06:02:03.000Z","volume":500,"price":74.6,"category":"rbull"},{"type":"A","date":"2018-03-16T06:01:37.000Z","volume":500,"price":74.55,"category":"rbull"},{"type":"A","date":"2018-03-16T06:01:37.000Z","volume":500,"price":74.55,"category":"rbull"},{"type":"A","date":"2018-03-16T06:01:36.000Z","volume":500,"price":74.55,"category":"rbull"},{"type":"A","date":"2018-03-16T06:00:48.000Z","volume":500,"price":74.6,"category":"rbull"},{"type":"A","date":"2018-03-16T05:59:28.000Z","volume":500,"price":74.7,"category":"rbull"},{"type":"A","date":"2018-03-16T05:58:24.000Z","volume":500,"price":74.7,"category":"rbull"},{"type":"A","date":"2018-03-16T05:58:07.000Z","volume":500,"price":74.7,"category":"rbull"},{"type":"A","date":"2018-03-16T05:58:00.000Z","volume":500,"price":74.7,"category":"rbull"},{"type":"A","date":"2018-03-16T05:56:13.000Z","volume":500,"price":74.7,"category":"rbull"},{"type":"A","date":"2018-03-16T05:54:43.000Z","volume":500,"price":74.8,"category":"rbull"},{"type":"A","date":"2018-03-16T05:54:38.000Z","volume":500,"price":74.8,"category":"rbull"},{"type":"A","date":"2018-03-16T05:50:14.000Z","volume":500,"price":74.8,"category":"rbull"},{"type":"A","date":"2018-03-16T05:50:14.000Z","volume":500,"price":74.8,"category":"rbull"},{"type":"A","date":"2018-03-16T05:46:58.000Z","volume":500,"price":74.85,"category":"rbull"},{"type":"A","date":"2018-03-16T05:45:10.000Z","volume":500,"price":74.8,"category":"rbull"},{"type":"A","date":"2018-03-16T05:44:44.000Z","volume":500,"price":74.85,"category":"rbull"},{"type":"A","date":"2018-03-16T05:43:55.000Z","volume":500,"price":74.85,"category":"rbull"},{"type":"A","date":"2018-03-16T05:43:50.000Z","volume":500,"price":74.85,"category":"rbull"},{"type":"A","date":"2018-03-16T05:41:15.000Z","volume":500,"price":74.85,"category":"rbull"},{"type":"A","date":"2018-03-16T05:41:07.000Z","volume":500,"price":74.8,"category":"rbull"},{"type":"A","date":"2018-03-16T05:40:00.000Z","volume":500,"price":74.85,"category":"rbull"},{"type":"A","date":"2018-03-16T05:38:40.000Z","volume":500,"price":74.75,"category":"rbull"},{"type":"A","date":"2018-03-16T05:38:40.000Z","volume":500,"price":74.75,"category":"rbull"},{"type":"A","date":"2018-03-16T05:38:38.000Z","volume":500,"price":74.75,"category":"rbull"},{"type":"A","date":"2018-03-16T05:38:27.000Z","volume":500,"price":74.75,"category":"rbull"},{"type":"A","date":"2018-03-16T05:38:08.000Z","volume":500,"price":74.75,"category":"rbull"},{"type":"A","date":"2018-03-16T05:36:04.000Z","volume":500,"price":74.75,"category":"rbull"},{"type":"A","date":"2018-03-16T05:35:56.000Z","volume":500,"price":74.75,"category":"rbull"},{"type":"A","date":"2018-03-16T05:34:08.000Z","volume":500,"price":74.75,"category":"rbull"},{"type":"A","date":"2018-03-16T05:33:06.000Z","volume":500,"price":74.75,"category":"rbull"},{"type":"A","date":"2018-03-16T05:33:04.000Z","volume":500,"price":74.75,"category":"rbull"},{"type":"A","date":"2018-03-16T05:30:47.000Z","volume":500,"price":74.8,"category":"rbull"},{"type":"A","date":"2018-03-16T05:29:39.000Z","volume":500,"price":74.8,"category":"rbull"},{"type":"A","date":"2018-03-16T05:29:35.000Z","volume":500,"price":74.85,"category":"rbull"},{"type":"A","date":"2018-03-16T05:29:14.000Z","volume":500,"price":74.85,"category":"rbull"},{"type":"A","date":"2018-03-16T05:25:44.000Z","volume":500,"price":74.85,"category":"rbull"},{"type":"A","date":"2018-03-16T05:19:32.000Z","volume":500,"price":74.9,"category":"rbull"},{"type":"A","date":"2018-03-16T05:18:09.000Z","volume":500,"price":74.9,"category":"rbull"},{"type":"A","date":"2018-03-16T05:17:51.000Z","volume":500,"price":74.9,"category":"rbull"},{"type":"A","date":"2018-03-16T05:17:40.000Z","volume":500,"price":74.9,"category":"rbull"},{"type":"A","date":"2018-03-16T05:14:41.000Z","volume":500,"price":74.9,"category":"rbull"},{"type":"A","date":"2018-03-16T05:14:36.000Z","volume":500,"price":74.9,"category":"rbull"},{"type":"A","date":"2018-03-16T05:14:11.000Z","volume":500,"price":74.9,"category":"rbull"},{"type":"A","date":"2018-03-16T05:07:51.000Z","volume":500,"price":74.95,"category":"rbull"},{"type":"A","date":"2018-03-16T05:07:26.000Z","volume":500,"price":74.9,"category":"rbull"},{"type":"A","date":"2018-03-16T05:07:19.000Z","volume":500,"price":74.9,"category":"rbull"},{"type":"A","date":"2018-03-16T05:06:57.000Z","volume":500,"price":74.9,"category":"rbull"},{"type":"A","date":"2018-03-16T05:06:32.000Z","volume":500,"price":74.85,"category":"rbull"},{"type":"A","date":"2018-03-16T05:00:08.000Z","volume":500,"price":74.9,"category":"rbull"},{"type":"A","date":"2018-03-16T05:00:02.000Z","volume":500,"price":74.85,"category":"rbull"},{"type":"A","date":"2018-03-16T05:00:00.000Z","volume":500,"price":74.9,"category":"rbull"},{"type":"A","date":"2018-03-16T05:00:00.000Z","volume":500,"price":74.85,"category":"rbull"},{"type":"A","date":"2018-03-16T03:59:44.000Z","volume":500,"price":74.85,"category":"rbull"},{"type":"A","date":"2018-03-16T03:59:19.000Z","volume":500,"price":74.85,"category":"rbull"},{"type":"A","date":"2018-03-16T03:59:06.000Z","volume":500,"price":74.85,"category":"rbull"},{"type":"A","date":"2018-03-16T03:58:54.000Z","volume":500,"price":74.85,"category":"rbull"},{"type":"A","date":"2018-03-16T03:49:57.000Z","volume":500,"price":75,"category":"rbull"},{"type":"A","date":"2018-03-16T03:46:54.000Z","volume":500,"price":74.85,"category":"rbull"},{"type":"A","date":"2018-03-16T03:46:51.000Z","volume":500,"price":74.85,"category":"rbull"},{"type":"A","date":"2018-03-16T03:42:52.000Z","volume":500,"price":74.9,"category":"rbull"},{"type":"A","date":"2018-03-16T03:39:24.000Z","volume":500,"price":74.95,"category":"rbull"},{"type":"A","date":"2018-03-16T03:33:44.000Z","volume":500,"price":74.9,"category":"rbull"},{"type":"A","date":"2018-03-16T03:27:49.000Z","volume":500,"price":75.15,"category":"rbull"},{"type":"A","date":"2018-03-16T03:25:28.000Z","volume":500,"price":75.15,"category":"rbull"},{"type":"A","date":"2018-03-16T03:19:40.000Z","volume":500,"price":75.1,"category":"rbull"},{"type":"A","date":"2018-03-16T03:14:27.000Z","volume":500,"price":75.15,"category":"rbull"},{"type":"A","date":"2018-03-16T03:09:48.000Z","volume":500,"price":75.1,"category":"rbull"},{"type":"A","date":"2018-03-16T03:09:14.000Z","volume":500,"price":75.25,"category":"rbull"},{"type":"A","date":"2018-03-16T03:09:10.000Z","volume":500,"price":75.25,"category":"rbull"},{"type":"A","date":"2018-03-16T03:08:26.000Z","volume":500,"price":75.3,"category":"rbull"},{"type":"A","date":"2018-03-16T03:07:39.000Z","volume":500,"price":75.25,"category":"rbull"},{"type":"A","date":"2018-03-16T03:07:34.000Z","volume":500,"price":75.25,"category":"rbull"},{"type":"A","date":"2018-03-16T03:05:29.000Z","volume":500,"price":75.25,"category":"rbull"},{"type":"A","date":"2018-03-16T03:01:41.000Z","volume":500,"price":75.3,"category":"rbull"},{"type":"A","date":"2018-03-16T03:01:34.000Z","volume":500,"price":75.3,"category":"rbull"},{"type":"A","date":"2018-03-16T03:01:17.000Z","volume":500,"price":75.3,"category":"rbull"},{"type":"A","date":"2018-03-16T03:00:28.000Z","volume":500,"price":75.3,"category":"rbull"},{"type":"A","date":"2018-03-16T03:00:10.000Z","volume":500,"price":75.25,"category":"rbull"},{"type":"A","date":"2018-03-16T03:00:10.000Z","volume":500,"price":75.25,"category":"rbull"},{"type":"A","date":"2018-03-16T03:00:10.000Z","volume":500,"price":75.25,"category":"rbull"},{"type":"A","date":"2018-03-16T02:57:22.000Z","volume":500,"price":75.3,"category":"rbull"},{"type":"A","date":"2018-03-16T02:57:03.000Z","volume":500,"price":75.3,"category":"rbull"},{"type":"A","date":"2018-03-16T02:55:42.000Z","volume":500,"price":75.25,"category":"rbull"},{"type":"A","date":"2018-03-16T02:53:54.000Z","volume":500,"price":75.25,"category":"rbull"},{"type":"A","date":"2018-03-16T02:52:58.000Z","volume":500,"price":75.25,"category":"rbull"},{"type":"A","date":"2018-03-16T02:50:26.000Z","volume":500,"price":75.2,"category":"rbull"},{"type":"A","date":"2018-03-16T02:48:51.000Z","volume":500,"price":75.3,"category":"rbull"},{"type":"A","date":"2018-03-16T02:48:50.000Z","volume":500,"price":75.25,"category":"rbull"},{"type":"A","date":"2018-03-16T02:48:49.000Z","volume":500,"price":75.25,"category":"rbull"},{"type":"A","date":"2018-03-16T02:48:31.000Z","volume":500,"price":75.25,"category":"rbull"},{"type":"A","date":"2018-03-16T02:48:07.000Z","volume":500,"price":75.3,"category":"rbull"},{"type":"A","date":"2018-03-16T02:46:09.000Z","volume":500,"price":75.4,"category":"rbull"},{"type":"A","date":"2018-03-16T02:45:45.000Z","volume":500,"price":75.4,"category":"rbull"},{"type":"A","date":"2018-03-16T02:45:41.000Z","volume":500,"price":75.4,"category":"rbull"},{"type":"A","date":"2018-03-16T02:44:36.000Z","volume":500,"price":75.4,"category":"rbull"},{"type":"A","date":"2018-03-16T02:42:32.000Z","volume":500,"price":75.45,"category":"rbull"},{"type":"A","date":"2018-03-16T02:42:14.000Z","volume":500,"price":75.45,"category":"rbull"},{"type":"A","date":"2018-03-16T02:41:15.000Z","volume":500,"price":75.45,"category":"rbull"},{"type":"A","date":"2018-03-16T02:40:42.000Z","volume":500,"price":75.45,"category":"rbull"},{"type":"A","date":"2018-03-16T02:38:59.000Z","volume":500,"price":75.5,"category":"rbull"},{"type":"A","date":"2018-03-16T02:35:40.000Z","volume":500,"price":75.25,"category":"rbull"},{"type":"A","date":"2018-03-16T02:35:38.000Z","volume":500,"price":75.3,"category":"rbull"},{"type":"A","date":"2018-03-16T02:34:43.000Z","volume":500,"price":75.35,"category":"rbull"},{"type":"A","date":"2018-03-16T02:34:32.000Z","volume":500,"price":75.3,"category":"rbull"},{"type":"A","date":"2018-03-16T02:34:32.000Z","volume":500,"price":75.3,"category":"rbull"},{"type":"A","date":"2018-03-16T02:33:56.000Z","volume":500,"price":75.25,"category":"rbull"},{"type":"A","date":"2018-03-16T02:33:24.000Z","volume":500,"price":75.25,"category":"rbull"},{"type":"A","date":"2018-03-16T02:32:20.000Z","volume":500,"price":75.3,"category":"rbull"},{"type":"A","date":"2018-03-16T02:32:18.000Z","volume":500,"price":75.25,"category":"rbull"},{"type":"A","date":"2018-03-16T02:29:00.000Z","volume":500,"price":75.3,"category":"rbull"},{"type":"A","date":"2018-03-16T02:28:59.000Z","volume":500,"price":75.3,"category":"rbull"},{"type":"A","date":"2018-03-16T02:28:10.000Z","volume":500,"price":75.25,"category":"rbull"},{"type":"A","date":"2018-03-16T02:28:08.000Z","volume":500,"price":75.3,"category":"rbull"},{"type":"A","date":"2018-03-16T02:26:18.000Z","volume":500,"price":75.3,"category":"rbull"},{"type":"A","date":"2018-03-16T02:24:27.000Z","volume":500,"price":75.2,"category":"rbull"},{"type":"A","date":"2018-03-16T02:24:07.000Z","volume":500,"price":75.2,"category":"rbull"},{"type":"A","date":"2018-03-16T02:22:28.000Z","volume":500,"price":75.15,"category":"rbull"},{"type":"A","date":"2018-03-16T02:22:14.000Z","volume":500,"price":75,"category":"rbull"},{"type":"A","date":"2018-03-16T02:21:47.000Z","volume":500,"price":75.05,"category":"rbull"},{"type":"A","date":"2018-03-16T02:21:43.000Z","volume":500,"price":75.05,"category":"rbull"},{"type":"A","date":"2018-03-16T02:21:43.000Z","volume":500,"price":75.05,"category":"rbull"},{"type":"A","date":"2018-03-16T02:21:42.000Z","volume":500,"price":75.05,"category":"rbull"},{"type":"A","date":"2018-03-16T02:21:33.000Z","volume":500,"price":75.05,"category":"rbull"},{"type":"A","date":"2018-03-16T02:19:52.000Z","volume":500,"price":75.15,"category":"rbull"},{"type":"A","date":"2018-03-16T02:19:51.000Z","volume":500,"price":75.15,"category":"rbull"},{"type":"A","date":"2018-03-16T02:19:21.000Z","volume":500,"price":75.15,"category":"rbull"},{"type":"A","date":"2018-03-16T02:18:35.000Z","volume":500,"price":75.15,"category":"rbull"},{"type":"A","date":"2018-03-16T02:18:05.000Z","volume":500,"price":75.15,"category":"rbull"},{"type":"A","date":"2018-03-16T02:17:38.000Z","volume":500,"price":75.2,"category":"rbull"},{"type":"A","date":"2018-03-16T02:17:20.000Z","volume":500,"price":75.05,"category":"rbull"},{"type":"A","date":"2018-03-16T02:17:01.000Z","volume":500,"price":75.05,"category":"rbull"},{"type":"A","date":"2018-03-16T02:16:47.000Z","volume":500,"price":75,"category":"rbull"},{"type":"A","date":"2018-03-16T02:16:17.000Z","volume":500,"price":75,"category":"rbull"},{"type":"A","date":"2018-03-16T02:15:53.000Z","volume":500,"price":75.15,"category":"rbull"},{"type":"A","date":"2018-03-16T02:15:20.000Z","volume":500,"price":75.15,"category":"rbull"},{"type":"A","date":"2018-03-16T02:15:16.000Z","volume":500,"price":75.1,"category":"rbull"},{"type":"A","date":"2018-03-16T02:15:08.000Z","volume":500,"price":75.1,"category":"rbull"},{"type":"A","date":"2018-03-16T02:14:33.000Z","volume":500,"price":74.95,"category":"rbull"},{"type":"A","date":"2018-03-16T02:14:19.000Z","volume":500,"price":74.95,"category":"rbull"},{"type":"A","date":"2018-03-16T02:14:18.000Z","volume":500,"price":74.9,"category":"rbull"},{"type":"A","date":"2018-03-16T02:14:05.000Z","volume":500,"price":74.85,"category":"rbull"},{"type":"A","date":"2018-03-16T02:13:15.000Z","volume":500,"price":74.85,"category":"rbull"},{"type":"A","date":"2018-03-16T02:11:51.000Z","volume":500,"price":74.9,"category":"rbull"},{"type":"A","date":"2018-03-16T02:10:40.000Z","volume":500,"price":74.95,"category":"rbull"},{"type":"A","date":"2018-03-16T02:10:28.000Z","volume":500,"price":74.9,"category":"rbull"},{"type":"A","date":"2018-03-16T02:09:24.000Z","volume":500,"price":74.95,"category":"rbull"},{"type":"A","date":"2018-03-16T02:09:05.000Z","volume":500,"price":74.95,"category":"rbull"},{"type":"A","date":"2018-03-16T02:07:29.000Z","volume":500,"price":74.95,"category":"rbull"},{"type":"A","date":"2018-03-16T02:07:03.000Z","volume":500,"price":74.95,"category":"rbull"},{"type":"A","date":"2018-03-16T02:06:43.000Z","volume":500,"price":74.95,"category":"rbull"},{"type":"A","date":"2018-03-16T02:05:19.000Z","volume":500,"price":74.95,"category":"rbull"},{"type":"A","date":"2018-03-16T02:04:41.000Z","volume":500,"price":75,"category":"rbull"},{"type":"A","date":"2018-03-16T02:04:05.000Z","volume":500,"price":74.85,"category":"rbull"},{"type":"A","date":"2018-03-16T02:04:03.000Z","volume":500,"price":74.85,"category":"rbull"},{"type":"A","date":"2018-03-16T02:03:31.000Z","volume":500,"price":74.9,"category":"rbull"},{"type":"A","date":"2018-03-16T02:03:21.000Z","volume":500,"price":74.9,"category":"rbull"},{"type":"A","date":"2018-03-16T02:03:17.000Z","volume":500,"price":74.9,"category":"rbull"},{"type":"A","date":"2018-03-16T02:03:17.000Z","volume":500,"price":74.9,"category":"rbull"},{"type":"A","date":"2018-03-16T02:02:33.000Z","volume":500,"price":74.9,"category":"rbull"},{"type":"A","date":"2018-03-16T02:01:42.000Z","volume":500,"price":74.9,"category":"rbull"},{"type":"A","date":"2018-03-16T02:00:55.000Z","volume":500,"price":74.9,"category":"rbull"},{"type":"A","date":"2018-03-16T02:00:08.000Z","volume":500,"price":74.85,"category":"rbull"},{"type":"A","date":"2018-03-16T01:59:49.000Z","volume":500,"price":74.9,"category":"rbull"},{"type":"A","date":"2018-03-16T01:59:08.000Z","volume":500,"price":74.9,"category":"rbull"},{"type":"A","date":"2018-03-16T01:58:30.000Z","volume":500,"price":74.9,"category":"rbull"},{"type":"A","date":"2018-03-16T01:58:20.000Z","volume":500,"price":74.9,"category":"rbull"},{"type":"A","date":"2018-03-16T01:56:38.000Z","volume":500,"price":74.9,"category":"rbull"},{"type":"A","date":"2018-03-16T01:56:24.000Z","volume":500,"price":74.9,"category":"rbull"},{"type":"A","date":"2018-03-16T01:56:15.000Z","volume":500,"price":74.9,"category":"rbull"},{"type":"A","date":"2018-03-16T01:56:06.000Z","volume":500,"price":74.9,"category":"rbull"},{"type":"A","date":"2018-03-16T01:56:06.000Z","volume":500,"price":74.9,"category":"rbull"},{"type":"A","date":"2018-03-16T01:54:56.000Z","volume":500,"price":74.95,"category":"rbull"},{"type":"A","date":"2018-03-16T01:54:36.000Z","volume":500,"price":75.1,"category":"rbull"},{"type":"A","date":"2018-03-16T01:53:59.000Z","volume":500,"price":75,"category":"rbull"},{"type":"A","date":"2018-03-16T01:53:59.000Z","volume":500,"price":75,"category":"rbull"},{"type":"A","date":"2018-03-16T01:52:27.000Z","volume":500,"price":74.9,"category":"rbull"},{"type":"A","date":"2018-03-16T01:52:19.000Z","volume":500,"price":74.9,"category":"rbull"},{"type":"A","date":"2018-03-16T01:51:36.000Z","volume":500,"price":74.9,"category":"rbull"},{"type":"A","date":"2018-03-16T01:50:08.000Z","volume":500,"price":75.05,"category":"rbull"},{"type":"A","date":"2018-03-16T01:49:21.000Z","volume":500,"price":75.05,"category":"rbull"},{"type":"A","date":"2018-03-16T01:48:51.000Z","volume":500,"price":75.2,"category":"rbull"},{"type":"A","date":"2018-03-16T01:48:13.000Z","volume":500,"price":75.2,"category":"rbull"},{"type":"A","date":"2018-03-16T01:48:13.000Z","volume":500,"price":75.2,"category":"rbull"},{"type":"A","date":"2018-03-16T01:47:57.000Z","volume":500,"price":75.1,"category":"rbull"},{"type":"A","date":"2018-03-16T01:47:31.000Z","volume":500,"price":74.9,"category":"rbull"},{"type":"A","date":"2018-03-16T01:47:30.000Z","volume":500,"price":74.8,"category":"rbull"},{"type":"A","date":"2018-03-16T01:47:23.000Z","volume":500,"price":74.75,"category":"rbull"},{"type":"A","date":"2018-03-16T01:47:23.000Z","volume":500,"price":74.75,"category":"rbull"},{"type":"A","date":"2018-03-16T01:47:20.000Z","volume":500,"price":74.75,"category":"rbull"},{"type":"A","date":"2018-03-16T01:46:18.000Z","volume":500,"price":74.8,"category":"rbull"},{"type":"A","date":"2018-03-16T01:45:45.000Z","volume":500,"price":74.8,"category":"rbull"},{"type":"A","date":"2018-03-16T01:45:41.000Z","volume":500,"price":74.75,"category":"rbull"},{"type":"A","date":"2018-03-16T01:44:59.000Z","volume":500,"price":74.75,"category":"rbull"},{"type":"A","date":"2018-03-16T01:43:07.000Z","volume":500,"price":74.75,"category":"rbull"},{"type":"A","date":"2018-03-16T01:42:15.000Z","volume":500,"price":74.75,"category":"rbull"},{"type":"A","date":"2018-03-16T01:41:09.000Z","volume":500,"price":74.85,"category":"rbull"},{"type":"A","date":"2018-03-16T01:40:58.000Z","volume":500,"price":74.85,"category":"rbull"},{"type":"A","date":"2018-03-16T01:40:36.000Z","volume":500,"price":74.8,"category":"rbull"},{"type":"A","date":"2018-03-16T01:40:29.000Z","volume":500,"price":74.8,"category":"rbull"},{"type":"A","date":"2018-03-16T01:40:21.000Z","volume":500,"price":74.8,"category":"rbull"},{"type":"A","date":"2018-03-16T01:40:16.000Z","volume":500,"price":74.8,"category":"rbull"},{"type":"A","date":"2018-03-16T01:39:43.000Z","volume":500,"price":74.75,"category":"rbull"},{"type":"A","date":"2018-03-16T01:39:35.000Z","volume":500,"price":74.75,"category":"rbull"},{"type":"A","date":"2018-03-16T01:38:19.000Z","volume":500,"price":74.9,"category":"rbull"},{"type":"A","date":"2018-03-16T01:38:19.000Z","volume":500,"price":74.9,"category":"rbull"},{"type":"A","date":"2018-03-16T01:37:55.000Z","volume":500,"price":74.95,"category":"rbull"},{"type":"A","date":"2018-03-16T01:37:40.000Z","volume":500,"price":75.2,"category":"rbull"},{"type":"A","date":"2018-03-16T01:37:03.000Z","volume":500,"price":75.2,"category":"rbull"},{"type":"A","date":"2018-03-16T01:36:47.000Z","volume":500,"price":75.05,"category":"rbull"},{"type":"A","date":"2018-03-16T01:36:47.000Z","volume":500,"price":75.05,"category":"rbull"},{"type":"A","date":"2018-03-16T01:36:31.000Z","volume":500,"price":75.05,"category":"rbull"},{"type":"A","date":"2018-03-16T01:36:19.000Z","volume":500,"price":75.05,"category":"rbull"},{"type":"A","date":"2018-03-16T01:35:50.000Z","volume":500,"price":75,"category":"rbull"},{"type":"A","date":"2018-03-16T01:35:49.000Z","volume":500,"price":75,"category":"rbull"},{"type":"A","date":"2018-03-16T01:35:22.000Z","volume":500,"price":74.9,"category":"rbull"},{"type":"A","date":"2018-03-16T01:35:22.000Z","volume":500,"price":74.9,"category":"rbull"},{"type":"A","date":"2018-03-16T01:35:22.000Z","volume":500,"price":74.9,"category":"rbull"},{"type":"A","date":"2018-03-16T01:35:19.000Z","volume":500,"price":74.9,"category":"rbull"},{"type":"A","date":"2018-03-16T01:35:18.000Z","volume":500,"price":74.9,"category":"rbull"},{"type":"A","date":"2018-03-16T01:35:18.000Z","volume":500,"price":74.9,"category":"rbull"},{"type":"A","date":"2018-03-16T01:35:17.000Z","volume":500,"price":74.9,"category":"rbull"},{"type":"A","date":"2018-03-16T01:34:17.000Z","volume":500,"price":74.9,"category":"rbull"},{"type":"A","date":"2018-03-16T01:33:12.000Z","volume":500,"price":74.75,"category":"rbull"},{"type":"A","date":"2018-03-16T01:32:32.000Z","volume":500,"price":74.65,"category":"rbull"},{"type":"A","date":"2018-03-16T01:31:53.000Z","volume":500,"price":74.65,"category":"rbull"},{"type":"A","date":"2018-03-16T01:31:53.000Z","volume":500,"price":74.65,"category":"rbull"},{"type":"A","date":"2018-03-16T01:31:45.000Z","volume":500,"price":74.85,"category":"rbull"},{"type":"A","date":"2018-03-16T01:31:34.000Z","volume":500,"price":74.9,"category":"rbull"},{"type":"A","date":"2018-03-16T01:31:04.000Z","volume":500,"price":75.1,"category":"rbull"},{"type":"A","date":"2018-03-16T01:31:03.000Z","volume":500,"price":75.1,"category":"rbull"},{"type":"A","date":"2018-03-16T01:31:00.000Z","volume":500,"price":75.2,"category":"rbull"},{"type":"A","date":"2018-03-16T01:30:36.000Z","volume":500,"price":75.45,"category":"rbull"},{"type":"A","date":"2018-03-16T01:30:00.000Z","volume":500,"price":75.95,"category":"rbull"},{"type":"B","date":"2018-03-16T07:59:37.000Z","volume":500,"price":74.25,"category":"rbear"},{"type":"B","date":"2018-03-16T07:58:00.000Z","volume":500,"price":74.3,"category":"rbear"},{"type":"B","date":"2018-03-16T07:57:07.000Z","volume":500,"price":74.35,"category":"rbear"},{"type":"B","date":"2018-03-16T07:55:53.000Z","volume":500,"price":74.4,"category":"rbear"},{"type":"B","date":"2018-03-16T07:55:18.000Z","volume":500,"price":74.45,"category":"rbear"},{"type":"B","date":"2018-03-16T07:55:05.000Z","volume":500,"price":74.3,"category":"rbear"},{"type":"B","date":"2018-03-16T07:53:03.000Z","volume":500,"price":74.35,"category":"rbear"},{"type":"B","date":"2018-03-16T07:50:01.000Z","volume":500,"price":74.25,"category":"rbear"},{"type":"B","date":"2018-03-16T07:42:26.000Z","volume":500,"price":74.25,"category":"rbear"},{"type":"B","date":"2018-03-16T07:38:31.000Z","volume":500,"price":74.2,"category":"rbear"},{"type":"B","date":"2018-03-16T07:35:59.000Z","volume":500,"price":74.3,"category":"rbear"},{"type":"B","date":"2018-03-16T07:34:37.000Z","volume":500,"price":74.3,"category":"rbear"},{"type":"B","date":"2018-03-16T07:33:29.000Z","volume":500,"price":74.35,"category":"rbear"},{"type":"B","date":"2018-03-16T07:29:48.000Z","volume":500,"price":74.45,"category":"rbear"},{"type":"B","date":"2018-03-16T07:22:42.000Z","volume":500,"price":74.35,"category":"rbear"},{"type":"B","date":"2018-03-16T07:20:29.000Z","volume":500,"price":74.15,"category":"rbear"},{"type":"B","date":"2018-03-16T07:19:41.000Z","volume":500,"price":74.15,"category":"rbear"},{"type":"B","date":"2018-03-16T07:11:07.000Z","volume":500,"price":74.1,"category":"rbear"},{"type":"B","date":"2018-03-16T07:07:43.000Z","volume":500,"price":74.25,"category":"rbear"},{"type":"B","date":"2018-03-16T07:06:39.000Z","volume":500,"price":74.25,"category":"rbear"},{"type":"B","date":"2018-03-16T07:04:28.000Z","volume":500,"price":74.25,"category":"rbear"},{"type":"B","date":"2018-03-16T07:03:52.000Z","volume":500,"price":74.2,"category":"rbear"},{"type":"B","date":"2018-03-16T06:59:58.000Z","volume":500,"price":74.3,"category":"rbear"},{"type":"B","date":"2018-03-16T06:57:10.000Z","volume":500,"price":74.25,"category":"rbear"},{"type":"B","date":"2018-03-16T06:55:54.000Z","volume":500,"price":74.25,"category":"rbear"},{"type":"B","date":"2018-03-16T06:55:40.000Z","volume":500,"price":74.25,"category":"rbear"},{"type":"B","date":"2018-03-16T06:54:23.000Z","volume":500,"price":74.25,"category":"rbear"},{"type":"B","date":"2018-03-16T06:49:49.000Z","volume":500,"price":74.3,"category":"rbear"},{"type":"B","date":"2018-03-16T06:48:53.000Z","volume":500,"price":74.35,"category":"rbear"},{"type":"B","date":"2018-03-16T06:45:38.000Z","volume":500,"price":74.3,"category":"rbear"},{"type":"B","date":"2018-03-16T06:45:23.000Z","volume":500,"price":74.4,"category":"rbear"},{"type":"B","date":"2018-03-16T06:44:01.000Z","volume":500,"price":74.4,"category":"rbear"},{"type":"B","date":"2018-03-16T06:43:42.000Z","volume":500,"price":74.55,"category":"rbear"},{"type":"B","date":"2018-03-16T06:41:56.000Z","volume":500,"price":74.55,"category":"rbear"},{"type":"B","date":"2018-03-16T06:39:03.000Z","volume":500,"price":74.5,"category":"rbear"},{"type":"B","date":"2018-03-16T06:35:34.000Z","volume":500,"price":74.25,"category":"rbear"},{"type":"B","date":"2018-03-16T06:34:08.000Z","volume":500,"price":74.25,"category":"rbear"},{"type":"B","date":"2018-03-16T06:32:00.000Z","volume":500,"price":74.3,"category":"rbear"},{"type":"B","date":"2018-03-16T06:28:33.000Z","volume":500,"price":74.35,"category":"rbear"},{"type":"B","date":"2018-03-16T06:27:06.000Z","volume":500,"price":74.3,"category":"rbear"},{"type":"B","date":"2018-03-16T06:27:05.000Z","volume":500,"price":74.3,"category":"rbear"},{"type":"B","date":"2018-03-16T06:27:04.000Z","volume":500,"price":74.3,"category":"rbear"},{"type":"B","date":"2018-03-16T06:27:04.000Z","volume":500,"price":74.3,"category":"rbear"},{"type":"B","date":"2018-03-16T06:27:03.000Z","volume":500,"price":74.3,"category":"rbear"},{"type":"B","date":"2018-03-16T06:27:03.000Z","volume":500,"price":74.3,"category":"rbear"},{"type":"B","date":"2018-03-16T06:21:50.000Z","volume":500,"price":74.25,"category":"rbear"},{"type":"B","date":"2018-03-16T06:17:22.000Z","volume":500,"price":74.25,"category":"rbear"},{"type":"B","date":"2018-03-16T06:15:56.000Z","volume":500,"price":74.3,"category":"rbear"},{"type":"B","date":"2018-03-16T06:14:36.000Z","volume":500,"price":74.2,"category":"rbear"},{"type":"B","date":"2018-03-16T06:13:35.000Z","volume":500,"price":74.25,"category":"rbear"},{"type":"B","date":"2018-03-16T06:12:21.000Z","volume":500,"price":74.2,"category":"rbear"},{"type":"B","date":"2018-03-16T06:11:48.000Z","volume":500,"price":74.2,"category":"rbear"},{"type":"B","date":"2018-03-16T06:11:13.000Z","volume":500,"price":74.25,"category":"rbear"},{"type":"B","date":"2018-03-16T06:08:06.000Z","volume":500,"price":74.5,"category":"rbear"},{"type":"B","date":"2018-03-16T06:04:21.000Z","volume":500,"price":74.55,"category":"rbear"},{"type":"B","date":"2018-03-16T06:03:12.000Z","volume":500,"price":74.55,"category":"rbear"},{"type":"B","date":"2018-03-16T06:02:03.000Z","volume":500,"price":74.55,"category":"rbear"},{"type":"B","date":"2018-03-16T06:01:51.000Z","volume":500,"price":74.55,"category":"rbear"},{"type":"B","date":"2018-03-16T06:01:11.000Z","volume":500,"price":74.55,"category":"rbear"},{"type":"B","date":"2018-03-16T06:01:06.000Z","volume":500,"price":74.55,"category":"rbear"},{"type":"B","date":"2018-03-16T06:00:50.000Z","volume":500,"price":74.55,"category":"rbear"},{"type":"B","date":"2018-03-16T05:56:14.000Z","volume":500,"price":74.65,"category":"rbear"},{"type":"B","date":"2018-03-16T05:56:12.000Z","volume":500,"price":74.7,"category":"rbear"},{"type":"B","date":"2018-03-16T05:55:30.000Z","volume":500,"price":74.75,"category":"rbear"},{"type":"B","date":"2018-03-16T05:52:12.000Z","volume":500,"price":74.75,"category":"rbear"},{"type":"B","date":"2018-03-16T05:48:50.000Z","volume":500,"price":74.75,"category":"rbear"},{"type":"B","date":"2018-03-16T05:48:30.000Z","volume":500,"price":74.75,"category":"rbear"},{"type":"B","date":"2018-03-16T05:39:56.000Z","volume":500,"price":74.75,"category":"rbear"},{"type":"B","date":"2018-03-16T05:38:31.000Z","volume":500,"price":74.7,"category":"rbear"},{"type":"B","date":"2018-03-16T05:38:06.000Z","volume":500,"price":74.7,"category":"rbear"},{"type":"B","date":"2018-03-16T05:37:18.000Z","volume":500,"price":74.7,"category":"rbear"},{"type":"B","date":"2018-03-16T05:35:58.000Z","volume":500,"price":74.7,"category":"rbear"},{"type":"B","date":"2018-03-16T05:31:47.000Z","volume":500,"price":74.7,"category":"rbear"},{"type":"B","date":"2018-03-16T05:31:27.000Z","volume":500,"price":74.7,"category":"rbear"},{"type":"B","date":"2018-03-16T05:29:38.000Z","volume":500,"price":74.8,"category":"rbear"},{"type":"B","date":"2018-03-16T05:29:19.000Z","volume":500,"price":74.8,"category":"rbear"},{"type":"B","date":"2018-03-16T05:28:52.000Z","volume":500,"price":74.8,"category":"rbear"},{"type":"B","date":"2018-03-16T05:27:51.000Z","volume":500,"price":74.8,"category":"rbear"},{"type":"B","date":"2018-03-16T05:26:50.000Z","volume":500,"price":74.8,"category":"rbear"},{"type":"B","date":"2018-03-16T05:25:47.000Z","volume":500,"price":74.8,"category":"rbear"},{"type":"B","date":"2018-03-16T05:25:10.000Z","volume":500,"price":74.8,"category":"rbear"},{"type":"B","date":"2018-03-16T05:20:11.000Z","volume":500,"price":74.85,"category":"rbear"},{"type":"B","date":"2018-03-16T05:12:05.000Z","volume":500,"price":74.85,"category":"rbear"},{"type":"B","date":"2018-03-16T05:11:30.000Z","volume":500,"price":74.85,"category":"rbear"},{"type":"B","date":"2018-03-16T05:04:44.000Z","volume":500,"price":74.75,"category":"rbear"},{"type":"B","date":"2018-03-16T05:04:10.000Z","volume":500,"price":74.8,"category":"rbear"},{"type":"B","date":"2018-03-16T05:00:03.000Z","volume":500,"price":74.8,"category":"rbear"},{"type":"B","date":"2018-03-16T05:00:00.000Z","volume":500,"price":74.8,"category":"rbear"},{"type":"B","date":"2018-03-16T03:59:49.000Z","volume":500,"price":74.8,"category":"rbear"},{"type":"B","date":"2018-03-16T03:58:22.000Z","volume":500,"price":74.75,"category":"rbear"},{"type":"B","date":"2018-03-16T03:57:51.000Z","volume":500,"price":74.85,"category":"rbear"},{"type":"B","date":"2018-03-16T03:53:45.000Z","volume":500,"price":74.9,"category":"rbear"},{"type":"B","date":"2018-03-16T03:53:45.000Z","volume":500,"price":74.9,"category":"rbear"},{"type":"B","date":"2018-03-16T03:53:45.000Z","volume":500,"price":74.9,"category":"rbear"},{"type":"B","date":"2018-03-16T03:53:45.000Z","volume":500,"price":74.9,"category":"rbear"},{"type":"B","date":"2018-03-16T03:53:45.000Z","volume":500,"price":74.9,"category":"rbear"},{"type":"B","date":"2018-03-16T03:52:15.000Z","volume":500,"price":74.95,"category":"rbear"},{"type":"B","date":"2018-03-16T03:51:46.000Z","volume":500,"price":74.95,"category":"rbear"},{"type":"B","date":"2018-03-16T03:49:22.000Z","volume":500,"price":74.9,"category":"rbear"},{"type":"B","date":"2018-03-16T03:47:36.000Z","volume":500,"price":74.85,"category":"rbear"},{"type":"B","date":"2018-03-16T03:47:23.000Z","volume":500,"price":74.8,"category":"rbear"},{"type":"B","date":"2018-03-16T03:46:55.000Z","volume":500,"price":74.8,"category":"rbear"},{"type":"B","date":"2018-03-16T03:43:33.000Z","volume":500,"price":74.85,"category":"rbear"},{"type":"B","date":"2018-03-16T03:42:23.000Z","volume":500,"price":74.85,"category":"rbear"},{"type":"B","date":"2018-03-16T03:42:01.000Z","volume":500,"price":74.9,"category":"rbear"},{"type":"B","date":"2018-03-16T03:38:30.000Z","volume":500,"price":74.9,"category":"rbear"},{"type":"B","date":"2018-03-16T03:36:50.000Z","volume":500,"price":74.9,"category":"rbear"},{"type":"B","date":"2018-03-16T03:36:44.000Z","volume":500,"price":74.9,"category":"rbear"},{"type":"B","date":"2018-03-16T03:35:30.000Z","volume":500,"price":74.85,"category":"rbear"},{"type":"B","date":"2018-03-16T03:33:46.000Z","volume":500,"price":74.85,"category":"rbear"},{"type":"B","date":"2018-03-16T03:31:44.000Z","volume":500,"price":74.9,"category":"rbear"},{"type":"B","date":"2018-03-16T03:31:01.000Z","volume":500,"price":75,"category":"rbear"},{"type":"B","date":"2018-03-16T03:30:50.000Z","volume":500,"price":75,"category":"rbear"},{"type":"B","date":"2018-03-16T03:30:50.000Z","volume":500,"price":75,"category":"rbear"},{"type":"B","date":"2018-03-16T03:30:12.000Z","volume":500,"price":75,"category":"rbear"},{"type":"B","date":"2018-03-16T03:28:28.000Z","volume":500,"price":75.05,"category":"rbear"},{"type":"B","date":"2018-03-16T03:24:27.000Z","volume":500,"price":75,"category":"rbear"},{"type":"B","date":"2018-03-16T03:23:21.000Z","volume":500,"price":75.1,"category":"rbear"},{"type":"B","date":"2018-03-16T03:23:18.000Z","volume":500,"price":75.1,"category":"rbear"},{"type":"B","date":"2018-03-16T03:23:05.000Z","volume":500,"price":75,"category":"rbear"},{"type":"B","date":"2018-03-16T03:22:51.000Z","volume":500,"price":75,"category":"rbear"},{"type":"B","date":"2018-03-16T03:21:27.000Z","volume":500,"price":75.05,"category":"rbear"},{"type":"B","date":"2018-03-16T03:21:20.000Z","volume":500,"price":75.05,"category":"rbear"},{"type":"B","date":"2018-03-16T03:20:45.000Z","volume":500,"price":75.05,"category":"rbear"},{"type":"B","date":"2018-03-16T03:19:29.000Z","volume":500,"price":75.05,"category":"rbear"},{"type":"B","date":"2018-03-16T03:16:40.000Z","volume":500,"price":75.05,"category":"rbear"},{"type":"B","date":"2018-03-16T03:09:43.000Z","volume":500,"price":75.05,"category":"rbear"},{"type":"B","date":"2018-03-16T03:09:26.000Z","volume":500,"price":75.15,"category":"rbear"},{"type":"B","date":"2018-03-16T03:03:14.000Z","volume":500,"price":75.25,"category":"rbear"},{"type":"B","date":"2018-03-16T03:01:14.000Z","volume":500,"price":75.25,"category":"rbear"},{"type":"B","date":"2018-03-16T02:58:00.000Z","volume":500,"price":75.25,"category":"rbear"},{"type":"B","date":"2018-03-16T02:53:54.000Z","volume":500,"price":75.2,"category":"rbear"},{"type":"B","date":"2018-03-16T02:52:28.000Z","volume":500,"price":75.2,"category":"rbear"},{"type":"B","date":"2018-03-16T02:50:04.000Z","volume":500,"price":75.2,"category":"rbear"},{"type":"B","date":"2018-03-16T02:48:38.000Z","volume":500,"price":75.2,"category":"rbear"},{"type":"B","date":"2018-03-16T02:48:27.000Z","volume":500,"price":75.25,"category":"rbear"},{"type":"B","date":"2018-03-16T02:48:25.000Z","volume":500,"price":75.25,"category":"rbear"},{"type":"B","date":"2018-03-16T02:48:19.000Z","volume":500,"price":75.25,"category":"rbear"},{"type":"B","date":"2018-03-16T02:48:06.000Z","volume":500,"price":75.3,"category":"rbear"},{"type":"B","date":"2018-03-16T02:47:45.000Z","volume":500,"price":75.3,"category":"rbear"},{"type":"B","date":"2018-03-16T02:46:50.000Z","volume":500,"price":75.35,"category":"rbear"},{"type":"B","date":"2018-03-16T02:45:41.000Z","volume":500,"price":75.35,"category":"rbear"},{"type":"B","date":"2018-03-16T02:40:42.000Z","volume":500,"price":75.45,"category":"rbear"},{"type":"B","date":"2018-03-16T02:37:43.000Z","volume":500,"price":75.25,"category":"rbear"},{"type":"B","date":"2018-03-16T02:37:15.000Z","volume":500,"price":75.2,"category":"rbear"},{"type":"B","date":"2018-03-16T02:28:59.000Z","volume":500,"price":75.25,"category":"rbear"},{"type":"B","date":"2018-03-16T02:28:12.000Z","volume":500,"price":75.2,"category":"rbear"},{"type":"B","date":"2018-03-16T02:28:08.000Z","volume":500,"price":75.2,"category":"rbear"},{"type":"B","date":"2018-03-16T02:24:25.000Z","volume":500,"price":75.15,"category":"rbear"},{"type":"B","date":"2018-03-16T02:23:50.000Z","volume":500,"price":75.15,"category":"rbear"},{"type":"B","date":"2018-03-16T02:23:39.000Z","volume":500,"price":75.15,"category":"rbear"},{"type":"B","date":"2018-03-16T02:23:00.000Z","volume":500,"price":75.15,"category":"rbear"},{"type":"B","date":"2018-03-16T02:20:11.000Z","volume":500,"price":75.05,"category":"rbear"},{"type":"B","date":"2018-03-16T02:19:50.000Z","volume":500,"price":75.05,"category":"rbear"},{"type":"B","date":"2018-03-16T02:18:35.000Z","volume":500,"price":75.1,"category":"rbear"},{"type":"B","date":"2018-03-16T02:18:16.000Z","volume":500,"price":75.1,"category":"rbear"},{"type":"B","date":"2018-03-16T02:18:13.000Z","volume":500,"price":75.1,"category":"rbear"},{"type":"B","date":"2018-03-16T02:13:14.000Z","volume":500,"price":74.8,"category":"rbear"},{"type":"B","date":"2018-03-16T02:09:27.000Z","volume":500,"price":74.9,"category":"rbear"},{"type":"B","date":"2018-03-16T02:09:16.000Z","volume":500,"price":74.9,"category":"rbear"},{"type":"B","date":"2018-03-16T02:07:29.000Z","volume":500,"price":74.9,"category":"rbear"},{"type":"B","date":"2018-03-16T02:03:56.000Z","volume":500,"price":74.85,"category":"rbear"},{"type":"B","date":"2018-03-16T02:03:41.000Z","volume":500,"price":74.85,"category":"rbear"},{"type":"B","date":"2018-03-16T02:03:21.000Z","volume":500,"price":74.85,"category":"rbear"},{"type":"B","date":"2018-03-16T02:02:11.000Z","volume":500,"price":74.8,"category":"rbear"},{"type":"B","date":"2018-03-16T02:00:54.000Z","volume":500,"price":74.85,"category":"rbear"},{"type":"B","date":"2018-03-16T02:00:20.000Z","volume":500,"price":74.8,"category":"rbear"},{"type":"B","date":"2018-03-16T02:00:18.000Z","volume":500,"price":74.8,"category":"rbear"},{"type":"B","date":"2018-03-16T02:00:07.000Z","volume":500,"price":74.85,"category":"rbear"},{"type":"B","date":"2018-03-16T01:58:31.000Z","volume":500,"price":74.85,"category":"rbear"},{"type":"B","date":"2018-03-16T01:58:21.000Z","volume":500,"price":74.85,"category":"rbear"},{"type":"B","date":"2018-03-16T01:56:22.000Z","volume":500,"price":74.85,"category":"rbear"},{"type":"B","date":"2018-03-16T01:56:15.000Z","volume":500,"price":74.9,"category":"rbear"},{"type":"B","date":"2018-03-16T01:52:30.000Z","volume":500,"price":74.9,"category":"rbear"},{"type":"B","date":"2018-03-16T01:51:27.000Z","volume":500,"price":74.9,"category":"rbear"},{"type":"B","date":"2018-03-16T01:51:09.000Z","volume":500,"price":74.95,"category":"rbear"},{"type":"B","date":"2018-03-16T01:43:13.000Z","volume":500,"price":74.7,"category":"rbear"},{"type":"B","date":"2018-03-16T01:43:13.000Z","volume":500,"price":74.7,"category":"rbear"},{"type":"B","date":"2018-03-16T01:42:30.000Z","volume":500,"price":74.65,"category":"rbear"},{"type":"B","date":"2018-03-16T01:42:06.000Z","volume":500,"price":74.75,"category":"rbear"},{"type":"B","date":"2018-03-16T01:42:06.000Z","volume":500,"price":74.75,"category":"rbear"},{"type":"B","date":"2018-03-16T01:39:00.000Z","volume":500,"price":74.7,"category":"rbear"},{"type":"B","date":"2018-03-16T01:39:00.000Z","volume":500,"price":74.7,"category":"rbear"},{"type":"B","date":"2018-03-16T01:38:59.000Z","volume":500,"price":74.7,"category":"rbear"},{"type":"B","date":"2018-03-16T01:38:57.000Z","volume":500,"price":74.7,"category":"rbear"},{"type":"B","date":"2018-03-16T01:38:39.000Z","volume":500,"price":74.8,"category":"rbear"},{"type":"B","date":"2018-03-16T01:38:39.000Z","volume":500,"price":74.8,"category":"rbear"},{"type":"B","date":"2018-03-16T01:38:34.000Z","volume":500,"price":74.85,"category":"rbear"},{"type":"B","date":"2018-03-16T01:38:30.000Z","volume":500,"price":74.85,"category":"rbear"},{"type":"B","date":"2018-03-16T01:37:23.000Z","volume":500,"price":75.1,"category":"rbear"},{"type":"B","date":"2018-03-16T01:37:23.000Z","volume":500,"price":75.15,"category":"rbear"},{"type":"B","date":"2018-03-16T01:37:18.000Z","volume":500,"price":75.1,"category":"rbear"},{"type":"B","date":"2018-03-16T01:37:18.000Z","volume":500,"price":75.15,"category":"rbear"},{"type":"B","date":"2018-03-16T01:35:23.000Z","volume":500,"price":74.9,"category":"rbear"},{"type":"B","date":"2018-03-16T01:34:59.000Z","volume":500,"price":74.8,"category":"rbear"},{"type":"B","date":"2018-03-16T01:34:28.000Z","volume":500,"price":74.8,"category":"rbear"},{"type":"B","date":"2018-03-16T01:32:14.000Z","volume":500,"price":74.65,"category":"rbear"},{"type":"B","date":"2018-03-16T01:31:57.000Z","volume":500,"price":74.65,"category":"rbear"},{"type":"B","date":"2018-03-16T01:31:32.000Z","volume":500,"price":74.85,"category":"rbear"},{"type":"B","date":"2018-03-16T01:31:24.000Z","volume":500,"price":74.95,"category":"rbear"},{"type":"B","date":"2018-03-16T01:31:01.000Z","volume":500,"price":75.1,"category":"rbear"},{"type":"B","date":"2018-03-16T01:31:00.000Z","volume":500,"price":75.2,"category":"rbear"},{"type":"B","date":"2018-03-16T01:30:58.000Z","volume":500,"price":75.25,"category":"rbear"},{"type":"B","date":"2018-03-16T01:30:16.000Z","volume":500,"price":75.2,"category":"rbear"},{"type":"B","date":"2018-03-16T01:30:13.000Z","volume":500,"price":75.2,"category":"rbear"},{"type":"B","date":"2018-03-16T01:30:03.000Z","volume":500,"price":75.25,"category":"rbear"},{"type":"B","date":"2018-03-16T01:30:00.000Z","volume":500,"price":75.7,"category":"rbear"},{"type":"B","date":"2018-03-16T07:57:59.000Z","volume":2500,"price":74.3,"category":"bbear"},{"type":"B","date":"2018-03-16T07:57:01.000Z","volume":3000,"price":74.4,"category":"bbear"},{"type":"B","date":"2018-03-16T07:55:18.000Z","volume":2500,"price":74.45,"category":"bbear"},{"type":"B","date":"2018-03-16T07:53:18.000Z","volume":4500,"price":74.3,"category":"bbear"},{"type":"B","date":"2018-03-16T07:52:32.000Z","volume":3500,"price":74.35,"category":"bbear"},{"type":"B","date":"2018-03-16T07:51:10.000Z","volume":4500,"price":74.3,"category":"bbear"},{"type":"B","date":"2018-03-16T07:49:48.000Z","volume":3500,"price":74.25,"category":"bbear"},{"type":"B","date":"2018-03-16T07:46:15.000Z","volume":3000,"price":74.25,"category":"bbear"},{"type":"B","date":"2018-03-16T07:45:30.000Z","volume":4500,"price":74.3,"category":"bbear"},{"type":"B","date":"2018-03-16T07:45:29.000Z","volume":2500,"price":74.3,"category":"bbear"},{"type":"B","date":"2018-03-16T07:45:27.000Z","volume":3000,"price":74.3,"category":"bbear"},{"type":"B","date":"2018-03-16T07:45:09.000Z","volume":2500,"price":74.3,"category":"bbear"},{"type":"B","date":"2018-03-16T07:44:23.000Z","volume":4000,"price":74.3,"category":"bbear"},{"type":"B","date":"2018-03-16T07:38:31.000Z","volume":3000,"price":74.25,"category":"bbear"},{"type":"B","date":"2018-03-16T07:38:18.000Z","volume":2500,"price":74.25,"category":"bbear"},{"type":"B","date":"2018-03-16T07:37:09.000Z","volume":2500,"price":74.25,"category":"bbear"},{"type":"B","date":"2018-03-16T07:33:58.000Z","volume":4500,"price":74.35,"category":"bbear"},{"type":"B","date":"2018-03-16T07:33:48.000Z","volume":2500,"price":74.35,"category":"bbear"},{"type":"B","date":"2018-03-16T07:32:54.000Z","volume":5000,"price":74.4,"category":"bbear"},{"type":"B","date":"2018-03-16T07:32:03.000Z","volume":3000,"price":74.4,"category":"bbear"},{"type":"B","date":"2018-03-16T07:28:39.000Z","volume":3000,"price":74.45,"category":"bbear"},{"type":"B","date":"2018-03-16T07:23:14.000Z","volume":4000,"price":74.35,"category":"bbear"},{"type":"B","date":"2018-03-16T07:21:57.000Z","volume":3000,"price":74.35,"category":"bbear"},{"type":"B","date":"2018-03-16T07:15:02.000Z","volume":3000,"price":74.1,"category":"bbear"},{"type":"B","date":"2018-03-16T07:11:05.000Z","volume":3000,"price":74.15,"category":"bbear"},{"type":"B","date":"2018-03-16T07:10:55.000Z","volume":5000,"price":74.15,"category":"bbear"},{"type":"B","date":"2018-03-16T07:09:10.000Z","volume":3500,"price":74.25,"category":"bbear"},{"type":"B","date":"2018-03-16T07:07:57.000Z","volume":4500,"price":74.25,"category":"bbear"},{"type":"B","date":"2018-03-16T07:05:28.000Z","volume":3500,"price":74.25,"category":"bbear"},{"type":"B","date":"2018-03-16T07:03:43.000Z","volume":3000,"price":74.25,"category":"bbear"},{"type":"B","date":"2018-03-16T07:02:07.000Z","volume":2500,"price":74.2,"category":"bbear"},{"type":"B","date":"2018-03-16T07:00:44.000Z","volume":4000,"price":74.25,"category":"bbear"},{"type":"B","date":"2018-03-16T06:59:58.000Z","volume":5000,"price":74.3,"category":"bbear"},{"type":"B","date":"2018-03-16T06:59:43.000Z","volume":4500,"price":74.3,"category":"bbear"},{"type":"B","date":"2018-03-16T06:55:51.000Z","volume":4500,"price":74.25,"category":"bbear"},{"type":"B","date":"2018-03-16T06:54:01.000Z","volume":2500,"price":74.35,"category":"bbear"},{"type":"B","date":"2018-03-16T06:49:48.000Z","volume":4500,"price":74.3,"category":"bbear"},{"type":"B","date":"2018-03-16T06:48:53.000Z","volume":2500,"price":74.35,"category":"bbear"},{"type":"B","date":"2018-03-16T06:44:21.000Z","volume":4500,"price":74.35,"category":"bbear"},{"type":"B","date":"2018-03-16T06:34:40.000Z","volume":3500,"price":74.25,"category":"bbear"},{"type":"B","date":"2018-03-16T06:33:12.000Z","volume":2500,"price":74.3,"category":"bbear"},{"type":"B","date":"2018-03-16T06:30:54.000Z","volume":4000,"price":74.3,"category":"bbear"},{"type":"B","date":"2018-03-16T06:30:27.000Z","volume":3000,"price":74.3,"category":"bbear"},{"type":"B","date":"2018-03-16T06:26:08.000Z","volume":4000,"price":74.25,"category":"bbear"},{"type":"B","date":"2018-03-16T06:23:45.000Z","volume":2500,"price":74.25,"category":"bbear"},{"type":"B","date":"2018-03-16T06:21:46.000Z","volume":3500,"price":74.25,"category":"bbear"},{"type":"B","date":"2018-03-16T06:17:55.000Z","volume":3000,"price":74.25,"category":"bbear"},{"type":"B","date":"2018-03-16T06:16:07.000Z","volume":2500,"price":74.3,"category":"bbear"},{"type":"B","date":"2018-03-16T06:11:45.000Z","volume":4000,"price":74.2,"category":"bbear"},{"type":"B","date":"2018-03-16T06:11:11.000Z","volume":2500,"price":74.3,"category":"bbear"},{"type":"B","date":"2018-03-16T06:11:11.000Z","volume":3500,"price":74.45,"category":"bbear"},{"type":"B","date":"2018-03-16T06:07:51.000Z","volume":5000,"price":74.5,"category":"bbear"},{"type":"B","date":"2018-03-16T06:03:05.000Z","volume":4000,"price":74.5,"category":"bbear"},{"type":"B","date":"2018-03-16T06:01:27.000Z","volume":5000,"price":74.5,"category":"bbear"},{"type":"B","date":"2018-03-16T06:00:12.000Z","volume":3000,"price":74.55,"category":"bbear"},{"type":"B","date":"2018-03-16T06:00:07.000Z","volume":3000,"price":74.65,"category":"bbear"},{"type":"B","date":"2018-03-16T05:59:01.000Z","volume":5000,"price":74.65,"category":"bbear"},{"type":"B","date":"2018-03-16T05:55:29.000Z","volume":3500,"price":74.75,"category":"bbear"},{"type":"B","date":"2018-03-16T05:48:30.000Z","volume":3500,"price":74.8,"category":"bbear"},{"type":"B","date":"2018-03-16T05:44:47.000Z","volume":4500,"price":74.8,"category":"bbear"},{"type":"B","date":"2018-03-16T05:44:47.000Z","volume":4500,"price":74.8,"category":"bbear"},{"type":"B","date":"2018-03-16T05:38:26.000Z","volume":3500,"price":74.7,"category":"bbear"},{"type":"B","date":"2018-03-16T05:35:31.000Z","volume":3500,"price":74.7,"category":"bbear"},{"type":"B","date":"2018-03-16T05:32:38.000Z","volume":3500,"price":74.7,"category":"bbear"},{"type":"B","date":"2018-03-16T05:29:36.000Z","volume":4000,"price":74.8,"category":"bbear"},{"type":"B","date":"2018-03-16T05:25:09.000Z","volume":3500,"price":74.8,"category":"bbear"},{"type":"B","date":"2018-03-16T05:19:44.000Z","volume":4500,"price":74.85,"category":"bbear"},{"type":"B","date":"2018-03-16T05:13:45.000Z","volume":3000,"price":74.9,"category":"bbear"},{"type":"B","date":"2018-03-16T05:04:29.000Z","volume":4000,"price":74.75,"category":"bbear"},{"type":"B","date":"2018-03-16T05:04:10.000Z","volume":4500,"price":74.8,"category":"bbear"},{"type":"B","date":"2018-03-16T05:02:04.000Z","volume":4000,"price":74.8,"category":"bbear"},{"type":"B","date":"2018-03-16T05:01:17.000Z","volume":3000,"price":74.85,"category":"bbear"},{"type":"B","date":"2018-03-16T05:00:02.000Z","volume":4000,"price":74.8,"category":"bbear"},{"type":"B","date":"2018-03-16T03:53:46.000Z","volume":2500,"price":74.9,"category":"bbear"},{"type":"B","date":"2018-03-16T03:42:20.000Z","volume":4000,"price":74.85,"category":"bbear"},{"type":"B","date":"2018-03-16T03:24:04.000Z","volume":5000,"price":75,"category":"bbear"},{"type":"B","date":"2018-03-16T03:23:16.000Z","volume":3000,"price":75,"category":"bbear"},{"type":"B","date":"2018-03-16T03:15:28.000Z","volume":3000,"price":75.25,"category":"bbear"},{"type":"B","date":"2018-03-16T03:14:05.000Z","volume":2500,"price":75.15,"category":"bbear"},{"type":"B","date":"2018-03-16T03:09:20.000Z","volume":3000,"price":75.2,"category":"bbear"},{"type":"B","date":"2018-03-16T02:50:25.000Z","volume":3000,"price":75.15,"category":"bbear"},{"type":"B","date":"2018-03-16T02:46:50.000Z","volume":2500,"price":75.35,"category":"bbear"},{"type":"B","date":"2018-03-16T02:33:07.000Z","volume":2500,"price":75.25,"category":"bbear"},{"type":"B","date":"2018-03-16T02:16:00.000Z","volume":5000,"price":75.05,"category":"bbear"},{"type":"B","date":"2018-03-16T02:03:56.000Z","volume":2500,"price":74.85,"category":"bbear"},{"type":"B","date":"2018-03-16T01:56:38.000Z","volume":3000,"price":74.85,"category":"bbear"},{"type":"B","date":"2018-03-16T01:56:22.000Z","volume":3000,"price":74.85,"category":"bbear"},{"type":"B","date":"2018-03-16T01:55:35.000Z","volume":4000,"price":74.9,"category":"bbear"},{"type":"B","date":"2018-03-16T01:54:54.000Z","volume":3500,"price":74.9,"category":"bbear"},{"type":"B","date":"2018-03-16T01:54:22.000Z","volume":3000,"price":75,"category":"bbear"},{"type":"B","date":"2018-03-16T01:51:09.000Z","volume":3000,"price":74.95,"category":"bbear"},{"type":"B","date":"2018-03-16T01:46:48.000Z","volume":3000,"price":74.75,"category":"bbear"},{"type":"B","date":"2018-03-16T01:45:44.000Z","volume":5000,"price":74.7,"category":"bbear"},{"type":"B","date":"2018-03-16T01:45:08.000Z","volume":4000,"price":74.7,"category":"bbear"},{"type":"B","date":"2018-03-16T01:43:13.000Z","volume":2500,"price":74.7,"category":"bbear"},{"type":"B","date":"2018-03-16T01:42:06.000Z","volume":3000,"price":74.75,"category":"bbear"},{"type":"B","date":"2018-03-16T01:40:58.000Z","volume":2500,"price":74.75,"category":"bbear"},{"type":"B","date":"2018-03-16T01:40:36.000Z","volume":2500,"price":74.75,"category":"bbear"},{"type":"B","date":"2018-03-16T01:40:04.000Z","volume":3000,"price":74.7,"category":"bbear"},{"type":"B","date":"2018-03-16T01:39:24.000Z","volume":3000,"price":74.7,"category":"bbear"},{"type":"B","date":"2018-03-16T01:37:51.000Z","volume":5000,"price":75,"category":"bbear"},{"type":"B","date":"2018-03-16T01:37:20.000Z","volume":2500,"price":75.15,"category":"bbear"},{"type":"B","date":"2018-03-16T01:37:17.000Z","volume":3000,"price":75.15,"category":"bbear"},{"type":"B","date":"2018-03-16T01:32:27.000Z","volume":3000,"price":74.65,"category":"bbear"},{"type":"B","date":"2018-03-16T01:31:32.000Z","volume":2500,"price":74.9,"category":"bbear"},{"type":"B","date":"2018-03-16T01:31:01.000Z","volume":2500,"price":75.05,"category":"bbear"},{"type":"B","date":"2018-03-16T01:30:02.000Z","volume":2500,"price":75.25,"category":"bbear"},{"type":"B","date":"2018-03-16T01:30:02.000Z","volume":3500,"price":75.25,"category":"bbear"},{"type":"B","date":"2018-03-16T07:58:40.000Z","volume":5500,"price":74.35,"category":"ubbear"},{"type":"B","date":"2018-03-16T07:55:05.000Z","volume":6000,"price":74.3,"category":"ubbear"},{"type":"B","date":"2018-03-16T07:54:01.000Z","volume":8000,"price":74.3,"category":"ubbear"},{"type":"B","date":"2018-03-16T07:53:03.000Z","volume":6000,"price":74.35,"category":"ubbear"},{"type":"B","date":"2018-03-16T07:45:04.000Z","volume":10000,"price":74.3,"category":"ubbear"},{"type":"B","date":"2018-03-16T07:36:48.000Z","volume":5500,"price":74.3,"category":"ubbear"},{"type":"B","date":"2018-03-16T07:19:29.000Z","volume":6500,"price":74.2,"category":"ubbear"},{"type":"B","date":"2018-03-16T07:13:27.000Z","volume":10000,"price":74.1,"category":"ubbear"},{"type":"B","date":"2018-03-16T07:12:55.000Z","volume":10000,"price":74.1,"category":"ubbear"},{"type":"B","date":"2018-03-16T07:11:05.000Z","volume":7000,"price":74.15,"category":"ubbear"},{"type":"B","date":"2018-03-16T07:10:50.000Z","volume":16500,"price":74.2,"category":"ubbear"},{"type":"B","date":"2018-03-16T07:10:20.000Z","volume":10000,"price":74.2,"category":"ubbear"},{"type":"B","date":"2018-03-16T07:08:28.000Z","volume":19000,"price":74.25,"category":"ubbear"},{"type":"B","date":"2018-03-16T07:06:24.000Z","volume":28000,"price":74.25,"category":"ubbear"},{"type":"B","date":"2018-03-16T07:05:26.000Z","volume":19500,"price":74.25,"category":"ubbear"},{"type":"B","date":"2018-03-16T07:02:04.000Z","volume":5500,"price":74.2,"category":"ubbear"},{"type":"B","date":"2018-03-16T07:00:46.000Z","volume":7500,"price":74.2,"category":"ubbear"},{"type":"B","date":"2018-03-16T07:00:44.000Z","volume":12000,"price":74.25,"category":"ubbear"},{"type":"B","date":"2018-03-16T06:45:11.000Z","volume":12000,"price":74.35,"category":"ubbear"},{"type":"B","date":"2018-03-16T06:45:11.000Z","volume":9000,"price":74.35,"category":"ubbear"},{"type":"B","date":"2018-03-16T06:43:42.000Z","volume":11000,"price":74.55,"category":"ubbear"},{"type":"B","date":"2018-03-16T06:41:56.000Z","volume":7000,"price":74.6,"category":"ubbear"},{"type":"B","date":"2018-03-16T06:40:39.000Z","volume":5500,"price":74.6,"category":"ubbear"},{"type":"B","date":"2018-03-16T06:39:03.000Z","volume":6000,"price":74.55,"category":"ubbear"},{"type":"B","date":"2018-03-16T06:34:08.000Z","volume":9500,"price":74.25,"category":"ubbear"},{"type":"B","date":"2018-03-16T06:27:27.000Z","volume":10000,"price":74.25,"category":"ubbear"},{"type":"B","date":"2018-03-16T06:11:12.000Z","volume":5500,"price":74.25,"category":"ubbear"},{"type":"B","date":"2018-03-16T06:11:11.000Z","volume":16500,"price":74.3,"category":"ubbear"},{"type":"B","date":"2018-03-16T06:11:11.000Z","volume":15000,"price":74.35,"category":"ubbear"},{"type":"B","date":"2018-03-16T06:11:11.000Z","volume":8500,"price":74.4,"category":"ubbear"},{"type":"B","date":"2018-03-16T06:11:11.000Z","volume":9000,"price":74.45,"category":"ubbear"},{"type":"B","date":"2018-03-16T06:11:11.000Z","volume":10000,"price":74.5,"category":"ubbear"},{"type":"B","date":"2018-03-16T06:11:11.000Z","volume":66500,"price":74.5,"category":"ubbear"},{"type":"B","date":"2018-03-16T06:11:11.000Z","volume":17000,"price":74.5,"category":"ubbear"},{"type":"B","date":"2018-03-16T06:04:21.000Z","volume":6500,"price":74.55,"category":"ubbear"},{"type":"B","date":"2018-03-16T06:00:08.000Z","volume":6000,"price":74.6,"category":"ubbear"},{"type":"B","date":"2018-03-16T06:00:07.000Z","volume":7000,"price":74.65,"category":"ubbear"},{"type":"B","date":"2018-03-16T06:00:07.000Z","volume":5500,"price":74.65,"category":"ubbear"},{"type":"B","date":"2018-03-16T05:56:12.000Z","volume":25000,"price":74.7,"category":"ubbear"},{"type":"B","date":"2018-03-16T05:56:10.000Z","volume":8500,"price":74.75,"category":"ubbear"},{"type":"B","date":"2018-03-16T05:51:42.000Z","volume":9000,"price":74.75,"category":"ubbear"},{"type":"B","date":"2018-03-16T05:31:02.000Z","volume":9500,"price":74.75,"category":"ubbear"},{"type":"B","date":"2018-03-16T05:29:38.000Z","volume":8000,"price":74.8,"category":"ubbear"},{"type":"B","date":"2018-03-16T05:19:32.000Z","volume":19500,"price":74.85,"category":"ubbear"},{"type":"B","date":"2018-03-16T05:19:32.000Z","volume":5500,"price":74.9,"category":"ubbear"},{"type":"B","date":"2018-03-16T03:58:02.000Z","volume":34000,"price":74.8,"category":"ubbear"},{"type":"B","date":"2018-03-16T03:58:02.000Z","volume":9500,"price":74.8,"category":"ubbear"},{"type":"B","date":"2018-03-16T03:58:02.000Z","volume":6500,"price":74.85,"category":"ubbear"},{"type":"B","date":"2018-03-16T03:50:18.000Z","volume":5500,"price":75,"category":"ubbear"},{"type":"B","date":"2018-03-16T03:43:33.000Z","volume":9000,"price":74.8,"category":"ubbear"},{"type":"B","date":"2018-03-16T03:31:01.000Z","volume":7000,"price":75,"category":"ubbear"},{"type":"B","date":"2018-03-16T03:16:04.000Z","volume":9500,"price":75.2,"category":"ubbear"},{"type":"B","date":"2018-03-16T03:09:23.000Z","volume":10000,"price":75.2,"category":"ubbear"},{"type":"B","date":"2018-03-16T02:48:06.000Z","volume":21500,"price":75.3,"category":"ubbear"},{"type":"B","date":"2018-03-16T02:41:59.000Z","volume":8000,"price":75.4,"category":"ubbear"},{"type":"B","date":"2018-03-16T02:35:38.000Z","volume":27500,"price":75.3,"category":"ubbear"},{"type":"B","date":"2018-03-16T02:35:38.000Z","volume":6000,"price":75.3,"category":"ubbear"},{"type":"B","date":"2018-03-16T02:34:31.000Z","volume":16000,"price":75.3,"category":"ubbear"},{"type":"B","date":"2018-03-16T02:34:31.000Z","volume":10500,"price":75.35,"category":"ubbear"},{"type":"B","date":"2018-03-16T02:25:56.000Z","volume":6000,"price":75.2,"category":"ubbear"},{"type":"B","date":"2018-03-16T02:25:56.000Z","volume":12000,"price":75.2,"category":"ubbear"},{"type":"B","date":"2018-03-16T02:22:14.000Z","volume":7000,"price":75,"category":"ubbear"},{"type":"B","date":"2018-03-16T02:13:53.000Z","volume":5500,"price":74.85,"category":"ubbear"},{"type":"B","date":"2018-03-16T02:11:36.000Z","volume":10500,"price":74.85,"category":"ubbear"},{"type":"B","date":"2018-03-16T02:09:35.000Z","volume":5500,"price":74.85,"category":"ubbear"},{"type":"B","date":"2018-03-16T02:04:03.000Z","volume":6000,"price":74.8,"category":"ubbear"},{"type":"B","date":"2018-03-16T01:51:35.000Z","volume":12000,"price":74.9,"category":"ubbear"},{"type":"B","date":"2018-03-16T01:45:07.000Z","volume":6000,"price":74.7,"category":"ubbear"},{"type":"B","date":"2018-03-16T01:37:51.000Z","volume":5500,"price":75.05,"category":"ubbear"},{"type":"B","date":"2018-03-16T01:37:50.000Z","volume":7500,"price":75.1,"category":"ubbear"},{"type":"B","date":"2018-03-16T01:31:45.000Z","volume":7500,"price":74.8,"category":"ubbear"},{"type":"B","date":"2018-03-16T01:31:24.000Z","volume":12000,"price":75,"category":"ubbear"},{"type":"B","date":"2018-03-16T01:31:01.000Z","volume":12500,"price":75.1,"category":"ubbear"},{"type":"B","date":"2018-03-16T01:31:00.000Z","volume":26500,"price":75.1,"category":"ubbear"},{"type":"B","date":"2018-03-16T01:31:00.000Z","volume":25000,"price":75.25,"category":"ubbear"}]