[{"type":"B","date":"2018-04-27T01:30:10.000Z","volume":20000,"label":" ","price":1.02},{"type":"B","date":"2018-04-27T01:30:35.000Z","volume":40000,"label":" ","price":1.02},{"type":"A","date":"2018-04-27T01:31:19.000Z","volume":150000,"label":" ","price":1.03},{"type":"A","date":"2018-04-27T01:31:31.000Z","volume":100000,"label":" ","price":1.03},{"type":"A","date":"2018-04-27T01:32:05.000Z","volume":80000,"label":" ","price":1.03},{"type":"A","date":"2018-04-27T01:35:57.000Z","volume":90000,"label":" ","price":1.03},{"type":"A","date":"2018-04-27T01:35:57.000Z","volume":10000,"label":" ","price":1.04},{"type":"A","date":"2018-04-27T01:45:08.000Z","volume":100000,"label":" ","price":1.04},{"type":"A","date":"2018-04-27T01:45:08.000Z","volume":60000,"label":" ","price":1.04},{"type":"B","date":"2018-04-27T01:49:02.000Z","volume":20000,"label":" ","price":1.03},{"type":"A","date":"2018-04-27T01:50:04.000Z","volume":50000,"label":" ","price":1.04},{"type":"A","date":"2018-04-27T01:51:56.000Z","volume":100000,"label":" ","price":1.04},{"type":"A","date":"2018-04-27T01:56:49.000Z","volume":50000,"label":" ","price":1.04},{"type":"A","date":"2018-04-27T01:59:03.000Z","volume":90000,"label":" ","price":1.04},{"type":"A","date":"2018-04-27T02:05:08.000Z","volume":60000,"label":" ","price":1.04},{"type":"A","date":"2018-04-27T02:05:37.000Z","volume":20000,"label":" ","price":1.04},{"type":"A","date":"2018-04-27T02:06:35.000Z","volume":50000,"label":" ","price":1.04},{"type":"A","date":"2018-04-27T02:10:49.000Z","volume":30000,"label":" ","price":1.04},{"type":"A","date":"2018-04-27T02:16:50.000Z","volume":80000,"label":" ","price":1.04},{"type":"A","date":"2018-04-27T02:24:36.000Z","volume":100000,"label":" ","price":1.04},{"type":"B","date":"2018-04-27T02:32:55.000Z","volume":90000,"label":" ","price":1.04},{"type":"B","date":"2018-04-27T02:36:11.000Z","volume":70000,"label":" ","price":1.04},{"type":"A","date":"2018-04-27T02:43:34.000Z","volume":80000,"label":" ","price":1.04},{"type":"A","date":"2018-04-27T02:48:17.000Z","volume":40000,"label":" ","price":1.04},{"type":"A","date":"2018-04-27T02:59:45.000Z","volume":100000,"label":" ","price":1.04},{"type":"A","date":"2018-04-27T03:00:37.000Z","volume":10000,"label":" ","price":1.05},{"type":"A","date":"2018-04-27T03:09:08.000Z","volume":100000,"label":" ","price":1.04},{"type":"A","date":"2018-04-27T03:23:17.000Z","volume":20000,"label":" ","price":1.04},{"type":"A","date":"2018-04-27T03:27:48.000Z","volume":60000,"label":" ","price":1.04},{"type":"B","date":"2018-04-27T03:40:45.000Z","volume":50000,"label":" ","price":1.03},{"type":"B","date":"2018-04-27T03:40:55.000Z","volume":10000,"label":" ","price":1.03},{"type":"B","date":"2018-04-27T03:41:38.000Z","volume":130000,"label":" ","price":1.03},{"type":"A","date":"2018-04-27T03:41:45.000Z","volume":40000,"label":" ","price":1.03},{"type":"A","date":"2018-04-27T03:42:09.000Z","volume":20000,"label":" ","price":1.03},{"type":"A","date":"2018-04-27T03:42:34.000Z","volume":10000,"label":" ","price":1.03},{"type":"A","date":"2018-04-27T03:55:25.000Z","volume":90000,"label":" ","price":1.03},{"type":"A","date":"2018-04-27T03:55:25.000Z","volume":10000,"label":" ","price":1.04},{"type":"A","date":"2018-04-27T05:05:41.000Z","volume":30000,"label":" ","price":1.04},{"type":"B","date":"2018-04-27T05:07:53.000Z","volume":30000,"label":" ","price":1.03},{"type":"B","date":"2018-04-27T05:13:21.000Z","volume":20000,"label":" ","price":1.03},{"type":"A","date":"2018-04-27T05:18:00.000Z","volume":100000,"label":" ","price":1.03},{"type":"A","date":"2018-04-27T05:22:00.000Z","volume":50000,"label":" ","price":1.03},{"type":"A","date":"2018-04-27T05:22:15.000Z","volume":10000,"label":" ","price":1.03},{"type":"A","date":"2018-04-27T05:36:48.000Z","volume":50000,"label":" ","price":1.03},{"type":"B","date":"2018-04-27T05:44:02.000Z","volume":70000,"label":" ","price":1.03},{"type":"A","date":"2018-04-27T06:06:03.000Z","volume":80000,"label":" ","price":1.03},{"type":"A","date":"2018-04-27T06:06:03.000Z","volume":20000,"label":" ","price":1.04},{"type":"A","date":"2018-04-27T06:31:35.000Z","volume":50000,"label":" ","price":1.03},{"type":"A","date":"2018-04-27T06:38:58.000Z","volume":120000,"label":" ","price":1.03},{"type":"A","date":"2018-04-27T06:38:58.000Z","volume":10000,"label":" ","price":1.03},{"type":"A","date":"2018-04-27T06:44:16.000Z","volume":90000,"label":" ","price":1.03},{"type":"A","date":"2018-04-27T06:44:16.000Z","volume":10000,"label":" ","price":1.03},{"type":"A","date":"2018-04-27T06:47:12.000Z","volume":40000,"label":" ","price":1.03},{"type":"A","date":"2018-04-27T06:47:12.000Z","volume":10000,"label":" ","price":1.04},{"type":"A","date":"2018-04-27T06:48:18.000Z","volume":60000,"label":" ","price":1.03},{"type":"A","date":"2018-04-27T06:54:31.000Z","volume":50000,"label":" ","price":1.03},{"type":"A","date":"2018-04-27T07:02:51.000Z","volume":100000,"label":" ","price":1.03},{"type":"A","date":"2018-04-27T07:20:36.000Z","volume":80000,"label":" ","price":1.03},{"type":"A","date":"2018-04-27T07:21:30.000Z","volume":30000,"label":" ","price":1.03},{"type":"A","date":"2018-04-27T07:23:45.000Z","volume":50000,"label":" ","price":1.03},{"type":"B","date":"2018-04-27T07:23:46.000Z","volume":30000,"label":" ","price":1.03},{"type":"A","date":"2018-04-27T07:25:10.000Z","volume":40000,"label":" ","price":1.03},{"type":"A","date":"2018-04-27T07:25:53.000Z","volume":30000,"label":" ","price":1.03},{"type":"A","date":"2018-04-27T07:34:19.000Z","volume":100000,"label":" ","price":1.03},{"type":"A","date":"2018-04-27T07:35:01.000Z","volume":90000,"label":" ","price":1.03},{"type":"A","date":"2018-04-27T07:35:10.000Z","volume":10000,"label":" ","price":1.03},{"type":"A","date":"2018-04-27T07:37:48.000Z","volume":50000,"label":" ","price":1.03},{"type":"A","date":"2018-04-27T07:38:32.000Z","volume":110000,"label":" ","price":1.03},{"type":"B","date":"2018-04-27T07:41:02.000Z","volume":70000,"label":" ","price":1.03},{"type":"A","date":"2018-04-27T07:41:33.000Z","volume":90000,"label":" ","price":1.03},{"type":"A","date":"2018-04-27T07:43:39.000Z","volume":40000,"label":" ","price":1.03},{"type":"A","date":"2018-04-27T07:43:39.000Z","volume":10000,"label":" ","price":1.04},{"type":"B","date":"2018-04-27T07:45:36.000Z","volume":80000,"label":" ","price":1.03},{"type":"A","date":"2018-04-27T07:46:07.000Z","volume":100000,"label":" ","price":1.03},{"type":"A","date":"2018-04-27T07:46:10.000Z","volume":20000,"label":" ","price":1.03},{"type":"A","date":"2018-04-27T07:49:30.000Z","volume":50000,"label":" ","price":1.04}]