[{"type":"U","date":"2018-04-25T01:00:00.000Z","volume":165200,"label":"P","price":7.464},{"type":"U","date":"2018-04-25T01:00:00.000Z","volume":250000,"label":"P","price":7.477},{"type":"U","date":"2018-04-25T01:00:01.000Z","volume":70800,"label":"P","price":7.463},{"type":"U","date":"2018-04-25T01:32:00.000Z","volume":1000,"label":" ","price":7.35},{"type":"B","date":"2018-04-25T01:43:56.000Z","volume":5000,"label":" ","price":7.41},{"type":"B","date":"2018-04-25T01:43:56.000Z","volume":6000,"label":" ","price":7.41},{"type":"B","date":"2018-04-25T01:55:37.000Z","volume":1000,"label":" ","price":7.4},{"type":"A","date":"2018-04-25T01:55:39.000Z","volume":2000,"label":" ","price":7.41},{"type":"A","date":"2018-04-25T01:55:51.000Z","volume":2000,"label":" ","price":7.42},{"type":"A","date":"2018-04-25T01:56:05.000Z","volume":2000,"label":" ","price":7.43},{"type":"B","date":"2018-04-25T01:57:11.000Z","volume":5000,"label":" ","price":7.42},{"type":"A","date":"2018-04-25T01:58:27.000Z","volume":9000,"label":" ","price":7.42},{"type":"B","date":"2018-04-25T01:58:37.000Z","volume":1000,"label":" ","price":7.41},{"type":"A","date":"2018-04-25T01:58:57.000Z","volume":1000,"label":" ","price":7.42},{"type":"B","date":"2018-04-25T02:01:15.000Z","volume":7000,"label":" ","price":7.41},{"type":"B","date":"2018-04-25T02:01:15.000Z","volume":18000,"label":" ","price":7.4},{"type":"B","date":"2018-04-25T02:01:15.000Z","volume":3000,"label":" ","price":7.4},{"type":"B","date":"2018-04-25T02:02:19.000Z","volume":1000,"label":" ","price":7.37},{"type":"B","date":"2018-04-25T02:02:49.000Z","volume":1000,"label":" ","price":7.37},{"type":"B","date":"2018-04-25T02:03:19.000Z","volume":1000,"label":" ","price":7.37},{"type":"B","date":"2018-04-25T02:03:55.000Z","volume":1000,"label":" ","price":7.37},{"type":"B","date":"2018-04-25T02:04:09.000Z","volume":1000,"label":" ","price":7.37},{"type":"B","date":"2018-04-25T02:04:25.000Z","volume":1000,"label":" ","price":7.37},{"type":"B","date":"2018-04-25T02:05:00.000Z","volume":1000,"label":" ","price":7.37},{"type":"B","date":"2018-04-25T02:05:30.000Z","volume":1000,"label":" ","price":7.37},{"type":"B","date":"2018-04-25T02:06:00.000Z","volume":1000,"label":" ","price":7.37},{"type":"B","date":"2018-04-25T02:06:36.000Z","volume":1000,"label":" ","price":7.37},{"type":"B","date":"2018-04-25T02:07:06.000Z","volume":1000,"label":" ","price":7.37},{"type":"B","date":"2018-04-25T02:07:36.000Z","volume":1000,"label":" ","price":7.37},{"type":"B","date":"2018-04-25T02:08:11.000Z","volume":1000,"label":" ","price":7.36},{"type":"B","date":"2018-04-25T02:08:41.000Z","volume":1000,"label":" ","price":7.36},{"type":"B","date":"2018-04-25T02:08:52.000Z","volume":8000,"label":" ","price":7.36},{"type":"A","date":"2018-04-25T02:08:52.000Z","volume":2000,"label":" ","price":7.36},{"type":"B","date":"2018-04-25T02:09:11.000Z","volume":1000,"label":" ","price":7.35},{"type":"B","date":"2018-04-25T02:09:46.000Z","volume":1000,"label":" ","price":7.35},{"type":"B","date":"2018-04-25T02:11:13.000Z","volume":1000,"label":" ","price":7.36},{"type":"B","date":"2018-04-25T02:11:48.000Z","volume":1000,"label":" ","price":7.36},{"type":"B","date":"2018-04-25T02:12:18.000Z","volume":1000,"label":" ","price":7.36},{"type":"B","date":"2018-04-25T02:12:45.000Z","volume":2000,"label":" ","price":7.36},{"type":"B","date":"2018-04-25T02:12:49.000Z","volume":1000,"label":" ","price":7.36},{"type":"B","date":"2018-04-25T02:13:24.000Z","volume":1000,"label":" ","price":7.36},{"type":"B","date":"2018-04-25T02:13:54.000Z","volume":1000,"label":" ","price":7.35},{"type":"B","date":"2018-04-25T02:14:24.000Z","volume":1000,"label":" ","price":7.35},{"type":"B","date":"2018-04-25T02:14:46.000Z","volume":1000,"label":" ","price":7.35},{"type":"B","date":"2018-04-25T02:14:59.000Z","volume":1000,"label":" ","price":7.35},{"type":"B","date":"2018-04-25T02:15:30.000Z","volume":1000,"label":" ","price":7.35},{"type":"B","date":"2018-04-25T02:15:54.000Z","volume":4000,"label":" ","price":7.35},{"type":"B","date":"2018-04-25T02:16:05.000Z","volume":1000,"label":" ","price":7.35},{"type":"B","date":"2018-04-25T02:16:35.000Z","volume":1000,"label":" ","price":7.35},{"type":"B","date":"2018-04-25T02:17:04.000Z","volume":1000,"label":" ","price":7.35},{"type":"B","date":"2018-04-25T02:17:40.000Z","volume":1000,"label":" ","price":7.36},{"type":"B","date":"2018-04-25T02:18:10.000Z","volume":1000,"label":" ","price":7.36},{"type":"B","date":"2018-04-25T02:18:41.000Z","volume":1000,"label":" ","price":7.36},{"type":"B","date":"2018-04-25T02:20:13.000Z","volume":1000,"label":" ","price":7.36},{"type":"B","date":"2018-04-25T02:20:43.000Z","volume":1000,"label":" ","price":7.36},{"type":"B","date":"2018-04-25T02:21:18.000Z","volume":1000,"label":" ","price":7.37},{"type":"A","date":"2018-04-25T02:21:18.000Z","volume":5000,"label":" ","price":7.4},{"type":"B","date":"2018-04-25T02:21:48.000Z","volume":1000,"label":" ","price":7.36},{"type":"B","date":"2018-04-25T02:22:18.000Z","volume":1000,"label":" ","price":7.37},{"type":"B","date":"2018-04-25T02:22:53.000Z","volume":1000,"label":" ","price":7.37},{"type":"B","date":"2018-04-25T02:23:23.000Z","volume":1000,"label":" ","price":7.37},{"type":"B","date":"2018-04-25T02:23:53.000Z","volume":1000,"label":" ","price":7.37},{"type":"B","date":"2018-04-25T02:24:28.000Z","volume":1000,"label":" ","price":7.37},{"type":"B","date":"2018-04-25T02:24:58.000Z","volume":1000,"label":" ","price":7.37},{"type":"B","date":"2018-04-25T02:25:29.000Z","volume":1000,"label":" ","price":7.37},{"type":"A","date":"2018-04-25T02:25:35.000Z","volume":10000,"label":" ","price":7.4},{"type":"B","date":"2018-04-25T02:26:05.000Z","volume":1000,"label":" ","price":7.39},{"type":"B","date":"2018-04-25T02:26:35.000Z","volume":1000,"label":" ","price":7.39},{"type":"B","date":"2018-04-25T02:27:10.000Z","volume":1000,"label":" ","price":7.39},{"type":"B","date":"2018-04-25T02:27:40.000Z","volume":1000,"label":" ","price":7.39},{"type":"B","date":"2018-04-25T02:29:01.000Z","volume":2000,"label":" ","price":7.41},{"type":"B","date":"2018-04-25T02:29:01.000Z","volume":5000,"label":" ","price":7.41},{"type":"A","date":"2018-04-25T02:29:02.000Z","volume":1000,"label":" ","price":7.41},{"type":"A","date":"2018-04-25T02:29:02.000Z","volume":2000,"label":" ","price":7.41},{"type":"A","date":"2018-04-25T02:29:11.000Z","volume":1000,"label":" ","price":7.4},{"type":"B","date":"2018-04-25T02:29:42.000Z","volume":1000,"label":" ","price":7.38},{"type":"B","date":"2018-04-25T02:30:12.000Z","volume":1000,"label":" ","price":7.38},{"type":"B","date":"2018-04-25T02:30:42.000Z","volume":1000,"label":" ","price":7.38},{"type":"B","date":"2018-04-25T02:31:17.000Z","volume":1000,"label":" ","price":7.38},{"type":"B","date":"2018-04-25T02:31:49.000Z","volume":1000,"label":" ","price":7.38},{"type":"B","date":"2018-04-25T02:32:23.000Z","volume":1000,"label":" ","price":7.38},{"type":"B","date":"2018-04-25T02:32:54.000Z","volume":1000,"label":" ","price":7.38},{"type":"B","date":"2018-04-25T02:33:24.000Z","volume":1000,"label":" ","price":7.38},{"type":"B","date":"2018-04-25T02:33:59.000Z","volume":1000,"label":" ","price":7.38},{"type":"B","date":"2018-04-25T02:34:29.000Z","volume":1000,"label":" ","price":7.38},{"type":"B","date":"2018-04-25T02:34:59.000Z","volume":1000,"label":" ","price":7.39},{"type":"B","date":"2018-04-25T02:35:34.000Z","volume":1000,"label":" ","price":7.39},{"type":"B","date":"2018-04-25T02:36:04.000Z","volume":1000,"label":" ","price":7.39},{"type":"B","date":"2018-04-25T02:36:34.000Z","volume":1000,"label":" ","price":7.4},{"type":"B","date":"2018-04-25T02:38:07.000Z","volume":1000,"label":" ","price":7.39},{"type":"B","date":"2018-04-25T02:38:37.000Z","volume":1000,"label":" ","price":7.39},{"type":"B","date":"2018-04-25T02:39:12.000Z","volume":1000,"label":" ","price":7.39},{"type":"B","date":"2018-04-25T02:39:42.000Z","volume":1000,"label":" ","price":7.39},{"type":"B","date":"2018-04-25T02:40:12.000Z","volume":1000,"label":" ","price":7.39},{"type":"B","date":"2018-04-25T02:40:48.000Z","volume":1000,"label":" ","price":7.39},{"type":"B","date":"2018-04-25T02:41:05.000Z","volume":9000,"label":" ","price":7.39},{"type":"B","date":"2018-04-25T02:41:17.000Z","volume":1000,"label":" ","price":7.39},{"type":"B","date":"2018-04-25T02:41:48.000Z","volume":1000,"label":" ","price":7.39},{"type":"B","date":"2018-04-25T02:42:23.000Z","volume":1000,"label":" ","price":7.39},{"type":"A","date":"2018-04-25T02:42:53.000Z","volume":1000,"label":" ","price":7.4},{"type":"B","date":"2018-04-25T02:42:53.000Z","volume":1000,"label":" ","price":7.39},{"type":"B","date":"2018-04-25T02:43:28.000Z","volume":1000,"label":" ","price":7.39},{"type":"B","date":"2018-04-25T02:43:59.000Z","volume":1000,"label":" ","price":7.39},{"type":"B","date":"2018-04-25T02:44:29.000Z","volume":1000,"label":" ","price":7.39},{"type":"B","date":"2018-04-25T02:45:04.000Z","volume":1000,"label":" ","price":7.39},{"type":"B","date":"2018-04-25T02:45:34.000Z","volume":1000,"label":" ","price":7.39},{"type":"B","date":"2018-04-25T02:47:01.000Z","volume":1000,"label":" ","price":7.39},{"type":"B","date":"2018-04-25T02:47:36.000Z","volume":1000,"label":" ","price":7.39},{"type":"B","date":"2018-04-25T02:48:07.000Z","volume":1000,"label":" ","price":7.39},{"type":"B","date":"2018-04-25T02:48:37.000Z","volume":1000,"label":" ","price":7.39},{"type":"B","date":"2018-04-25T02:49:12.000Z","volume":1000,"label":" ","price":7.39},{"type":"B","date":"2018-04-25T02:49:42.000Z","volume":1000,"label":" ","price":7.39},{"type":"B","date":"2018-04-25T02:49:53.000Z","volume":1000,"label":" ","price":7.39},{"type":"B","date":"2018-04-25T02:50:17.000Z","volume":1000,"label":" ","price":7.39},{"type":"B","date":"2018-04-25T02:50:47.000Z","volume":1000,"label":" ","price":7.39},{"type":"B","date":"2018-04-25T02:51:18.000Z","volume":1000,"label":" ","price":7.39},{"type":"B","date":"2018-04-25T02:51:53.000Z","volume":1000,"label":" ","price":7.39},{"type":"B","date":"2018-04-25T02:52:23.000Z","volume":1000,"label":" ","price":7.39},{"type":"A","date":"2018-04-25T02:52:33.000Z","volume":1000,"label":" ","price":7.4},{"type":"B","date":"2018-04-25T02:52:53.000Z","volume":1000,"label":" ","price":7.39},{"type":"B","date":"2018-04-25T02:53:28.000Z","volume":1000,"label":" ","price":7.39},{"type":"B","date":"2018-04-25T02:53:59.000Z","volume":1000,"label":" ","price":7.39},{"type":"B","date":"2018-04-25T02:54:34.000Z","volume":1000,"label":" ","price":7.39},{"type":"B","date":"2018-04-25T02:56:01.000Z","volume":1000,"label":" ","price":7.39},{"type":"A","date":"2018-04-25T02:56:21.000Z","volume":17000,"label":" ","price":7.4},{"type":"B","date":"2018-04-25T02:56:23.000Z","volume":6000,"label":" ","price":7.41},{"type":"B","date":"2018-04-25T02:56:31.000Z","volume":1000,"label":" ","price":7.41},{"type":"B","date":"2018-04-25T02:57:07.000Z","volume":1000,"label":" ","price":7.4},{"type":"B","date":"2018-04-25T02:57:37.000Z","volume":1000,"label":" ","price":7.4},{"type":"B","date":"2018-04-25T02:57:58.000Z","volume":1000,"label":" ","price":7.42},{"type":"B","date":"2018-04-25T02:58:04.000Z","volume":10000,"label":" ","price":7.41},{"type":"B","date":"2018-04-25T02:58:42.000Z","volume":1000,"label":" ","price":7.4},{"type":"B","date":"2018-04-25T02:58:46.000Z","volume":5000,"label":" ","price":7.4},{"type":"B","date":"2018-04-25T02:59:12.000Z","volume":1000,"label":" ","price":7.4},{"type":"B","date":"2018-04-25T02:59:47.000Z","volume":1000,"label":" ","price":7.41},{"type":"B","date":"2018-04-25T03:00:17.000Z","volume":1000,"label":" ","price":7.4},{"type":"B","date":"2018-04-25T03:00:47.000Z","volume":1000,"label":" ","price":7.4},{"type":"B","date":"2018-04-25T03:01:22.000Z","volume":1000,"label":" ","price":7.4},{"type":"B","date":"2018-04-25T03:01:32.000Z","volume":11000,"label":"Y","price":7.4},{"type":"B","date":"2018-04-25T03:01:39.000Z","volume":5000,"label":" ","price":7.4},{"type":"B","date":"2018-04-25T03:01:53.000Z","volume":1000,"label":" ","price":7.4},{"type":"A","date":"2018-04-25T03:02:10.000Z","volume":5000,"label":" ","price":7.42},{"type":"B","date":"2018-04-25T03:02:22.000Z","volume":1000,"label":" ","price":7.4},{"type":"B","date":"2018-04-25T03:02:58.000Z","volume":1000,"label":" ","price":7.4},{"type":"B","date":"2018-04-25T03:03:28.000Z","volume":1000,"label":" ","price":7.4},{"type":"B","date":"2018-04-25T03:04:55.000Z","volume":1000,"label":" ","price":7.4},{"type":"B","date":"2018-04-25T03:05:30.000Z","volume":1000,"label":" ","price":7.41},{"type":"B","date":"2018-04-25T03:06:00.000Z","volume":1000,"label":" ","price":7.4},{"type":"B","date":"2018-04-25T03:06:36.000Z","volume":1000,"label":" ","price":7.4},{"type":"B","date":"2018-04-25T03:07:06.000Z","volume":1000,"label":" ","price":7.4},{"type":"B","date":"2018-04-25T03:07:12.000Z","volume":5000,"label":" ","price":7.4},{"type":"B","date":"2018-04-25T03:07:36.000Z","volume":1000,"label":" ","price":7.4},{"type":"B","date":"2018-04-25T03:08:11.000Z","volume":1000,"label":" ","price":7.4},{"type":"B","date":"2018-04-25T03:08:41.000Z","volume":1000,"label":" ","price":7.4},{"type":"B","date":"2018-04-25T03:09:11.000Z","volume":1000,"label":" ","price":7.4},{"type":"B","date":"2018-04-25T03:09:47.000Z","volume":1000,"label":" ","price":7.41},{"type":"B","date":"2018-04-25T03:10:17.000Z","volume":1000,"label":" ","price":7.41},{"type":"B","date":"2018-04-25T03:10:52.000Z","volume":1000,"label":" ","price":7.41},{"type":"B","date":"2018-04-25T03:11:22.000Z","volume":1000,"label":" ","price":7.4},{"type":"B","date":"2018-04-25T03:11:52.000Z","volume":1000,"label":" ","price":7.4},{"type":"B","date":"2018-04-25T03:12:27.000Z","volume":1000,"label":" ","price":7.4},{"type":"B","date":"2018-04-25T03:13:54.000Z","volume":1000,"label":" ","price":7.4},{"type":"B","date":"2018-04-25T03:14:25.000Z","volume":1000,"label":" ","price":7.4},{"type":"B","date":"2018-04-25T03:15:00.000Z","volume":1000,"label":" ","price":7.4},{"type":"B","date":"2018-04-25T03:15:30.000Z","volume":1000,"label":" ","price":7.41},{"type":"B","date":"2018-04-25T03:16:00.000Z","volume":1000,"label":" ","price":7.41},{"type":"B","date":"2018-04-25T03:16:00.000Z","volume":3000,"label":" ","price":7.4},{"type":"B","date":"2018-04-25T03:16:04.000Z","volume":3000,"label":" ","price":7.4},{"type":"B","date":"2018-04-25T03:16:04.000Z","volume":3000,"label":" ","price":7.4},{"type":"B","date":"2018-04-25T03:16:36.000Z","volume":1000,"label":" ","price":7.4},{"type":"A","date":"2018-04-25T03:17:15.000Z","volume":1000,"label":" ","price":7.4},{"type":"B","date":"2018-04-25T03:17:41.000Z","volume":1000,"label":" ","price":7.39},{"type":"B","date":"2018-04-25T03:18:11.000Z","volume":1000,"label":" ","price":7.38},{"type":"B","date":"2018-04-25T03:18:41.000Z","volume":1000,"label":" ","price":7.38},{"type":"B","date":"2018-04-25T03:19:16.000Z","volume":1000,"label":" ","price":7.38},{"type":"B","date":"2018-04-25T03:19:47.000Z","volume":1000,"label":" ","price":7.38},{"type":"B","date":"2018-04-25T03:20:17.000Z","volume":1000,"label":" ","price":7.38},{"type":"B","date":"2018-04-25T03:20:52.000Z","volume":1000,"label":" ","price":7.38},{"type":"B","date":"2018-04-25T03:20:52.000Z","volume":11000,"label":" ","price":7.38},{"type":"B","date":"2018-04-25T03:21:22.000Z","volume":1000,"label":" ","price":7.39},{"type":"B","date":"2018-04-25T03:22:55.000Z","volume":1000,"label":" ","price":7.38},{"type":"B","date":"2018-04-25T03:23:25.000Z","volume":1000,"label":" ","price":7.38},{"type":"B","date":"2018-04-25T03:23:55.000Z","volume":1000,"label":" ","price":7.38},{"type":"B","date":"2018-04-25T03:24:30.000Z","volume":1000,"label":" ","price":7.39},{"type":"B","date":"2018-04-25T03:25:00.000Z","volume":1000,"label":" ","price":7.39},{"type":"B","date":"2018-04-25T03:25:30.000Z","volume":1000,"label":" ","price":7.38},{"type":"B","date":"2018-04-25T03:26:05.000Z","volume":1000,"label":" ","price":7.38},{"type":"B","date":"2018-04-25T03:26:35.000Z","volume":1000,"label":" ","price":7.38},{"type":"B","date":"2018-04-25T03:27:10.000Z","volume":1000,"label":" ","price":7.38},{"type":"B","date":"2018-04-25T03:27:40.000Z","volume":1000,"label":" ","price":7.39},{"type":"B","date":"2018-04-25T03:28:11.000Z","volume":1000,"label":" ","price":7.38},{"type":"B","date":"2018-04-25T03:28:46.000Z","volume":1000,"label":" ","price":7.38},{"type":"B","date":"2018-04-25T03:29:16.000Z","volume":1000,"label":" ","price":7.38},{"type":"B","date":"2018-04-25T03:29:46.000Z","volume":1000,"label":" ","price":7.38},{"type":"B","date":"2018-04-25T03:30:22.000Z","volume":1000,"label":" ","price":7.38},{"type":"A","date":"2018-04-25T03:30:33.000Z","volume":1000,"label":" ","price":7.42},{"type":"B","date":"2018-04-25T03:31:48.000Z","volume":1000,"label":" ","price":7.38},{"type":"B","date":"2018-04-25T03:32:19.000Z","volume":1000,"label":" ","price":7.38},{"type":"B","date":"2018-04-25T03:32:54.000Z","volume":1000,"label":" ","price":7.38},{"type":"B","date":"2018-04-25T03:33:24.000Z","volume":1000,"label":" ","price":7.38},{"type":"B","date":"2018-04-25T03:33:59.000Z","volume":1000,"label":" ","price":7.39},{"type":"B","date":"2018-04-25T03:34:29.000Z","volume":1000,"label":" ","price":7.38},{"type":"B","date":"2018-04-25T03:35:00.000Z","volume":1000,"label":" ","price":7.38},{"type":"B","date":"2018-04-25T03:35:35.000Z","volume":1000,"label":" ","price":7.38},{"type":"B","date":"2018-04-25T03:36:05.000Z","volume":1000,"label":" ","price":7.38},{"type":"B","date":"2018-04-25T03:36:35.000Z","volume":1000,"label":" ","price":7.38},{"type":"B","date":"2018-04-25T03:37:10.000Z","volume":1000,"label":" ","price":7.38},{"type":"B","date":"2018-04-25T03:37:40.000Z","volume":1000,"label":" ","price":7.39},{"type":"B","date":"2018-04-25T03:38:15.000Z","volume":1000,"label":" ","price":7.38},{"type":"B","date":"2018-04-25T03:38:46.000Z","volume":1000,"label":" ","price":7.38},{"type":"B","date":"2018-04-25T03:39:16.000Z","volume":1000,"label":" ","price":7.39},{"type":"B","date":"2018-04-25T03:40:48.000Z","volume":1000,"label":" ","price":7.38},{"type":"B","date":"2018-04-25T03:41:19.000Z","volume":1000,"label":" ","price":7.38},{"type":"B","date":"2018-04-25T03:41:49.000Z","volume":1000,"label":" ","price":7.38},{"type":"B","date":"2018-04-25T03:42:24.000Z","volume":1000,"label":" ","price":7.38},{"type":"B","date":"2018-04-25T03:42:54.000Z","volume":1000,"label":" ","price":7.38},{"type":"B","date":"2018-04-25T03:43:24.000Z","volume":1000,"label":" ","price":7.38},{"type":"B","date":"2018-04-25T03:43:59.000Z","volume":1000,"label":" ","price":7.38},{"type":"B","date":"2018-04-25T03:44:29.000Z","volume":1000,"label":" ","price":7.38},{"type":"B","date":"2018-04-25T03:45:04.000Z","volume":1000,"label":" ","price":7.38},{"type":"B","date":"2018-04-25T03:45:34.000Z","volume":1000,"label":" ","price":7.39},{"type":"B","date":"2018-04-25T03:46:04.000Z","volume":1000,"label":" ","price":7.38},{"type":"B","date":"2018-04-25T03:46:39.000Z","volume":1000,"label":" ","price":7.39},{"type":"B","date":"2018-04-25T03:47:05.000Z","volume":9000,"label":" ","price":7.38},{"type":"B","date":"2018-04-25T03:47:09.000Z","volume":1000,"label":" ","price":7.38},{"type":"B","date":"2018-04-25T03:47:40.000Z","volume":1000,"label":" ","price":7.38},{"type":"B","date":"2018-04-25T03:48:16.000Z","volume":1000,"label":" ","price":7.38},{"type":"B","date":"2018-04-25T03:49:43.000Z","volume":1000,"label":" ","price":7.38},{"type":"B","date":"2018-04-25T03:50:18.000Z","volume":1000,"label":" ","price":7.38},{"type":"B","date":"2018-04-25T03:50:48.000Z","volume":1000,"label":" ","price":7.38},{"type":"B","date":"2018-04-25T03:51:09.000Z","volume":1000,"label":" ","price":7.39},{"type":"B","date":"2018-04-25T03:51:18.000Z","volume":1000,"label":" ","price":7.39},{"type":"B","date":"2018-04-25T03:51:53.000Z","volume":1000,"label":" ","price":7.38},{"type":"B","date":"2018-04-25T03:52:23.000Z","volume":1000,"label":" ","price":7.38},{"type":"B","date":"2018-04-25T03:52:53.000Z","volume":1000,"label":" ","price":7.38},{"type":"B","date":"2018-04-25T03:53:28.000Z","volume":1000,"label":" ","price":7.39},{"type":"B","date":"2018-04-25T03:53:59.000Z","volume":1000,"label":" ","price":7.39},{"type":"B","date":"2018-04-25T03:54:34.000Z","volume":1000,"label":" ","price":7.39},{"type":"B","date":"2018-04-25T03:55:04.000Z","volume":1000,"label":" ","price":7.39},{"type":"B","date":"2018-04-25T03:55:34.000Z","volume":1000,"label":" ","price":7.38},{"type":"B","date":"2018-04-25T03:56:09.000Z","volume":1000,"label":" ","price":7.38},{"type":"B","date":"2018-04-25T03:56:40.000Z","volume":1000,"label":" ","price":7.39},{"type":"B","date":"2018-04-25T03:57:10.000Z","volume":1000,"label":" ","price":7.39},{"type":"B","date":"2018-04-25T03:58:42.000Z","volume":1000,"label":" ","price":7.38},{"type":"B","date":"2018-04-25T03:59:12.000Z","volume":1000,"label":" ","price":7.38},{"type":"B","date":"2018-04-25T03:59:42.000Z","volume":1000,"label":" ","price":7.38},{"type":"B","date":"2018-04-25T05:00:17.000Z","volume":1000,"label":" ","price":7.39},{"type":"B","date":"2018-04-25T05:00:39.000Z","volume":7000,"label":" ","price":7.39},{"type":"B","date":"2018-04-25T05:00:47.000Z","volume":1000,"label":" ","price":7.39},{"type":"B","date":"2018-04-25T05:01:23.000Z","volume":1000,"label":" ","price":7.39},{"type":"B","date":"2018-04-25T05:01:53.000Z","volume":1000,"label":" ","price":7.39},{"type":"B","date":"2018-04-25T05:02:23.000Z","volume":1000,"label":" ","price":7.39},{"type":"B","date":"2018-04-25T05:02:26.000Z","volume":2000,"label":" ","price":7.39},{"type":"B","date":"2018-04-25T05:02:58.000Z","volume":1000,"label":" ","price":7.39},{"type":"B","date":"2018-04-25T05:03:28.000Z","volume":1000,"label":" ","price":7.39},{"type":"B","date":"2018-04-25T05:03:59.000Z","volume":1000,"label":" ","price":7.39},{"type":"B","date":"2018-04-25T05:04:34.000Z","volume":1000,"label":" ","price":7.39},{"type":"B","date":"2018-04-25T05:04:50.000Z","volume":1000,"label":" ","price":7.39},{"type":"B","date":"2018-04-25T05:05:04.000Z","volume":1000,"label":" ","price":7.39},{"type":"A","date":"2018-04-25T05:05:38.000Z","volume":5000,"label":" ","price":7.4},{"type":"B","date":"2018-04-25T05:05:39.000Z","volume":1000,"label":" ","price":7.39},{"type":"B","date":"2018-04-25T05:06:09.000Z","volume":1000,"label":" ","price":7.39},{"type":"B","date":"2018-04-25T05:07:36.000Z","volume":1000,"label":" ","price":7.39},{"type":"B","date":"2018-04-25T05:08:11.000Z","volume":1000,"label":" ","price":7.39},{"type":"B","date":"2018-04-25T05:08:41.000Z","volume":1000,"label":" ","price":7.39},{"type":"A","date":"2018-04-25T05:08:49.000Z","volume":1000,"label":" ","price":7.4},{"type":"B","date":"2018-04-25T05:08:49.000Z","volume":1000,"label":" ","price":7.39},{"type":"B","date":"2018-04-25T05:09:11.000Z","volume":1000,"label":" ","price":7.39},{"type":"B","date":"2018-04-25T05:09:46.000Z","volume":1000,"label":" ","price":7.39},{"type":"B","date":"2018-04-25T05:10:17.000Z","volume":1000,"label":" ","price":7.39},{"type":"B","date":"2018-04-25T05:10:48.000Z","volume":1000,"label":" ","price":7.39},{"type":"B","date":"2018-04-25T05:11:23.000Z","volume":1000,"label":" ","price":7.39},{"type":"B","date":"2018-04-25T05:11:53.000Z","volume":1000,"label":" ","price":7.39},{"type":"B","date":"2018-04-25T05:12:20.000Z","volume":4000,"label":" ","price":7.39},{"type":"B","date":"2018-04-25T05:12:28.000Z","volume":1000,"label":" ","price":7.39},{"type":"B","date":"2018-04-25T05:12:58.000Z","volume":1000,"label":" ","price":7.39},{"type":"B","date":"2018-04-25T05:13:28.000Z","volume":1000,"label":" ","price":7.39},{"type":"B","date":"2018-04-25T05:14:03.000Z","volume":1000,"label":" ","price":7.39},{"type":"B","date":"2018-04-25T05:14:33.000Z","volume":1000,"label":" ","price":7.39},{"type":"A","date":"2018-04-25T05:14:52.000Z","volume":1000,"label":"Y","price":7.39},{"type":"B","date":"2018-04-25T05:15:03.000Z","volume":1000,"label":" ","price":7.39},{"type":"B","date":"2018-04-25T05:16:37.000Z","volume":1000,"label":" ","price":7.38},{"type":"B","date":"2018-04-25T05:17:07.000Z","volume":1000,"label":" ","price":7.39},{"type":"B","date":"2018-04-25T05:17:42.000Z","volume":1000,"label":" ","price":7.38},{"type":"B","date":"2018-04-25T05:18:11.000Z","volume":1000,"label":" ","price":7.38},{"type":"B","date":"2018-04-25T05:18:42.000Z","volume":1000,"label":" ","price":7.38},{"type":"B","date":"2018-04-25T05:19:00.000Z","volume":11000,"label":" ","price":7.38},{"type":"B","date":"2018-04-25T05:19:17.000Z","volume":1000,"label":" ","price":7.38},{"type":"B","date":"2018-04-25T05:19:47.000Z","volume":1000,"label":" ","price":7.38},{"type":"B","date":"2018-04-25T05:20:17.000Z","volume":1000,"label":" ","price":7.38},{"type":"B","date":"2018-04-25T05:20:52.000Z","volume":1000,"label":" ","price":7.39},{"type":"B","date":"2018-04-25T05:21:22.000Z","volume":1000,"label":" ","price":7.38},{"type":"B","date":"2018-04-25T05:21:52.000Z","volume":1000,"label":" ","price":7.38},{"type":"B","date":"2018-04-25T05:22:28.000Z","volume":1000,"label":" ","price":7.38},{"type":"B","date":"2018-04-25T05:22:59.000Z","volume":1000,"label":" ","price":7.38},{"type":"B","date":"2018-04-25T05:23:33.000Z","volume":1000,"label":" ","price":7.38},{"type":"B","date":"2018-04-25T05:24:04.000Z","volume":1000,"label":" ","price":7.38},{"type":"B","date":"2018-04-25T05:25:31.000Z","volume":1000,"label":" ","price":7.39},{"type":"B","date":"2018-04-25T05:26:06.000Z","volume":1000,"label":" ","price":7.38},{"type":"B","date":"2018-04-25T05:26:22.000Z","volume":1000,"label":" ","price":7.39},{"type":"A","date":"2018-04-25T05:26:27.000Z","volume":3000,"label":" ","price":7.39},{"type":"B","date":"2018-04-25T05:26:36.000Z","volume":1000,"label":"Y","price":7.38},{"type":"B","date":"2018-04-25T05:27:06.000Z","volume":1000,"label":" ","price":7.38},{"type":"B","date":"2018-04-25T05:27:41.000Z","volume":1000,"label":" ","price":7.38},{"type":"B","date":"2018-04-25T05:28:11.000Z","volume":1000,"label":" ","price":7.38},{"type":"B","date":"2018-04-25T05:28:46.000Z","volume":1000,"label":" ","price":7.38},{"type":"B","date":"2018-04-25T05:29:17.000Z","volume":1000,"label":" ","price":7.37},{"type":"B","date":"2018-04-25T05:29:47.000Z","volume":1000,"label":" ","price":7.37},{"type":"B","date":"2018-04-25T05:30:19.000Z","volume":10000,"label":" ","price":7.37},{"type":"B","date":"2018-04-25T05:30:22.000Z","volume":1000,"label":" ","price":7.37},{"type":"B","date":"2018-04-25T05:30:52.000Z","volume":1000,"label":" ","price":7.37},{"type":"B","date":"2018-04-25T05:31:22.000Z","volume":1000,"label":" ","price":7.37},{"type":"B","date":"2018-04-25T05:31:57.000Z","volume":1000,"label":" ","price":7.37},{"type":"B","date":"2018-04-25T05:32:24.000Z","volume":3000,"label":" ","price":7.37},{"type":"B","date":"2018-04-25T05:32:28.000Z","volume":1000,"label":" ","price":7.37},{"type":"B","date":"2018-04-25T05:33:03.000Z","volume":1000,"label":" ","price":7.37},{"type":"A","date":"2018-04-25T05:34:10.000Z","volume":3000,"label":" ","price":7.38},{"type":"U","date":"2018-04-25T05:34:10.000Z","volume":5000,"label":"X","price":7.38},{"type":"B","date":"2018-04-25T05:34:30.000Z","volume":1000,"label":" ","price":7.37},{"type":"B","date":"2018-04-25T05:35:00.000Z","volume":1000,"label":" ","price":7.37},{"type":"B","date":"2018-04-25T05:35:02.000Z","volume":8000,"label":" ","price":7.37},{"type":"B","date":"2018-04-25T05:35:36.000Z","volume":1000,"label":" ","price":7.37},{"type":"B","date":"2018-04-25T05:36:06.000Z","volume":1000,"label":" ","price":7.37},{"type":"B","date":"2018-04-25T05:36:36.000Z","volume":1000,"label":" ","price":7.37},{"type":"B","date":"2018-04-25T05:37:11.000Z","volume":1000,"label":" ","price":7.37},{"type":"A","date":"2018-04-25T05:37:13.000Z","volume":1000,"label":" ","price":7.38},{"type":"B","date":"2018-04-25T05:37:41.000Z","volume":1000,"label":" ","price":7.37},{"type":"B","date":"2018-04-25T05:38:11.000Z","volume":1000,"label":" ","price":7.37},{"type":"A","date":"2018-04-25T05:38:28.000Z","volume":1000,"label":" ","price":7.38},{"type":"B","date":"2018-04-25T05:38:46.000Z","volume":1000,"label":" ","price":7.37},{"type":"B","date":"2018-04-25T05:39:16.000Z","volume":1000,"label":" ","price":7.37},{"type":"B","date":"2018-04-25T05:39:51.000Z","volume":1000,"label":" ","price":7.37},{"type":"B","date":"2018-04-25T05:40:21.000Z","volume":1000,"label":" ","price":7.37},{"type":"B","date":"2018-04-25T05:40:52.000Z","volume":1000,"label":" ","price":7.37},{"type":"B","date":"2018-04-25T05:41:16.000Z","volume":8000,"label":" ","price":7.37},{"type":"B","date":"2018-04-25T05:41:28.000Z","volume":1000,"label":" ","price":7.36},{"type":"B","date":"2018-04-25T05:41:58.000Z","volume":1000,"label":" ","price":7.36},{"type":"B","date":"2018-04-25T05:42:13.000Z","volume":1000,"label":" ","price":7.36},{"type":"B","date":"2018-04-25T05:42:32.000Z","volume":3000,"label":"Y","price":7.36},{"type":"A","date":"2018-04-25T05:42:34.000Z","volume":3000,"label":" ","price":7.37},{"type":"A","date":"2018-04-25T05:42:34.000Z","volume":1000,"label":" ","price":7.38},{"type":"A","date":"2018-04-25T05:42:34.000Z","volume":1000,"label":" ","price":7.4},{"type":"B","date":"2018-04-25T05:43:25.000Z","volume":1000,"label":" ","price":7.36},{"type":"B","date":"2018-04-25T05:44:00.000Z","volume":1000,"label":" ","price":7.37},{"type":"B","date":"2018-04-25T05:44:30.000Z","volume":1000,"label":" ","price":7.36},{"type":"B","date":"2018-04-25T05:44:32.000Z","volume":10000,"label":"Y","price":7.36},{"type":"B","date":"2018-04-25T05:44:32.000Z","volume":42000,"label":" ","price":7.36},{"type":"B","date":"2018-04-25T05:44:32.000Z","volume":1000,"label":" ","price":7.36},{"type":"B","date":"2018-04-25T05:45:05.000Z","volume":1000,"label":" ","price":7.35},{"type":"B","date":"2018-04-25T05:45:35.000Z","volume":1000,"label":" ","price":7.35},{"type":"B","date":"2018-04-25T05:46:05.000Z","volume":1000,"label":" ","price":7.35},{"type":"B","date":"2018-04-25T05:46:40.000Z","volume":1000,"label":" ","price":7.35},{"type":"B","date":"2018-04-25T05:47:10.000Z","volume":1000,"label":" ","price":7.36},{"type":"B","date":"2018-04-25T05:47:29.000Z","volume":1000,"label":" ","price":7.36},{"type":"B","date":"2018-04-25T05:47:41.000Z","volume":1000,"label":" ","price":7.35},{"type":"B","date":"2018-04-25T05:48:00.000Z","volume":3000,"label":" ","price":7.35},{"type":"B","date":"2018-04-25T05:48:16.000Z","volume":1000,"label":" ","price":7.35},{"type":"B","date":"2018-04-25T05:48:47.000Z","volume":1000,"label":" ","price":7.35},{"type":"B","date":"2018-04-25T05:49:17.000Z","volume":1000,"label":" ","price":7.35},{"type":"B","date":"2018-04-25T05:49:52.000Z","volume":1000,"label":" ","price":7.35},{"type":"B","date":"2018-04-25T05:50:22.000Z","volume":1000,"label":" ","price":7.36},{"type":"B","date":"2018-04-25T05:50:57.000Z","volume":1000,"label":" ","price":7.35},{"type":"B","date":"2018-04-25T05:51:17.000Z","volume":6000,"label":"Y","price":7.35},{"type":"B","date":"2018-04-25T05:51:17.000Z","volume":20000,"label":" ","price":7.35},{"type":"B","date":"2018-04-25T05:52:24.000Z","volume":1000,"label":" ","price":7.35},{"type":"B","date":"2018-04-25T05:52:54.000Z","volume":1000,"label":" ","price":7.35},{"type":"B","date":"2018-04-25T05:53:29.000Z","volume":1000,"label":" ","price":7.35},{"type":"B","date":"2018-04-25T05:53:46.000Z","volume":5000,"label":" ","price":7.35},{"type":"B","date":"2018-04-25T05:54:00.000Z","volume":1000,"label":" ","price":7.35},{"type":"B","date":"2018-04-25T05:54:30.000Z","volume":1000,"label":" ","price":7.34},{"type":"B","date":"2018-04-25T05:55:05.000Z","volume":1000,"label":" ","price":7.34},{"type":"B","date":"2018-04-25T05:55:35.000Z","volume":1000,"label":" ","price":7.35},{"type":"B","date":"2018-04-25T05:56:10.000Z","volume":1000,"label":" ","price":7.34},{"type":"B","date":"2018-04-25T05:56:40.000Z","volume":1000,"label":" ","price":7.34},{"type":"B","date":"2018-04-25T05:57:10.000Z","volume":1000,"label":" ","price":7.34},{"type":"B","date":"2018-04-25T05:57:45.000Z","volume":1000,"label":" ","price":7.34},{"type":"B","date":"2018-04-25T05:58:15.000Z","volume":1000,"label":" ","price":7.34},{"type":"B","date":"2018-04-25T05:58:45.000Z","volume":1000,"label":" ","price":7.34},{"type":"B","date":"2018-04-25T05:59:21.000Z","volume":1000,"label":" ","price":7.34},{"type":"B","date":"2018-04-25T05:59:51.000Z","volume":1000,"label":" ","price":7.34},{"type":"B","date":"2018-04-25T06:00:28.000Z","volume":5000,"label":" ","price":7.34},{"type":"B","date":"2018-04-25T06:01:24.000Z","volume":1000,"label":" ","price":7.34},{"type":"B","date":"2018-04-25T06:01:54.000Z","volume":1000,"label":" ","price":7.34},{"type":"B","date":"2018-04-25T06:02:24.000Z","volume":1000,"label":" ","price":7.34},{"type":"B","date":"2018-04-25T06:02:59.000Z","volume":1000,"label":" ","price":7.34},{"type":"B","date":"2018-04-25T06:03:29.000Z","volume":1000,"label":" ","price":7.34},{"type":"B","date":"2018-04-25T06:03:59.000Z","volume":1000,"label":" ","price":7.34},{"type":"B","date":"2018-04-25T06:04:35.000Z","volume":1000,"label":" ","price":7.34},{"type":"B","date":"2018-04-25T06:05:04.000Z","volume":1000,"label":" ","price":7.34},{"type":"B","date":"2018-04-25T06:05:35.000Z","volume":1000,"label":" ","price":7.33},{"type":"B","date":"2018-04-25T06:06:09.000Z","volume":1000,"label":" ","price":7.33},{"type":"B","date":"2018-04-25T06:06:38.000Z","volume":2000,"label":" ","price":7.34},{"type":"A","date":"2018-04-25T06:06:38.000Z","volume":14000,"label":" ","price":7.34},{"type":"B","date":"2018-04-25T06:06:40.000Z","volume":1000,"label":" ","price":7.34},{"type":"B","date":"2018-04-25T06:07:15.000Z","volume":1000,"label":" ","price":7.34},{"type":"B","date":"2018-04-25T06:07:46.000Z","volume":1000,"label":" ","price":7.33},{"type":"B","date":"2018-04-25T06:08:15.000Z","volume":1000,"label":" ","price":7.34},{"type":"B","date":"2018-04-25T06:08:51.000Z","volume":1000,"label":" ","price":7.34},{"type":"B","date":"2018-04-25T06:09:22.000Z","volume":1000,"label":" ","price":7.34},{"type":"B","date":"2018-04-25T06:11:43.000Z","volume":3000,"label":"Y","price":7.34},{"type":"B","date":"2018-04-25T06:14:26.000Z","volume":1000,"label":" ","price":7.36},{"type":"A","date":"2018-04-25T06:16:50.000Z","volume":1000,"label":"Y","price":7.36},{"type":"A","date":"2018-04-25T06:17:13.000Z","volume":3000,"label":" ","price":7.36},{"type":"B","date":"2018-04-25T06:22:32.000Z","volume":3000,"label":" ","price":7.36},{"type":"B","date":"2018-04-25T06:25:12.000Z","volume":1000,"label":" ","price":7.36},{"type":"U","date":"2018-04-25T06:25:30.000Z","volume":74,"label":"D","price":7.31},{"type":"A","date":"2018-04-25T06:26:05.000Z","volume":3000,"label":" ","price":7.37},{"type":"A","date":"2018-04-25T06:26:12.000Z","volume":5000,"label":" ","price":7.37},{"type":"A","date":"2018-04-25T06:26:15.000Z","volume":5000,"label":" ","price":7.37},{"type":"A","date":"2018-04-25T06:27:31.000Z","volume":1000,"label":" ","price":7.4},{"type":"A","date":"2018-04-25T06:27:32.000Z","volume":1000,"label":" ","price":7.4},{"type":"B","date":"2018-04-25T06:29:37.000Z","volume":5000,"label":" ","price":7.39},{"type":"B","date":"2018-04-25T06:32:29.000Z","volume":1000,"label":" ","price":7.38},{"type":"B","date":"2018-04-25T06:33:02.000Z","volume":3000,"label":" ","price":7.38},{"type":"A","date":"2018-04-25T06:33:11.000Z","volume":2000,"label":" ","price":7.38},{"type":"A","date":"2018-04-25T06:37:12.000Z","volume":3000,"label":" ","price":7.39},{"type":"A","date":"2018-04-25T06:37:22.000Z","volume":1000,"label":" ","price":7.4},{"type":"B","date":"2018-04-25T06:43:39.000Z","volume":4000,"label":" ","price":7.39},{"type":"A","date":"2018-04-25T06:52:08.000Z","volume":1000,"label":" ","price":7.39},{"type":"B","date":"2018-04-25T06:52:37.000Z","volume":1000,"label":" ","price":7.38},{"type":"U","date":"2018-04-25T06:53:29.000Z","volume":1000,"label":"X","price":7.39},{"type":"A","date":"2018-04-25T06:54:32.000Z","volume":1000,"label":" ","price":7.39},{"type":"A","date":"2018-04-25T06:57:10.000Z","volume":4000,"label":" ","price":7.39},{"type":"A","date":"2018-04-25T06:57:55.000Z","volume":1000,"label":" ","price":7.4},{"type":"A","date":"2018-04-25T06:58:32.000Z","volume":1000,"label":" ","price":7.4},{"type":"B","date":"2018-04-25T06:58:33.000Z","volume":3000,"label":" ","price":7.39},{"type":"B","date":"2018-04-25T07:02:36.000Z","volume":1000,"label":" ","price":7.39},{"type":"B","date":"2018-04-25T07:03:12.000Z","volume":2000,"label":" ","price":7.39},{"type":"U","date":"2018-04-25T07:04:29.000Z","volume":1000,"label":"X","price":7.39},{"type":"B","date":"2018-04-25T07:06:52.000Z","volume":11000,"label":" ","price":7.38},{"type":"A","date":"2018-04-25T07:09:43.000Z","volume":1000,"label":" ","price":7.39},{"type":"A","date":"2018-04-25T07:14:34.000Z","volume":1000,"label":" ","price":7.39},{"type":"A","date":"2018-04-25T07:15:33.000Z","volume":1000,"label":" ","price":7.39},{"type":"U","date":"2018-04-25T07:15:59.000Z","volume":1000,"label":"X","price":7.39},{"type":"U","date":"2018-04-25T07:16:59.000Z","volume":1000,"label":"X","price":7.39},{"type":"A","date":"2018-04-25T07:21:25.000Z","volume":1000,"label":"Y","price":7.39},{"type":"B","date":"2018-04-25T07:21:26.000Z","volume":1000,"label":" ","price":7.38},{"type":"A","date":"2018-04-25T07:22:35.000Z","volume":1000,"label":" ","price":7.39},{"type":"U","date":"2018-04-25T07:26:00.000Z","volume":1000,"label":"X","price":7.39},{"type":"A","date":"2018-04-25T07:26:34.000Z","volume":1000,"label":" ","price":7.39},{"type":"A","date":"2018-04-25T07:27:00.000Z","volume":1000,"label":"Y","price":7.39},{"type":"A","date":"2018-04-25T07:27:15.000Z","volume":1000,"label":"Y","price":7.39},{"type":"B","date":"2018-04-25T07:27:56.000Z","volume":10000,"label":" ","price":7.38},{"type":"A","date":"2018-04-25T07:29:21.000Z","volume":1000,"label":" ","price":7.39},{"type":"A","date":"2018-04-25T07:33:09.000Z","volume":1000,"label":"Y","price":7.39},{"type":"A","date":"2018-04-25T07:34:00.000Z","volume":1000,"label":"Y","price":7.39},{"type":"A","date":"2018-04-25T07:34:00.000Z","volume":1000,"label":" ","price":7.39},{"type":"A","date":"2018-04-25T07:36:37.000Z","volume":1000,"label":" ","price":7.4},{"type":"A","date":"2018-04-25T07:37:00.000Z","volume":2000,"label":" ","price":7.4},{"type":"A","date":"2018-04-25T07:39:02.000Z","volume":1000,"label":" ","price":7.4},{"type":"A","date":"2018-04-25T07:39:33.000Z","volume":19000,"label":" ","price":7.4},{"type":"B","date":"2018-04-25T07:39:40.000Z","volume":6000,"label":" ","price":7.4},{"type":"B","date":"2018-04-25T07:41:26.000Z","volume":1000,"label":" ","price":7.4},{"type":"A","date":"2018-04-25T07:42:14.000Z","volume":1000,"label":" ","price":7.41},{"type":"A","date":"2018-04-25T07:50:47.000Z","volume":1000,"label":" ","price":7.41},{"type":"A","date":"2018-04-25T07:51:01.000Z","volume":1000,"label":"Y","price":7.41},{"type":"B","date":"2018-04-25T07:52:32.000Z","volume":10000,"label":" ","price":7.4},{"type":"A","date":"2018-04-25T07:53:01.000Z","volume":1000,"label":" ","price":7.41},{"type":"B","date":"2018-04-25T07:53:07.000Z","volume":5000,"label":" ","price":7.4},{"type":"A","date":"2018-04-25T07:53:18.000Z","volume":1000,"label":" ","price":7.41},{"type":"A","date":"2018-04-25T07:56:42.000Z","volume":1000,"label":" ","price":7.41},{"type":"A","date":"2018-04-25T07:57:32.000Z","volume":4000,"label":" ","price":7.41},{"type":"A","date":"2018-04-25T07:57:32.000Z","volume":3000,"label":" ","price":7.41},{"type":"A","date":"2018-04-25T07:58:10.000Z","volume":1000,"label":" ","price":7.41},{"type":"A","date":"2018-04-25T07:59:00.000Z","volume":1000,"label":"Y","price":7.41},{"type":"B","date":"2018-04-25T07:59:03.000Z","volume":2000,"label":"Y","price":7.4},{"type":"A","date":"2018-04-25T07:59:30.000Z","volume":1000,"label":" ","price":7.41},{"type":"B","date":"2018-04-25T07:59:33.000Z","volume":1000,"label":" ","price":7.4},{"type":"B","date":"2018-04-25T07:59:49.000Z","volume":25000,"label":" ","price":7.4},{"type":"A","date":"2018-04-25T07:59:54.000Z","volume":1000,"label":" ","price":7.39},{"type":"A","date":"2018-04-25T07:59:54.000Z","volume":4000,"label":" ","price":7.39},{"type":"U","date":"2018-04-25T08:08:25.000Z","volume":6000,"label":"U","price":7.4}]