[{"type":"A","date":"2018-03-23T01:30:02.000Z","volume":10000,"label":" ","price":1.38},{"type":"A","date":"2018-03-23T01:30:05.000Z","volume":2000,"label":" ","price":1.38},{"type":"A","date":"2018-03-23T01:30:22.000Z","volume":2000,"label":" ","price":1.38},{"type":"A","date":"2018-03-23T01:54:12.000Z","volume":10000,"label":" ","price":1.37},{"type":"A","date":"2018-03-23T01:55:21.000Z","volume":6000,"label":" ","price":1.37},{"type":"A","date":"2018-03-23T02:00:18.000Z","volume":2000,"label":" ","price":1.37},{"type":"A","date":"2018-03-23T02:00:44.000Z","volume":10000,"label":" ","price":1.37},{"type":"A","date":"2018-03-23T02:05:24.000Z","volume":2000,"label":" ","price":1.37},{"type":"A","date":"2018-03-23T02:10:23.000Z","volume":2000,"label":" ","price":1.37},{"type":"A","date":"2018-03-23T02:10:26.000Z","volume":96000,"label":" ","price":1.37},{"type":"A","date":"2018-03-23T02:18:46.000Z","volume":56000,"label":" ","price":1.37},{"type":"A","date":"2018-03-23T02:18:46.000Z","volume":16000,"label":" ","price":1.37},{"type":"A","date":"2018-03-23T02:19:57.000Z","volume":56000,"label":" ","price":1.37},{"type":"A","date":"2018-03-23T02:26:46.000Z","volume":10000,"label":" ","price":1.38},{"type":"U","date":"2018-03-23T02:30:32.000Z","volume":1166,"label":"D","price":1.38},{"type":"A","date":"2018-03-23T02:37:05.000Z","volume":4000,"label":" ","price":1.38},{"type":"A","date":"2018-03-23T02:45:08.000Z","volume":2000,"label":" ","price":1.38},{"type":"A","date":"2018-03-23T02:56:22.000Z","volume":2000,"label":" ","price":1.38},{"type":"B","date":"2018-03-23T03:02:08.000Z","volume":26000,"label":" ","price":1.37},{"type":"A","date":"2018-03-23T03:21:45.000Z","volume":2000,"label":" ","price":1.38},{"type":"A","date":"2018-03-23T03:28:42.000Z","volume":4000,"label":" ","price":1.38},{"type":"A","date":"2018-03-23T03:33:49.000Z","volume":10000,"label":" ","price":1.38},{"type":"A","date":"2018-03-23T03:33:49.000Z","volume":2000,"label":" ","price":1.38},{"type":"A","date":"2018-03-23T05:00:02.000Z","volume":20000,"label":" ","price":1.38},{"type":"A","date":"2018-03-23T05:00:02.000Z","volume":10000,"label":" ","price":1.38},{"type":"A","date":"2018-03-23T05:00:50.000Z","volume":2000,"label":" ","price":1.38},{"type":"A","date":"2018-03-23T05:10:13.000Z","volume":2000,"label":" ","price":1.38},{"type":"B","date":"2018-03-23T05:35:48.000Z","volume":20000,"label":" ","price":1.37},{"type":"B","date":"2018-03-23T05:39:57.000Z","volume":28000,"label":" ","price":1.37},{"type":"B","date":"2018-03-23T05:39:57.000Z","volume":2000,"label":" ","price":1.36},{"type":"B","date":"2018-03-23T05:45:42.000Z","volume":8000,"label":" ","price":1.37},{"type":"B","date":"2018-03-23T05:45:42.000Z","volume":16000,"label":" ","price":1.37},{"type":"B","date":"2018-03-23T05:54:30.000Z","volume":6000,"label":" ","price":1.36},{"type":"B","date":"2018-03-23T06:07:15.000Z","volume":16000,"label":" ","price":1.37},{"type":"A","date":"2018-03-23T06:11:47.000Z","volume":38000,"label":" ","price":1.37},{"type":"A","date":"2018-03-23T06:23:07.000Z","volume":50000,"label":" ","price":1.37},{"type":"A","date":"2018-03-23T06:25:59.000Z","volume":4000,"label":" ","price":1.38},{"type":"A","date":"2018-03-23T06:32:01.000Z","volume":10000,"label":" ","price":1.38},{"type":"A","date":"2018-03-23T06:37:02.000Z","volume":4000,"label":" ","price":1.38},{"type":"A","date":"2018-03-23T06:41:43.000Z","volume":2000,"label":" ","price":1.38},{"type":"A","date":"2018-03-23T06:49:52.000Z","volume":2000,"label":" ","price":1.38},{"type":"A","date":"2018-03-23T06:51:26.000Z","volume":2000,"label":" ","price":1.38},{"type":"B","date":"2018-03-23T06:59:45.000Z","volume":6000,"label":" ","price":1.37},{"type":"A","date":"2018-03-23T06:59:45.000Z","volume":4000,"label":" ","price":1.38},{"type":"A","date":"2018-03-23T07:05:10.000Z","volume":8000,"label":" ","price":1.38},{"type":"A","date":"2018-03-23T07:08:36.000Z","volume":2000,"label":" ","price":1.38},{"type":"A","date":"2018-03-23T07:12:01.000Z","volume":2000,"label":" ","price":1.38},{"type":"A","date":"2018-03-23T07:17:12.000Z","volume":2000,"label":" ","price":1.38},{"type":"A","date":"2018-03-23T07:19:56.000Z","volume":2000,"label":" ","price":1.38},{"type":"A","date":"2018-03-23T07:23:00.000Z","volume":2000,"label":" ","price":1.38},{"type":"A","date":"2018-03-23T07:28:48.000Z","volume":4000,"label":" ","price":1.38},{"type":"A","date":"2018-03-23T07:29:06.000Z","volume":10000,"label":" ","price":1.38},{"type":"A","date":"2018-03-23T07:29:08.000Z","volume":10000,"label":" ","price":1.38},{"type":"A","date":"2018-03-23T07:32:04.000Z","volume":2000,"label":" ","price":1.38},{"type":"A","date":"2018-03-23T07:33:51.000Z","volume":2000,"label":" ","price":1.38},{"type":"A","date":"2018-03-23T07:39:27.000Z","volume":2000,"label":" ","price":1.38},{"type":"A","date":"2018-03-23T07:42:25.000Z","volume":4000,"label":" ","price":1.38},{"type":"A","date":"2018-03-23T07:44:37.000Z","volume":10000,"label":" ","price":1.38},{"type":"A","date":"2018-03-23T07:45:17.000Z","volume":4000,"label":" ","price":1.38},{"type":"A","date":"2018-03-23T07:50:42.000Z","volume":10000,"label":" ","price":1.38},{"type":"A","date":"2018-03-23T07:50:42.000Z","volume":6000,"label":" ","price":1.38},{"type":"A","date":"2018-03-23T07:50:46.000Z","volume":4000,"label":" ","price":1.38},{"type":"A","date":"2018-03-23T07:52:00.000Z","volume":8000,"label":" ","price":1.38},{"type":"A","date":"2018-03-23T07:56:29.000Z","volume":8000,"label":" ","price":1.38},{"type":"A","date":"2018-03-23T07:59:21.000Z","volume":6000,"label":" ","price":1.38},{"type":"A","date":"2018-03-23T07:59:46.000Z","volume":2000,"label":" ","price":1.38}]