[{"type":"U","date":"2018-03-22T01:04:59.000Z","volume":100,"label":"P","price":73.3},{"type":"U","date":"2018-03-22T01:20:00.000Z","volume":26500,"label":"U","price":74.45},{"type":"B","date":"2018-03-22T01:30:00.000Z","volume":6500,"label":" ","price":74.1},{"type":"B","date":"2018-03-22T01:30:00.000Z","volume":2500,"label":" ","price":74},{"type":"B","date":"2018-03-22T01:30:01.000Z","volume":1000,"label":" ","price":74.1},{"type":"B","date":"2018-03-22T01:30:01.000Z","volume":500,"label":" ","price":74.1},{"type":"B","date":"2018-03-22T01:30:01.000Z","volume":500,"label":"Y","price":74},{"type":"B","date":"2018-03-22T01:30:01.000Z","volume":500,"label":" ","price":73.9},{"type":"B","date":"2018-03-22T01:30:01.000Z","volume":1000,"label":" ","price":73.8},{"type":"U","date":"2018-03-22T01:30:02.000Z","volume":500,"label":" ","price":73.8},{"type":"U","date":"2018-03-22T01:30:02.000Z","volume":500,"label":" ","price":73.8},{"type":"A","date":"2018-03-22T01:30:03.000Z","volume":500,"label":" ","price":73.8},{"type":"A","date":"2018-03-22T01:30:03.000Z","volume":500,"label":" ","price":73.8},{"type":"B","date":"2018-03-22T01:30:03.000Z","volume":2500,"label":" ","price":73.7},{"type":"A","date":"2018-03-22T01:30:04.000Z","volume":500,"label":" ","price":73.8},{"type":"A","date":"2018-03-22T01:30:04.000Z","volume":1000,"label":" ","price":73.8},{"type":"A","date":"2018-03-22T01:30:05.000Z","volume":4000,"label":" ","price":73.8},{"type":"B","date":"2018-03-22T01:30:05.000Z","volume":500,"label":"Y","price":73.7},{"type":"B","date":"2018-03-22T01:30:05.000Z","volume":3500,"label":" ","price":73.7},{"type":"A","date":"2018-03-22T01:30:05.000Z","volume":7000,"label":" ","price":73.8},{"type":"A","date":"2018-03-22T01:30:05.000Z","volume":1000,"label":" ","price":73.8},{"type":"A","date":"2018-03-22T01:30:05.000Z","volume":3000,"label":" ","price":73.8},{"type":"A","date":"2018-03-22T01:30:06.000Z","volume":2000,"label":" ","price":73.8},{"type":"A","date":"2018-03-22T01:30:06.000Z","volume":500,"label":"Y","price":73.8},{"type":"A","date":"2018-03-22T01:30:06.000Z","volume":500,"label":" ","price":73.8},{"type":"A","date":"2018-03-22T01:30:07.000Z","volume":1500,"label":" ","price":73.8},{"type":"A","date":"2018-03-22T01:30:07.000Z","volume":3000,"label":" ","price":73.7},{"type":"A","date":"2018-03-22T01:30:07.000Z","volume":500,"label":" ","price":73.7},{"type":"A","date":"2018-03-22T01:30:08.000Z","volume":2500,"label":" ","price":73.8},{"type":"A","date":"2018-03-22T01:30:09.000Z","volume":500,"label":" ","price":73.8},{"type":"A","date":"2018-03-22T01:30:09.000Z","volume":500,"label":" ","price":73.8},{"type":"A","date":"2018-03-22T01:30:11.000Z","volume":500,"label":" ","price":73.8},{"type":"A","date":"2018-03-22T01:30:12.000Z","volume":10000,"label":" ","price":73.8},{"type":"A","date":"2018-03-22T01:30:12.000Z","volume":500,"label":" ","price":73.9},{"type":"A","date":"2018-03-22T01:30:14.000Z","volume":2000,"label":" ","price":74.1},{"type":"B","date":"2018-03-22T01:30:14.000Z","volume":500,"label":" ","price":73.95},{"type":"B","date":"2018-03-22T01:30:14.000Z","volume":2000,"label":" ","price":73.95},{"type":"B","date":"2018-03-22T01:30:14.000Z","volume":500,"label":" ","price":73.95},{"type":"A","date":"2018-03-22T01:30:27.000Z","volume":1000,"label":" ","price":74.1},{"type":"A","date":"2018-03-22T01:30:36.000Z","volume":1500,"label":" ","price":74.1},{"type":"A","date":"2018-03-22T01:30:36.000Z","volume":1000,"label":" ","price":74.1},{"type":"A","date":"2018-03-22T01:30:44.000Z","volume":500,"label":" ","price":74.15},{"type":"A","date":"2018-03-22T01:30:45.000Z","volume":1000,"label":" ","price":74.15},{"type":"B","date":"2018-03-22T01:30:50.000Z","volume":2000,"label":" ","price":74.15},{"type":"B","date":"2018-03-22T01:30:50.000Z","volume":3000,"label":" ","price":74.1},{"type":"B","date":"2018-03-22T01:31:00.000Z","volume":3500,"label":" ","price":74},{"type":"B","date":"2018-03-22T01:31:01.000Z","volume":1000,"label":" ","price":73.95},{"type":"A","date":"2018-03-22T01:31:42.000Z","volume":500,"label":" ","price":74.1},{"type":"A","date":"2018-03-22T01:31:53.000Z","volume":500,"label":" ","price":74.1},{"type":"A","date":"2018-03-22T01:32:32.000Z","volume":1000,"label":" ","price":74},{"type":"B","date":"2018-03-22T01:32:46.000Z","volume":11500,"label":" ","price":73.85},{"type":"A","date":"2018-03-22T01:33:31.000Z","volume":1500,"label":" ","price":74},{"type":"A","date":"2018-03-22T01:34:08.000Z","volume":500,"label":" ","price":74},{"type":"A","date":"2018-03-22T01:34:09.000Z","volume":1500,"label":" ","price":74},{"type":"A","date":"2018-03-22T01:34:15.000Z","volume":1000,"label":" ","price":74},{"type":"A","date":"2018-03-22T01:34:16.000Z","volume":4500,"label":" ","price":74},{"type":"A","date":"2018-03-22T01:34:20.000Z","volume":500,"label":" ","price":74.1},{"type":"A","date":"2018-03-22T01:34:36.000Z","volume":500,"label":" ","price":74.1},{"type":"A","date":"2018-03-22T01:34:36.000Z","volume":1000,"label":" ","price":74.1},{"type":"A","date":"2018-03-22T01:34:36.000Z","volume":1000,"label":" ","price":74.1},{"type":"A","date":"2018-03-22T01:34:38.000Z","volume":500,"label":" ","price":74.1},{"type":"A","date":"2018-03-22T01:35:16.000Z","volume":13000,"label":" ","price":74.1},{"type":"A","date":"2018-03-22T01:35:16.000Z","volume":7000,"label":" ","price":74.1},{"type":"A","date":"2018-03-22T01:35:16.000Z","volume":1000,"label":" ","price":74.1},{"type":"B","date":"2018-03-22T01:35:17.000Z","volume":2000,"label":" ","price":74},{"type":"U","date":"2018-03-22T01:35:17.000Z","volume":1000,"label":" ","price":74.05},{"type":"A","date":"2018-03-22T01:35:21.000Z","volume":500,"label":" ","price":74.05},{"type":"A","date":"2018-03-22T01:36:18.000Z","volume":5000,"label":" ","price":74.05},{"type":"A","date":"2018-03-22T01:36:18.000Z","volume":1000,"label":" ","price":74.05},{"type":"A","date":"2018-03-22T01:36:30.000Z","volume":500,"label":" ","price":74.1},{"type":"A","date":"2018-03-22T01:36:39.000Z","volume":12000,"label":" ","price":74.1},{"type":"U","date":"2018-03-22T01:36:47.000Z","volume":1000,"label":" ","price":74.1},{"type":"U","date":"2018-03-22T01:36:54.000Z","volume":1000,"label":" ","price":74.1},{"type":"A","date":"2018-03-22T01:37:22.000Z","volume":1000,"label":" ","price":74.15},{"type":"U","date":"2018-03-22T01:37:25.000Z","volume":500,"label":" ","price":74.1},{"type":"A","date":"2018-03-22T01:37:31.000Z","volume":500,"label":"Y","price":74.15},{"type":"A","date":"2018-03-22T01:37:31.000Z","volume":1500,"label":" ","price":74.15},{"type":"A","date":"2018-03-22T01:37:31.000Z","volume":2500,"label":" ","price":74.15},{"type":"A","date":"2018-03-22T01:37:31.000Z","volume":500,"label":" ","price":74.2},{"type":"A","date":"2018-03-22T01:37:32.000Z","volume":3500,"label":" ","price":74.2},{"type":"A","date":"2018-03-22T01:37:33.000Z","volume":500,"label":" ","price":74.25},{"type":"A","date":"2018-03-22T01:37:33.000Z","volume":1000,"label":" ","price":74.25},{"type":"A","date":"2018-03-22T01:37:33.000Z","volume":500,"label":" ","price":74.25},{"type":"B","date":"2018-03-22T01:38:04.000Z","volume":11000,"label":" ","price":74.2},{"type":"B","date":"2018-03-22T01:38:04.000Z","volume":1500,"label":" ","price":74.15},{"type":"U","date":"2018-03-22T01:38:04.000Z","volume":1000,"label":" ","price":74.25},{"type":"U","date":"2018-03-22T01:38:04.000Z","volume":500,"label":" ","price":74.25},{"type":"U","date":"2018-03-22T01:38:04.000Z","volume":1000,"label":" ","price":74.25},{"type":"A","date":"2018-03-22T01:38:20.000Z","volume":500,"label":" ","price":74.25},{"type":"A","date":"2018-03-22T01:38:20.000Z","volume":1500,"label":" ","price":74.25},{"type":"A","date":"2018-03-22T01:38:20.000Z","volume":1000,"label":" ","price":74.3},{"type":"A","date":"2018-03-22T01:38:20.000Z","volume":2000,"label":" ","price":74.3},{"type":"A","date":"2018-03-22T01:38:20.000Z","volume":500,"label":" ","price":74.3},{"type":"A","date":"2018-03-22T01:38:20.000Z","volume":500,"label":" ","price":74.3},{"type":"A","date":"2018-03-22T01:38:20.000Z","volume":500,"label":" ","price":74.3},{"type":"A","date":"2018-03-22T01:38:20.000Z","volume":500,"label":" ","price":74.3},{"type":"A","date":"2018-03-22T01:38:26.000Z","volume":1000,"label":" ","price":74.3},{"type":"A","date":"2018-03-22T01:38:39.000Z","volume":1000,"label":" ","price":74.3},{"type":"B","date":"2018-03-22T01:38:45.000Z","volume":3000,"label":" ","price":74.25},{"type":"B","date":"2018-03-22T01:38:45.000Z","volume":1000,"label":" ","price":74.25},{"type":"B","date":"2018-03-22T01:39:02.000Z","volume":4000,"label":" ","price":74.2},{"type":"A","date":"2018-03-22T01:39:49.000Z","volume":1500,"label":" ","price":74.2},{"type":"A","date":"2018-03-22T01:39:50.000Z","volume":6000,"label":" ","price":74.2},{"type":"A","date":"2018-03-22T01:39:51.000Z","volume":1000,"label":" ","price":74.25},{"type":"A","date":"2018-03-22T01:39:51.000Z","volume":1000,"label":" ","price":74.25},{"type":"A","date":"2018-03-22T01:39:56.000Z","volume":500,"label":" ","price":74.3},{"type":"A","date":"2018-03-22T01:39:57.000Z","volume":1000,"label":" ","price":74.3},{"type":"A","date":"2018-03-22T01:40:03.000Z","volume":1500,"label":"Y","price":74.3},{"type":"A","date":"2018-03-22T01:40:03.000Z","volume":500,"label":" ","price":74.3},{"type":"A","date":"2018-03-22T01:40:04.000Z","volume":1000,"label":" ","price":74.35},{"type":"B","date":"2018-03-22T01:40:10.000Z","volume":1000,"label":" ","price":74.3},{"type":"B","date":"2018-03-22T01:40:10.000Z","volume":2000,"label":" ","price":74.3},{"type":"B","date":"2018-03-22T01:41:15.000Z","volume":2500,"label":" ","price":74.2},{"type":"B","date":"2018-03-22T01:41:18.000Z","volume":1000,"label":" ","price":74.15},{"type":"B","date":"2018-03-22T01:41:18.000Z","volume":500,"label":" ","price":74.05},{"type":"A","date":"2018-03-22T01:41:23.000Z","volume":500,"label":" ","price":74.2},{"type":"A","date":"2018-03-22T01:41:26.000Z","volume":1000,"label":" ","price":74.2},{"type":"A","date":"2018-03-22T01:41:27.000Z","volume":500,"label":" ","price":74.25},{"type":"B","date":"2018-03-22T01:42:02.000Z","volume":500,"label":" ","price":74.1},{"type":"B","date":"2018-03-22T01:42:52.000Z","volume":1500,"label":" ","price":74.05},{"type":"B","date":"2018-03-22T01:42:52.000Z","volume":7500,"label":" ","price":73.9},{"type":"B","date":"2018-03-22T01:42:52.000Z","volume":5000,"label":" ","price":73.85},{"type":"B","date":"2018-03-22T01:42:52.000Z","volume":2500,"label":" ","price":73.8},{"type":"B","date":"2018-03-22T01:42:52.000Z","volume":4000,"label":" ","price":73.8},{"type":"A","date":"2018-03-22T01:43:01.000Z","volume":500,"label":" ","price":73.9},{"type":"A","date":"2018-03-22T01:44:18.000Z","volume":1000,"label":" ","price":73.9},{"type":"A","date":"2018-03-22T01:44:40.000Z","volume":1000,"label":" ","price":73.9},{"type":"A","date":"2018-03-22T01:45:11.000Z","volume":1000,"label":" ","price":73.9},{"type":"B","date":"2018-03-22T01:45:39.000Z","volume":3500,"label":" ","price":73.75},{"type":"B","date":"2018-03-22T01:45:39.000Z","volume":1500,"label":" ","price":73.75},{"type":"A","date":"2018-03-22T01:45:40.000Z","volume":1000,"label":" ","price":73.75},{"type":"A","date":"2018-03-22T01:46:16.000Z","volume":3000,"label":" ","price":73.8},{"type":"A","date":"2018-03-22T01:46:16.000Z","volume":2500,"label":" ","price":73.8},{"type":"A","date":"2018-03-22T01:46:19.000Z","volume":500,"label":" ","price":73.85},{"type":"A","date":"2018-03-22T01:46:20.000Z","volume":2000,"label":" ","price":73.85},{"type":"A","date":"2018-03-22T01:46:20.000Z","volume":1000,"label":" ","price":73.85},{"type":"A","date":"2018-03-22T01:46:42.000Z","volume":2000,"label":" ","price":73.9},{"type":"A","date":"2018-03-22T01:46:45.000Z","volume":500,"label":" ","price":73.95},{"type":"B","date":"2018-03-22T01:46:53.000Z","volume":500,"label":" ","price":73.9},{"type":"B","date":"2018-03-22T01:46:53.000Z","volume":1500,"label":" ","price":73.9},{"type":"A","date":"2018-03-22T01:47:06.000Z","volume":1000,"label":" ","price":73.95},{"type":"A","date":"2018-03-22T01:47:06.000Z","volume":500,"label":" ","price":73.95},{"type":"B","date":"2018-03-22T01:47:06.000Z","volume":2000,"label":" ","price":73.95},{"type":"B","date":"2018-03-22T01:47:14.000Z","volume":1500,"label":" ","price":73.85},{"type":"B","date":"2018-03-22T01:47:15.000Z","volume":500,"label":"Y","price":73.8},{"type":"B","date":"2018-03-22T01:47:15.000Z","volume":1000,"label":" ","price":73.8},{"type":"A","date":"2018-03-22T01:47:16.000Z","volume":500,"label":" ","price":73.85},{"type":"B","date":"2018-03-22T01:47:32.000Z","volume":500,"label":"Y","price":73.7},{"type":"B","date":"2018-03-22T01:47:32.000Z","volume":1500,"label":" ","price":73.7},{"type":"B","date":"2018-03-22T01:47:32.000Z","volume":3000,"label":" ","price":73.7},{"type":"B","date":"2018-03-22T01:47:32.000Z","volume":1500,"label":" ","price":73.65},{"type":"B","date":"2018-03-22T01:47:33.000Z","volume":500,"label":" ","price":73.65},{"type":"B","date":"2018-03-22T01:47:38.000Z","volume":2000,"label":" ","price":73.65},{"type":"B","date":"2018-03-22T01:48:27.000Z","volume":1000,"label":" ","price":73.6},{"type":"B","date":"2018-03-22T01:49:08.000Z","volume":1000,"label":" ","price":73.55},{"type":"B","date":"2018-03-22T01:49:10.000Z","volume":5000,"label":" ","price":73.5},{"type":"A","date":"2018-03-22T01:49:21.000Z","volume":1000,"label":" ","price":73.55},{"type":"B","date":"2018-03-22T01:49:38.000Z","volume":2000,"label":" ","price":73.5},{"type":"B","date":"2018-03-22T01:49:51.000Z","volume":1000,"label":" ","price":73.5},{"type":"B","date":"2018-03-22T01:49:55.000Z","volume":3000,"label":" ","price":73.5},{"type":"B","date":"2018-03-22T01:49:55.000Z","volume":3000,"label":" ","price":73.5},{"type":"A","date":"2018-03-22T01:50:02.000Z","volume":5500,"label":" ","price":73.55},{"type":"A","date":"2018-03-22T01:50:02.000Z","volume":4000,"label":" ","price":73.6},{"type":"A","date":"2018-03-22T01:50:29.000Z","volume":2000,"label":" ","price":73.65},{"type":"B","date":"2018-03-22T01:50:31.000Z","volume":500,"label":" ","price":73.6},{"type":"A","date":"2018-03-22T01:50:31.000Z","volume":500,"label":" ","price":73.65},{"type":"A","date":"2018-03-22T01:50:46.000Z","volume":500,"label":" ","price":73.65},{"type":"A","date":"2018-03-22T01:52:18.000Z","volume":1000,"label":" ","price":73.65},{"type":"A","date":"2018-03-22T01:52:18.000Z","volume":3000,"label":" ","price":73.65},{"type":"B","date":"2018-03-22T01:52:35.000Z","volume":2000,"label":" ","price":73.65},{"type":"A","date":"2018-03-22T01:52:35.000Z","volume":1000,"label":" ","price":73.7},{"type":"A","date":"2018-03-22T01:52:36.000Z","volume":1000,"label":" ","price":73.65},{"type":"U","date":"2018-03-22T01:52:37.000Z","volume":1000,"label":" ","price":73.65},{"type":"B","date":"2018-03-22T01:52:50.000Z","volume":6500,"label":" ","price":73.6},{"type":"B","date":"2018-03-22T01:52:50.000Z","volume":3000,"label":" ","price":73.6},{"type":"B","date":"2018-03-22T01:52:50.000Z","volume":500,"label":" ","price":73.55},{"type":"U","date":"2018-03-22T01:53:21.000Z","volume":500,"label":" ","price":73.55},{"type":"A","date":"2018-03-22T01:53:21.000Z","volume":1000,"label":" ","price":73.6},{"type":"A","date":"2018-03-22T01:53:36.000Z","volume":500,"label":" ","price":73.55},{"type":"B","date":"2018-03-22T01:53:37.000Z","volume":1000,"label":" ","price":73.55},{"type":"B","date":"2018-03-22T01:53:39.000Z","volume":4500,"label":" ","price":73.5},{"type":"A","date":"2018-03-22T01:53:39.000Z","volume":500,"label":" ","price":73.5},{"type":"A","date":"2018-03-22T01:53:41.000Z","volume":500,"label":" ","price":73.5},{"type":"A","date":"2018-03-22T01:54:42.000Z","volume":500,"label":" ","price":73.5},{"type":"B","date":"2018-03-22T01:54:43.000Z","volume":2000,"label":" ","price":73.45},{"type":"B","date":"2018-03-22T01:55:08.000Z","volume":500,"label":" ","price":73.4},{"type":"B","date":"2018-03-22T01:55:19.000Z","volume":5500,"label":" ","price":73.4},{"type":"B","date":"2018-03-22T01:55:51.000Z","volume":500,"label":" ","price":73.35},{"type":"B","date":"2018-03-22T01:55:51.000Z","volume":500,"label":" ","price":73.35},{"type":"A","date":"2018-03-22T01:56:10.000Z","volume":3000,"label":" ","price":73.35},{"type":"A","date":"2018-03-22T01:57:09.000Z","volume":2000,"label":" ","price":73.35},{"type":"A","date":"2018-03-22T01:57:09.000Z","volume":500,"label":" ","price":73.4},{"type":"A","date":"2018-03-22T01:57:11.000Z","volume":7500,"label":" ","price":73.4},{"type":"A","date":"2018-03-22T01:57:11.000Z","volume":500,"label":" ","price":73.45},{"type":"A","date":"2018-03-22T01:57:11.000Z","volume":1000,"label":" ","price":73.5},{"type":"B","date":"2018-03-22T01:57:11.000Z","volume":1000,"label":" ","price":73.45},{"type":"B","date":"2018-03-22T01:58:02.000Z","volume":5000,"label":" ","price":73.35},{"type":"B","date":"2018-03-22T01:58:02.000Z","volume":2500,"label":" ","price":73.35},{"type":"A","date":"2018-03-22T01:58:02.000Z","volume":500,"label":" ","price":73.35},{"type":"A","date":"2018-03-22T01:58:02.000Z","volume":2000,"label":" ","price":73.35},{"type":"B","date":"2018-03-22T01:58:12.000Z","volume":1500,"label":" ","price":73.35},{"type":"B","date":"2018-03-22T01:58:12.000Z","volume":500,"label":"Y","price":73.3},{"type":"B","date":"2018-03-22T01:58:12.000Z","volume":2000,"label":" ","price":73.3},{"type":"A","date":"2018-03-22T01:58:21.000Z","volume":500,"label":" ","price":73.5},{"type":"B","date":"2018-03-22T01:58:52.000Z","volume":2500,"label":" ","price":73.3},{"type":"U","date":"2018-03-22T02:00:07.000Z","volume":6500,"label":" ","price":73.3},{"type":"U","date":"2018-03-22T02:00:07.000Z","volume":3500,"label":" ","price":73.3},{"type":"B","date":"2018-03-22T02:00:32.000Z","volume":1000,"label":" ","price":73.2},{"type":"A","date":"2018-03-22T02:00:41.000Z","volume":7000,"label":" ","price":73.3},{"type":"A","date":"2018-03-22T02:00:41.000Z","volume":6500,"label":" ","price":73.35},{"type":"A","date":"2018-03-22T02:00:42.000Z","volume":1000,"label":" ","price":73.45},{"type":"B","date":"2018-03-22T02:00:47.000Z","volume":1500,"label":" ","price":73.35},{"type":"B","date":"2018-03-22T02:00:47.000Z","volume":1500,"label":" ","price":73.3},{"type":"A","date":"2018-03-22T02:01:13.000Z","volume":1000,"label":" ","price":73.45},{"type":"A","date":"2018-03-22T02:01:13.000Z","volume":4500,"label":" ","price":73.45},{"type":"A","date":"2018-03-22T02:01:38.000Z","volume":3000,"label":" ","price":73.5},{"type":"A","date":"2018-03-22T02:01:39.000Z","volume":1000,"label":" ","price":73.5},{"type":"A","date":"2018-03-22T02:01:39.000Z","volume":2000,"label":" ","price":73.5},{"type":"A","date":"2018-03-22T02:01:39.000Z","volume":500,"label":" ","price":73.5},{"type":"A","date":"2018-03-22T02:01:39.000Z","volume":3000,"label":" ","price":73.65},{"type":"A","date":"2018-03-22T02:01:39.000Z","volume":1000,"label":" ","price":73.75},{"type":"A","date":"2018-03-22T02:01:40.000Z","volume":1000,"label":" ","price":73.7},{"type":"A","date":"2018-03-22T02:01:40.000Z","volume":2500,"label":" ","price":73.75},{"type":"U","date":"2018-03-22T02:01:43.000Z","volume":3000,"label":" ","price":73.9},{"type":"B","date":"2018-03-22T02:01:55.000Z","volume":500,"label":" ","price":73.9},{"type":"A","date":"2018-03-22T02:01:57.000Z","volume":1500,"label":" ","price":74},{"type":"A","date":"2018-03-22T02:01:57.000Z","volume":1000,"label":" ","price":74},{"type":"B","date":"2018-03-22T02:01:57.000Z","volume":500,"label":" ","price":74.05},{"type":"A","date":"2018-03-22T02:01:57.000Z","volume":500,"label":" ","price":74.1},{"type":"B","date":"2018-03-22T02:02:00.000Z","volume":2000,"label":" ","price":74.05},{"type":"A","date":"2018-03-22T02:02:00.000Z","volume":1000,"label":" ","price":74.1},{"type":"B","date":"2018-03-22T02:02:00.000Z","volume":8500,"label":" ","price":74},{"type":"B","date":"2018-03-22T02:02:00.000Z","volume":500,"label":" ","price":73.95},{"type":"B","date":"2018-03-22T02:02:21.000Z","volume":1500,"label":" ","price":73.95},{"type":"B","date":"2018-03-22T02:02:25.000Z","volume":5000,"label":" ","price":73.9},{"type":"U","date":"2018-03-22T02:02:25.000Z","volume":1000,"label":" ","price":73.9},{"type":"U","date":"2018-03-22T02:02:25.000Z","volume":1000,"label":" ","price":73.9},{"type":"B","date":"2018-03-22T02:02:25.000Z","volume":1000,"label":" ","price":73.85},{"type":"A","date":"2018-03-22T02:02:28.000Z","volume":500,"label":"Y","price":73.85},{"type":"A","date":"2018-03-22T02:02:28.000Z","volume":500,"label":" ","price":73.85},{"type":"A","date":"2018-03-22T02:02:29.000Z","volume":500,"label":" ","price":73.9},{"type":"B","date":"2018-03-22T02:03:10.000Z","volume":2000,"label":" ","price":73.9},{"type":"B","date":"2018-03-22T02:03:10.000Z","volume":500,"label":" ","price":73.9},{"type":"A","date":"2018-03-22T02:03:11.000Z","volume":500,"label":" ","price":73.95},{"type":"A","date":"2018-03-22T02:03:11.000Z","volume":500,"label":" ","price":73.95},{"type":"A","date":"2018-03-22T02:03:22.000Z","volume":500,"label":" ","price":73.95},{"type":"A","date":"2018-03-22T02:03:22.000Z","volume":1500,"label":" ","price":73.95},{"type":"B","date":"2018-03-22T02:03:34.000Z","volume":1000,"label":" ","price":73.85},{"type":"B","date":"2018-03-22T02:04:03.000Z","volume":1000,"label":" ","price":73.85},{"type":"A","date":"2018-03-22T02:04:36.000Z","volume":500,"label":" ","price":73.85},{"type":"A","date":"2018-03-22T02:04:36.000Z","volume":500,"label":" ","price":73.85},{"type":"B","date":"2018-03-22T02:04:50.000Z","volume":2000,"label":" ","price":73.75},{"type":"A","date":"2018-03-22T02:05:03.000Z","volume":1000,"label":" ","price":73.85},{"type":"A","date":"2018-03-22T02:05:03.000Z","volume":500,"label":" ","price":73.85},{"type":"B","date":"2018-03-22T02:05:11.000Z","volume":500,"label":" ","price":73.8},{"type":"B","date":"2018-03-22T02:05:11.000Z","volume":500,"label":" ","price":73.75},{"type":"A","date":"2018-03-22T02:05:37.000Z","volume":1000,"label":" ","price":73.9},{"type":"A","date":"2018-03-22T02:05:57.000Z","volume":500,"label":" ","price":74},{"type":"B","date":"2018-03-22T02:06:05.000Z","volume":1000,"label":" ","price":73.9},{"type":"B","date":"2018-03-22T02:06:29.000Z","volume":500,"label":" ","price":73.9},{"type":"A","date":"2018-03-22T02:06:29.000Z","volume":1000,"label":" ","price":74},{"type":"A","date":"2018-03-22T02:06:41.000Z","volume":5000,"label":" ","price":74.05},{"type":"A","date":"2018-03-22T02:07:07.000Z","volume":1500,"label":" ","price":74.05},{"type":"A","date":"2018-03-22T02:07:07.000Z","volume":5000,"label":" ","price":74.05},{"type":"A","date":"2018-03-22T02:07:07.000Z","volume":500,"label":" ","price":74.15},{"type":"B","date":"2018-03-22T02:08:15.000Z","volume":1500,"label":" ","price":74.05},{"type":"U","date":"2018-03-22T02:08:15.000Z","volume":500,"label":" ","price":74.1},{"type":"B","date":"2018-03-22T02:08:28.000Z","volume":2500,"label":" ","price":74},{"type":"B","date":"2018-03-22T02:08:28.000Z","volume":3000,"label":" ","price":74},{"type":"A","date":"2018-03-22T02:08:29.000Z","volume":1000,"label":" ","price":74},{"type":"A","date":"2018-03-22T02:08:37.000Z","volume":500,"label":" ","price":74},{"type":"B","date":"2018-03-22T02:09:17.000Z","volume":1000,"label":" ","price":74},{"type":"B","date":"2018-03-22T02:09:25.000Z","volume":1000,"label":" ","price":74},{"type":"B","date":"2018-03-22T02:09:25.000Z","volume":4000,"label":" ","price":74},{"type":"A","date":"2018-03-22T02:09:41.000Z","volume":500,"label":" ","price":74.05},{"type":"A","date":"2018-03-22T02:09:41.000Z","volume":500,"label":" ","price":74.05},{"type":"B","date":"2018-03-22T02:09:46.000Z","volume":500,"label":" ","price":74},{"type":"B","date":"2018-03-22T02:09:46.000Z","volume":500,"label":" ","price":74},{"type":"B","date":"2018-03-22T02:09:59.000Z","volume":500,"label":" ","price":74},{"type":"B","date":"2018-03-22T02:10:00.000Z","volume":500,"label":" ","price":74},{"type":"A","date":"2018-03-22T02:11:04.000Z","volume":1500,"label":" ","price":74},{"type":"A","date":"2018-03-22T02:11:06.000Z","volume":1000,"label":" ","price":74},{"type":"A","date":"2018-03-22T02:11:34.000Z","volume":1000,"label":" ","price":74},{"type":"A","date":"2018-03-22T02:11:56.000Z","volume":1000,"label":" ","price":74.1},{"type":"A","date":"2018-03-22T02:11:56.000Z","volume":1000,"label":" ","price":74.15},{"type":"B","date":"2018-03-22T02:11:57.000Z","volume":1500,"label":" ","price":74},{"type":"B","date":"2018-03-22T02:12:13.000Z","volume":2000,"label":" ","price":74},{"type":"B","date":"2018-03-22T02:13:29.000Z","volume":500,"label":" ","price":74},{"type":"A","date":"2018-03-22T02:13:29.000Z","volume":1000,"label":" ","price":74.15},{"type":"U","date":"2018-03-22T02:13:43.000Z","volume":500,"label":" ","price":74.1},{"type":"B","date":"2018-03-22T02:13:55.000Z","volume":500,"label":" ","price":74.1},{"type":"A","date":"2018-03-22T02:14:57.000Z","volume":500,"label":" ","price":74.1},{"type":"A","date":"2018-03-22T02:15:06.000Z","volume":1000,"label":" ","price":74.1},{"type":"B","date":"2018-03-22T02:15:09.000Z","volume":500,"label":" ","price":74.05},{"type":"B","date":"2018-03-22T02:15:43.000Z","volume":500,"label":" ","price":74},{"type":"B","date":"2018-03-22T02:16:27.000Z","volume":5000,"label":" ","price":74},{"type":"B","date":"2018-03-22T02:16:27.000Z","volume":3000,"label":" ","price":74},{"type":"A","date":"2018-03-22T02:17:55.000Z","volume":1000,"label":" ","price":74},{"type":"B","date":"2018-03-22T02:19:08.000Z","volume":500,"label":" ","price":73.9},{"type":"A","date":"2018-03-22T02:20:19.000Z","volume":500,"label":" ","price":73.9},{"type":"A","date":"2018-03-22T02:20:21.000Z","volume":1000,"label":" ","price":73.9},{"type":"B","date":"2018-03-22T02:20:21.000Z","volume":2000,"label":" ","price":73.9},{"type":"B","date":"2018-03-22T02:21:21.000Z","volume":500,"label":" ","price":73.85},{"type":"A","date":"2018-03-22T02:21:26.000Z","volume":2000,"label":" ","price":73.9},{"type":"B","date":"2018-03-22T02:21:37.000Z","volume":1000,"label":" ","price":73.85},{"type":"A","date":"2018-03-22T02:21:46.000Z","volume":5500,"label":" ","price":73.9},{"type":"A","date":"2018-03-22T02:21:46.000Z","volume":8500,"label":" ","price":73.9},{"type":"A","date":"2018-03-22T02:21:46.000Z","volume":6500,"label":" ","price":73.95},{"type":"A","date":"2018-03-22T02:21:46.000Z","volume":3500,"label":" ","price":73.95},{"type":"A","date":"2018-03-22T02:21:46.000Z","volume":500,"label":" ","price":73.95},{"type":"A","date":"2018-03-22T02:21:55.000Z","volume":500,"label":" ","price":74},{"type":"A","date":"2018-03-22T02:21:56.000Z","volume":1000,"label":" ","price":74},{"type":"B","date":"2018-03-22T02:22:12.000Z","volume":2000,"label":" ","price":73.95},{"type":"A","date":"2018-03-22T02:22:21.000Z","volume":1000,"label":" ","price":74.05},{"type":"B","date":"2018-03-22T02:22:54.000Z","volume":2000,"label":" ","price":73.95},{"type":"B","date":"2018-03-22T02:22:54.000Z","volume":500,"label":" ","price":73.9},{"type":"A","date":"2018-03-22T02:24:14.000Z","volume":1000,"label":" ","price":74},{"type":"A","date":"2018-03-22T02:24:30.000Z","volume":500,"label":" ","price":74},{"type":"A","date":"2018-03-22T02:24:30.000Z","volume":1000,"label":" ","price":74},{"type":"A","date":"2018-03-22T02:24:38.000Z","volume":1000,"label":" ","price":74},{"type":"A","date":"2018-03-22T02:24:38.000Z","volume":1000,"label":" ","price":74},{"type":"A","date":"2018-03-22T02:24:59.000Z","volume":1000,"label":" ","price":74},{"type":"A","date":"2018-03-22T02:25:03.000Z","volume":2000,"label":" ","price":74},{"type":"B","date":"2018-03-22T02:25:08.000Z","volume":4000,"label":" ","price":73.95},{"type":"B","date":"2018-03-22T02:26:00.000Z","volume":1000,"label":" ","price":73.9},{"type":"B","date":"2018-03-22T02:26:00.000Z","volume":500,"label":" ","price":73.9},{"type":"B","date":"2018-03-22T02:26:20.000Z","volume":3000,"label":" ","price":73.85},{"type":"B","date":"2018-03-22T02:26:20.000Z","volume":500,"label":" ","price":73.8},{"type":"B","date":"2018-03-22T02:26:20.000Z","volume":500,"label":" ","price":73.75},{"type":"B","date":"2018-03-22T02:26:20.000Z","volume":2000,"label":" ","price":73.7},{"type":"B","date":"2018-03-22T02:26:20.000Z","volume":3000,"label":" ","price":73.7},{"type":"A","date":"2018-03-22T02:26:20.000Z","volume":12000,"label":" ","price":73.7},{"type":"A","date":"2018-03-22T02:26:23.000Z","volume":5000,"label":" ","price":73.85},{"type":"A","date":"2018-03-22T02:26:23.000Z","volume":500,"label":" ","price":73.85},{"type":"A","date":"2018-03-22T02:27:51.000Z","volume":500,"label":" ","price":73.85},{"type":"A","date":"2018-03-22T02:27:51.000Z","volume":500,"label":" ","price":73.85},{"type":"B","date":"2018-03-22T02:28:37.000Z","volume":2500,"label":" ","price":73.8},{"type":"A","date":"2018-03-22T02:28:37.000Z","volume":500,"label":" ","price":73.8},{"type":"A","date":"2018-03-22T02:28:43.000Z","volume":500,"label":" ","price":73.8},{"type":"A","date":"2018-03-22T02:29:18.000Z","volume":1000,"label":" ","price":73.8},{"type":"A","date":"2018-03-22T02:29:21.000Z","volume":500,"label":" ","price":73.8},{"type":"B","date":"2018-03-22T02:29:59.000Z","volume":1500,"label":" ","price":73.75},{"type":"A","date":"2018-03-22T02:31:25.000Z","volume":1000,"label":" ","price":73.75},{"type":"A","date":"2018-03-22T02:31:36.000Z","volume":500,"label":" ","price":73.75},{"type":"A","date":"2018-03-22T02:31:36.000Z","volume":500,"label":" ","price":73.75},{"type":"A","date":"2018-03-22T02:31:41.000Z","volume":1000,"label":" ","price":73.8},{"type":"A","date":"2018-03-22T02:31:50.000Z","volume":1000,"label":" ","price":73.85},{"type":"A","date":"2018-03-22T02:32:36.000Z","volume":1000,"label":" ","price":73.75},{"type":"B","date":"2018-03-22T02:33:11.000Z","volume":2500,"label":" ","price":73.65},{"type":"A","date":"2018-03-22T02:33:21.000Z","volume":500,"label":" ","price":73.7},{"type":"B","date":"2018-03-22T02:33:21.000Z","volume":500,"label":" ","price":73.7},{"type":"U","date":"2018-03-22T02:33:42.000Z","volume":1000,"label":" ","price":73.65},{"type":"A","date":"2018-03-22T02:33:42.000Z","volume":500,"label":" ","price":73.65},{"type":"B","date":"2018-03-22T02:33:46.000Z","volume":1000,"label":" ","price":73.6},{"type":"B","date":"2018-03-22T02:33:56.000Z","volume":1000,"label":" ","price":73.55},{"type":"B","date":"2018-03-22T02:34:41.000Z","volume":500,"label":"Y","price":73.5},{"type":"B","date":"2018-03-22T02:34:41.000Z","volume":1500,"label":" ","price":73.5},{"type":"B","date":"2018-03-22T02:34:42.000Z","volume":1000,"label":" ","price":73.45},{"type":"U","date":"2018-03-22T02:34:42.000Z","volume":3000,"label":" ","price":73.35},{"type":"A","date":"2018-03-22T02:35:22.000Z","volume":500,"label":" ","price":73.4},{"type":"B","date":"2018-03-22T02:35:29.000Z","volume":1000,"label":" ","price":73.35},{"type":"B","date":"2018-03-22T02:35:29.000Z","volume":1000,"label":" ","price":73.35},{"type":"A","date":"2018-03-22T02:35:54.000Z","volume":1500,"label":" ","price":73.3},{"type":"A","date":"2018-03-22T02:36:15.000Z","volume":5000,"label":" ","price":73.3},{"type":"A","date":"2018-03-22T02:36:15.000Z","volume":1000,"label":" ","price":73.3},{"type":"B","date":"2018-03-22T02:36:16.000Z","volume":500,"label":" ","price":73.25},{"type":"B","date":"2018-03-22T02:36:36.000Z","volume":500,"label":" ","price":73.25},{"type":"B","date":"2018-03-22T02:36:36.000Z","volume":500,"label":" ","price":73.25},{"type":"B","date":"2018-03-22T02:36:36.000Z","volume":500,"label":" ","price":73.25},{"type":"B","date":"2018-03-22T02:36:36.000Z","volume":1000,"label":" ","price":73.25},{"type":"B","date":"2018-03-22T02:36:41.000Z","volume":1000,"label":" ","price":73.2},{"type":"B","date":"2018-03-22T02:36:42.000Z","volume":1000,"label":" ","price":73.2},{"type":"A","date":"2018-03-22T02:36:42.000Z","volume":1000,"label":" ","price":73.25},{"type":"B","date":"2018-03-22T02:36:46.000Z","volume":2500,"label":" ","price":73.2},{"type":"B","date":"2018-03-22T02:36:46.000Z","volume":1000,"label":" ","price":73.2},{"type":"B","date":"2018-03-22T02:36:46.000Z","volume":2500,"label":" ","price":73.2},{"type":"B","date":"2018-03-22T02:37:02.000Z","volume":18000,"label":" ","price":73.1},{"type":"B","date":"2018-03-22T02:37:02.000Z","volume":1500,"label":" ","price":73.05},{"type":"A","date":"2018-03-22T02:37:11.000Z","volume":2500,"label":" ","price":73.1},{"type":"B","date":"2018-03-22T02:37:16.000Z","volume":500,"label":" ","price":73.05},{"type":"B","date":"2018-03-22T02:37:32.000Z","volume":500,"label":" ","price":73.05},{"type":"B","date":"2018-03-22T02:37:35.000Z","volume":500,"label":" ","price":73.05},{"type":"B","date":"2018-03-22T02:37:41.000Z","volume":1500,"label":" ","price":73.05},{"type":"B","date":"2018-03-22T02:37:41.000Z","volume":1500,"label":" ","price":73.05},{"type":"A","date":"2018-03-22T02:37:42.000Z","volume":48000,"label":" ","price":73.1},{"type":"B","date":"2018-03-22T02:37:42.000Z","volume":500,"label":" ","price":73.05},{"type":"B","date":"2018-03-22T02:37:42.000Z","volume":1500,"label":" ","price":73.05},{"type":"A","date":"2018-03-22T02:37:46.000Z","volume":5500,"label":" ","price":73.2},{"type":"A","date":"2018-03-22T02:37:47.000Z","volume":3000,"label":" ","price":73.35},{"type":"B","date":"2018-03-22T02:38:09.000Z","volume":1500,"label":" ","price":73.25},{"type":"B","date":"2018-03-22T02:38:09.000Z","volume":500,"label":" ","price":73.25},{"type":"A","date":"2018-03-22T02:38:10.000Z","volume":1000,"label":" ","price":73.3},{"type":"B","date":"2018-03-22T02:38:12.000Z","volume":500,"label":" ","price":73.25},{"type":"B","date":"2018-03-22T02:38:12.000Z","volume":500,"label":" ","price":73.25},{"type":"A","date":"2018-03-22T02:38:12.000Z","volume":1000,"label":" ","price":73.3},{"type":"A","date":"2018-03-22T02:38:33.000Z","volume":1000,"label":" ","price":73.25},{"type":"A","date":"2018-03-22T02:38:37.000Z","volume":3500,"label":" ","price":73.25},{"type":"A","date":"2018-03-22T02:38:38.000Z","volume":500,"label":" ","price":73.3},{"type":"A","date":"2018-03-22T02:38:39.000Z","volume":500,"label":" ","price":73.3},{"type":"B","date":"2018-03-22T02:39:05.000Z","volume":1000,"label":" ","price":73.25},{"type":"A","date":"2018-03-22T02:39:11.000Z","volume":500,"label":" ","price":73.3},{"type":"A","date":"2018-03-22T02:39:14.000Z","volume":1000,"label":" ","price":73.3},{"type":"B","date":"2018-03-22T02:39:45.000Z","volume":500,"label":" ","price":73.25},{"type":"B","date":"2018-03-22T02:39:53.000Z","volume":2500,"label":" ","price":73.25},{"type":"B","date":"2018-03-22T02:39:53.000Z","volume":1000,"label":" ","price":73.25},{"type":"B","date":"2018-03-22T02:40:19.000Z","volume":500,"label":" ","price":73.25},{"type":"B","date":"2018-03-22T02:40:30.000Z","volume":2500,"label":" ","price":73.25},{"type":"B","date":"2018-03-22T02:40:59.000Z","volume":1000,"label":" ","price":73.2},{"type":"B","date":"2018-03-22T02:41:04.000Z","volume":7000,"label":" ","price":73.2},{"type":"B","date":"2018-03-22T02:41:25.000Z","volume":2000,"label":" ","price":73.1},{"type":"A","date":"2018-03-22T02:41:25.000Z","volume":500,"label":" ","price":73.2},{"type":"A","date":"2018-03-22T02:42:00.000Z","volume":1000,"label":" ","price":73.2},{"type":"A","date":"2018-03-22T02:42:15.000Z","volume":9500,"label":" ","price":73.2},{"type":"B","date":"2018-03-22T02:42:29.000Z","volume":1500,"label":" ","price":73.2},{"type":"B","date":"2018-03-22T02:42:29.000Z","volume":500,"label":" ","price":73.2},{"type":"A","date":"2018-03-22T02:43:07.000Z","volume":1500,"label":" ","price":73.2},{"type":"A","date":"2018-03-22T02:43:32.000Z","volume":1000,"label":" ","price":73.2},{"type":"A","date":"2018-03-22T02:43:32.000Z","volume":2000,"label":" ","price":73.2},{"type":"A","date":"2018-03-22T02:43:33.000Z","volume":1000,"label":" ","price":73.2},{"type":"A","date":"2018-03-22T02:43:33.000Z","volume":1000,"label":" ","price":73.2},{"type":"B","date":"2018-03-22T02:43:34.000Z","volume":1000,"label":" ","price":73.15},{"type":"B","date":"2018-03-22T02:43:56.000Z","volume":500,"label":" ","price":73.15},{"type":"A","date":"2018-03-22T02:44:02.000Z","volume":3500,"label":" ","price":73.2},{"type":"A","date":"2018-03-22T02:44:02.000Z","volume":3000,"label":" ","price":73.2},{"type":"A","date":"2018-03-22T02:44:02.000Z","volume":2000,"label":" ","price":73.2},{"type":"A","date":"2018-03-22T02:44:32.000Z","volume":1000,"label":" ","price":73.25},{"type":"B","date":"2018-03-22T02:45:07.000Z","volume":3000,"label":" ","price":73.2},{"type":"B","date":"2018-03-22T02:45:07.000Z","volume":2500,"label":" ","price":73.2},{"type":"B","date":"2018-03-22T02:45:07.000Z","volume":1000,"label":" ","price":73.2},{"type":"B","date":"2018-03-22T02:45:07.000Z","volume":1000,"label":" ","price":73.2},{"type":"B","date":"2018-03-22T02:45:07.000Z","volume":4500,"label":" ","price":73.2},{"type":"A","date":"2018-03-22T02:45:08.000Z","volume":1000,"label":" ","price":73.25},{"type":"B","date":"2018-03-22T02:45:11.000Z","volume":8000,"label":" ","price":73.15},{"type":"B","date":"2018-03-22T02:45:11.000Z","volume":9000,"label":" ","price":73.15},{"type":"B","date":"2018-03-22T02:45:11.000Z","volume":500,"label":" ","price":73.15},{"type":"B","date":"2018-03-22T02:45:13.000Z","volume":5000,"label":" ","price":73.1},{"type":"B","date":"2018-03-22T02:45:34.000Z","volume":2500,"label":" ","price":73.05},{"type":"B","date":"2018-03-22T02:45:34.000Z","volume":3000,"label":" ","price":73},{"type":"A","date":"2018-03-22T02:45:35.000Z","volume":1000,"label":" ","price":73.1},{"type":"A","date":"2018-03-22T02:45:54.000Z","volume":7000,"label":" ","price":73.1},{"type":"A","date":"2018-03-22T02:45:54.000Z","volume":1000,"label":" ","price":73.1},{"type":"A","date":"2018-03-22T02:45:55.000Z","volume":1000,"label":" ","price":73.2},{"type":"A","date":"2018-03-22T02:45:55.000Z","volume":1000,"label":" ","price":73.25},{"type":"A","date":"2018-03-22T02:45:55.000Z","volume":10500,"label":" ","price":73.3},{"type":"A","date":"2018-03-22T02:45:55.000Z","volume":4000,"label":" ","price":73.4},{"type":"A","date":"2018-03-22T02:45:55.000Z","volume":500,"label":" ","price":73.45},{"type":"A","date":"2018-03-22T02:45:55.000Z","volume":1000,"label":" ","price":73.45},{"type":"B","date":"2018-03-22T02:45:59.000Z","volume":4000,"label":" ","price":73.2},{"type":"B","date":"2018-03-22T02:45:59.000Z","volume":2000,"label":" ","price":73.15},{"type":"B","date":"2018-03-22T02:45:59.000Z","volume":10000,"label":" ","price":73.1},{"type":"U","date":"2018-03-22T02:45:59.000Z","volume":4000,"label":" ","price":73.1},{"type":"B","date":"2018-03-22T02:46:27.000Z","volume":500,"label":" ","price":73.1},{"type":"B","date":"2018-03-22T02:46:30.000Z","volume":500,"label":" ","price":73.1},{"type":"A","date":"2018-03-22T02:47:05.000Z","volume":1000,"label":" ","price":73.2},{"type":"A","date":"2018-03-22T02:47:19.000Z","volume":4000,"label":" ","price":73.1},{"type":"A","date":"2018-03-22T02:47:19.000Z","volume":1000,"label":" ","price":73.1},{"type":"U","date":"2018-03-22T02:47:34.000Z","volume":1000,"label":" ","price":73.1},{"type":"B","date":"2018-03-22T02:47:34.000Z","volume":7000,"label":" ","price":73.05},{"type":"U","date":"2018-03-22T02:47:34.000Z","volume":500,"label":" ","price":73.1},{"type":"B","date":"2018-03-22T02:47:34.000Z","volume":4500,"label":" ","price":73.1},{"type":"U","date":"2018-03-22T02:47:36.000Z","volume":1000,"label":" ","price":73.1},{"type":"A","date":"2018-03-22T02:47:51.000Z","volume":1000,"label":" ","price":73.1},{"type":"A","date":"2018-03-22T02:47:51.000Z","volume":2500,"label":" ","price":73.1},{"type":"U","date":"2018-03-22T02:47:57.000Z","volume":500,"label":" ","price":73.1},{"type":"B","date":"2018-03-22T02:48:24.000Z","volume":1000,"label":" ","price":73.05},{"type":"A","date":"2018-03-22T02:48:24.000Z","volume":1000,"label":" ","price":73.1},{"type":"B","date":"2018-03-22T02:48:28.000Z","volume":2000,"label":" ","price":73.05},{"type":"B","date":"2018-03-22T02:48:35.000Z","volume":7500,"label":" ","price":73.05},{"type":"A","date":"2018-03-22T02:48:39.000Z","volume":500,"label":" ","price":73.1},{"type":"B","date":"2018-03-22T02:48:43.000Z","volume":9000,"label":" ","price":73},{"type":"A","date":"2018-03-22T02:48:43.000Z","volume":1000,"label":" ","price":73.1},{"type":"B","date":"2018-03-22T02:49:33.000Z","volume":3000,"label":" ","price":73.05},{"type":"A","date":"2018-03-22T02:49:35.000Z","volume":1000,"label":" ","price":73.05},{"type":"B","date":"2018-03-22T02:50:15.000Z","volume":500,"label":" ","price":73},{"type":"B","date":"2018-03-22T02:50:25.000Z","volume":500,"label":" ","price":73},{"type":"B","date":"2018-03-22T02:50:32.000Z","volume":12000,"label":" ","price":73},{"type":"B","date":"2018-03-22T02:50:32.000Z","volume":500,"label":" ","price":73},{"type":"B","date":"2018-03-22T02:50:32.000Z","volume":4000,"label":" ","price":72.95},{"type":"B","date":"2018-03-22T02:50:32.000Z","volume":4000,"label":" ","price":72.9},{"type":"B","date":"2018-03-22T02:50:32.000Z","volume":4000,"label":" ","price":72.9},{"type":"A","date":"2018-03-22T02:50:32.000Z","volume":1000,"label":" ","price":73.05},{"type":"A","date":"2018-03-22T02:51:12.000Z","volume":1000,"label":" ","price":73},{"type":"A","date":"2018-03-22T02:51:25.000Z","volume":6000,"label":" ","price":73},{"type":"A","date":"2018-03-22T02:51:25.000Z","volume":3500,"label":" ","price":73},{"type":"A","date":"2018-03-22T02:51:26.000Z","volume":500,"label":" ","price":73.05},{"type":"A","date":"2018-03-22T02:51:26.000Z","volume":1000,"label":" ","price":73.1},{"type":"B","date":"2018-03-22T02:51:30.000Z","volume":5500,"label":" ","price":73.05},{"type":"A","date":"2018-03-22T02:52:07.000Z","volume":5500,"label":" ","price":73.1},{"type":"A","date":"2018-03-22T02:52:58.000Z","volume":1000,"label":" ","price":73.2},{"type":"A","date":"2018-03-22T02:53:12.000Z","volume":7000,"label":" ","price":73.2},{"type":"A","date":"2018-03-22T02:53:36.000Z","volume":10000,"label":" ","price":73.25},{"type":"A","date":"2018-03-22T02:54:28.000Z","volume":500,"label":" ","price":73.35},{"type":"A","date":"2018-03-22T02:54:35.000Z","volume":5000,"label":" ","price":73.35},{"type":"A","date":"2018-03-22T02:54:35.000Z","volume":1000,"label":" ","price":73.35},{"type":"A","date":"2018-03-22T02:54:37.000Z","volume":500,"label":"Y","price":73.35},{"type":"A","date":"2018-03-22T02:54:37.000Z","volume":500,"label":" ","price":73.35},{"type":"A","date":"2018-03-22T02:54:38.000Z","volume":1000,"label":" ","price":73.35},{"type":"B","date":"2018-03-22T02:54:57.000Z","volume":1000,"label":" ","price":73.3},{"type":"A","date":"2018-03-22T02:54:58.000Z","volume":1000,"label":" ","price":73.35},{"type":"A","date":"2018-03-22T02:55:06.000Z","volume":500,"label":" ","price":73.35},{"type":"A","date":"2018-03-22T02:55:06.000Z","volume":500,"label":" ","price":73.35},{"type":"A","date":"2018-03-22T02:55:06.000Z","volume":500,"label":" ","price":73.35},{"type":"A","date":"2018-03-22T02:55:06.000Z","volume":500,"label":" ","price":73.35},{"type":"A","date":"2018-03-22T02:55:06.000Z","volume":1000,"label":" ","price":73.35},{"type":"A","date":"2018-03-22T02:55:06.000Z","volume":3000,"label":" ","price":73.35},{"type":"B","date":"2018-03-22T02:55:24.000Z","volume":6000,"label":" ","price":73.35},{"type":"B","date":"2018-03-22T02:55:24.000Z","volume":2000,"label":" ","price":73.3},{"type":"B","date":"2018-03-22T02:55:24.000Z","volume":2000,"label":" ","price":73.3},{"type":"B","date":"2018-03-22T02:55:24.000Z","volume":2000,"label":" ","price":73.3},{"type":"B","date":"2018-03-22T02:55:24.000Z","volume":500,"label":" ","price":73.3},{"type":"B","date":"2018-03-22T02:55:25.000Z","volume":1000,"label":" ","price":73.35},{"type":"B","date":"2018-03-22T02:55:51.000Z","volume":500,"label":" ","price":73.25},{"type":"B","date":"2018-03-22T02:56:29.000Z","volume":2000,"label":" ","price":73.2},{"type":"A","date":"2018-03-22T02:56:29.000Z","volume":1000,"label":" ","price":73.2},{"type":"B","date":"2018-03-22T02:56:52.000Z","volume":1000,"label":" ","price":73.15},{"type":"B","date":"2018-03-22T02:57:42.000Z","volume":4500,"label":" ","price":73.15},{"type":"B","date":"2018-03-22T02:57:43.000Z","volume":5500,"label":" ","price":73.1},{"type":"A","date":"2018-03-22T02:57:46.000Z","volume":2000,"label":" ","price":73.15},{"type":"B","date":"2018-03-22T02:58:16.000Z","volume":7500,"label":" ","price":73.1},{"type":"B","date":"2018-03-22T02:58:17.000Z","volume":1000,"label":" ","price":73.05},{"type":"A","date":"2018-03-22T02:58:17.000Z","volume":1000,"label":" ","price":73.1},{"type":"B","date":"2018-03-22T02:58:30.000Z","volume":500,"label":" ","price":73.05},{"type":"A","date":"2018-03-22T02:59:29.000Z","volume":1000,"label":" ","price":73.1},{"type":"U","date":"2018-03-22T02:59:52.000Z","volume":56500,"label":"X","price":73.175},{"type":"A","date":"2018-03-22T03:00:08.000Z","volume":5000,"label":" ","price":73.1},{"type":"A","date":"2018-03-22T03:00:09.000Z","volume":1000,"label":" ","price":73.15},{"type":"B","date":"2018-03-22T03:00:20.000Z","volume":1000,"label":" ","price":73.1},{"type":"B","date":"2018-03-22T03:00:57.000Z","volume":1000,"label":" ","price":73},{"type":"B","date":"2018-03-22T03:01:13.000Z","volume":8000,"label":" ","price":73},{"type":"A","date":"2018-03-22T03:01:17.000Z","volume":500,"label":" ","price":72.95},{"type":"A","date":"2018-03-22T03:01:17.000Z","volume":1000,"label":" ","price":73},{"type":"U","date":"2018-03-22T03:01:21.000Z","volume":500,"label":" ","price":72.95},{"type":"A","date":"2018-03-22T03:02:24.000Z","volume":1000,"label":" ","price":73},{"type":"A","date":"2018-03-22T03:02:25.000Z","volume":7500,"label":" ","price":73},{"type":"B","date":"2018-03-22T03:02:34.000Z","volume":500,"label":" ","price":73},{"type":"A","date":"2018-03-22T03:02:46.000Z","volume":1000,"label":" ","price":73},{"type":"A","date":"2018-03-22T03:03:14.000Z","volume":500,"label":" ","price":73},{"type":"A","date":"2018-03-22T03:03:14.000Z","volume":500,"label":" ","price":73},{"type":"A","date":"2018-03-22T03:03:14.000Z","volume":4000,"label":" ","price":73},{"type":"A","date":"2018-03-22T03:03:14.000Z","volume":500,"label":" ","price":73.05},{"type":"A","date":"2018-03-22T03:03:14.000Z","volume":1000,"label":" ","price":73.2},{"type":"A","date":"2018-03-22T03:04:09.000Z","volume":1000,"label":" ","price":73.15},{"type":"A","date":"2018-03-22T03:04:49.000Z","volume":7000,"label":" ","price":73.1},{"type":"A","date":"2018-03-22T03:04:51.000Z","volume":500,"label":" ","price":73.15},{"type":"A","date":"2018-03-22T03:04:51.000Z","volume":500,"label":" ","price":73.15},{"type":"A","date":"2018-03-22T03:05:01.000Z","volume":1500,"label":" ","price":73.2},{"type":"B","date":"2018-03-22T03:05:03.000Z","volume":1000,"label":" ","price":73.15},{"type":"A","date":"2018-03-22T03:05:33.000Z","volume":1000,"label":" ","price":73.2},{"type":"B","date":"2018-03-22T03:06:50.000Z","volume":2500,"label":" ","price":73.15},{"type":"B","date":"2018-03-22T03:08:15.000Z","volume":3500,"label":" ","price":73.1},{"type":"A","date":"2018-03-22T03:08:15.000Z","volume":1000,"label":" ","price":73.1},{"type":"B","date":"2018-03-22T03:08:17.000Z","volume":1000,"label":" ","price":73.05},{"type":"B","date":"2018-03-22T03:08:17.000Z","volume":500,"label":" ","price":73.05},{"type":"A","date":"2018-03-22T03:08:18.000Z","volume":500,"label":" ","price":73.05},{"type":"A","date":"2018-03-22T03:08:18.000Z","volume":2000,"label":" ","price":73.05},{"type":"A","date":"2018-03-22T03:08:19.000Z","volume":1000,"label":" ","price":73.1},{"type":"B","date":"2018-03-22T03:08:51.000Z","volume":10000,"label":"Y","price":73},{"type":"B","date":"2018-03-22T03:08:51.000Z","volume":2000,"label":" ","price":73},{"type":"A","date":"2018-03-22T03:08:51.000Z","volume":1500,"label":" ","price":73.05},{"type":"B","date":"2018-03-22T03:08:59.000Z","volume":1000,"label":" ","price":73},{"type":"B","date":"2018-03-22T03:08:59.000Z","volume":500,"label":" ","price":73},{"type":"B","date":"2018-03-22T03:08:59.000Z","volume":500,"label":" ","price":73},{"type":"B","date":"2018-03-22T03:09:11.000Z","volume":6000,"label":" ","price":72.95},{"type":"B","date":"2018-03-22T03:09:11.000Z","volume":500,"label":" ","price":72.9},{"type":"B","date":"2018-03-22T03:09:57.000Z","volume":1000,"label":" ","price":72.9},{"type":"B","date":"2018-03-22T03:09:57.000Z","volume":9500,"label":" ","price":72.85},{"type":"B","date":"2018-03-22T03:09:57.000Z","volume":1000,"label":" ","price":72.85},{"type":"A","date":"2018-03-22T03:09:57.000Z","volume":500,"label":" ","price":72.85},{"type":"B","date":"2018-03-22T03:10:36.000Z","volume":2000,"label":" ","price":72.9},{"type":"A","date":"2018-03-22T03:10:36.000Z","volume":1000,"label":" ","price":72.9},{"type":"A","date":"2018-03-22T03:10:40.000Z","volume":500,"label":" ","price":72.9},{"type":"A","date":"2018-03-22T03:10:48.000Z","volume":500,"label":" ","price":72.9},{"type":"A","date":"2018-03-22T03:10:48.000Z","volume":6500,"label":" ","price":72.9},{"type":"A","date":"2018-03-22T03:10:54.000Z","volume":500,"label":" ","price":72.95},{"type":"A","date":"2018-03-22T03:11:24.000Z","volume":500,"label":" ","price":73},{"type":"B","date":"2018-03-22T03:11:27.000Z","volume":2500,"label":" ","price":72.95},{"type":"B","date":"2018-03-22T03:11:27.000Z","volume":2000,"label":" ","price":72.9},{"type":"A","date":"2018-03-22T03:11:27.000Z","volume":1000,"label":" ","price":72.9},{"type":"A","date":"2018-03-22T03:11:52.000Z","volume":17500,"label":" ","price":72.9},{"type":"A","date":"2018-03-22T03:11:52.000Z","volume":4500,"label":" ","price":72.95},{"type":"A","date":"2018-03-22T03:11:52.000Z","volume":1000,"label":" ","price":73},{"type":"A","date":"2018-03-22T03:11:53.000Z","volume":500,"label":" ","price":73},{"type":"A","date":"2018-03-22T03:11:54.000Z","volume":500,"label":" ","price":73.05},{"type":"A","date":"2018-03-22T03:11:55.000Z","volume":1500,"label":" ","price":73.1},{"type":"U","date":"2018-03-22T03:11:58.000Z","volume":1500,"label":" ","price":73.15},{"type":"A","date":"2018-03-22T03:12:10.000Z","volume":500,"label":" ","price":73.15},{"type":"A","date":"2018-03-22T03:12:11.000Z","volume":500,"label":" ","price":73.15},{"type":"U","date":"2018-03-22T03:12:15.000Z","volume":500,"label":" ","price":73.15},{"type":"A","date":"2018-03-22T03:12:15.000Z","volume":1000,"label":" ","price":73.2},{"type":"B","date":"2018-03-22T03:12:19.000Z","volume":7500,"label":" ","price":73.1},{"type":"B","date":"2018-03-22T03:12:19.000Z","volume":10500,"label":" ","price":73.05},{"type":"U","date":"2018-03-22T03:12:28.000Z","volume":45000,"label":" ","price":72.95},{"type":"A","date":"2018-03-22T03:12:41.000Z","volume":3000,"label":" ","price":73.05},{"type":"B","date":"2018-03-22T03:13:19.000Z","volume":1000,"label":" ","price":73.05},{"type":"B","date":"2018-03-22T03:13:19.000Z","volume":1500,"label":" ","price":73.05},{"type":"A","date":"2018-03-22T03:13:19.000Z","volume":1000,"label":" ","price":73.05},{"type":"A","date":"2018-03-22T03:13:24.000Z","volume":2000,"label":" ","price":73.05},{"type":"A","date":"2018-03-22T03:13:26.000Z","volume":1000,"label":" ","price":73.1},{"type":"A","date":"2018-03-22T03:13:27.000Z","volume":1000,"label":" ","price":73.1},{"type":"A","date":"2018-03-22T03:13:28.000Z","volume":500,"label":" ","price":73.1},{"type":"A","date":"2018-03-22T03:13:35.000Z","volume":1000,"label":" ","price":73.15},{"type":"A","date":"2018-03-22T03:13:35.000Z","volume":500,"label":" ","price":73.15},{"type":"U","date":"2018-03-22T03:13:35.000Z","volume":500,"label":" ","price":73.15},{"type":"A","date":"2018-03-22T03:13:35.000Z","volume":500,"label":" ","price":73.2},{"type":"B","date":"2018-03-22T03:14:49.000Z","volume":1000,"label":" ","price":73.1},{"type":"A","date":"2018-03-22T03:14:49.000Z","volume":1000,"label":" ","price":73.15},{"type":"A","date":"2018-03-22T03:15:18.000Z","volume":8000,"label":" ","price":73.15},{"type":"A","date":"2018-03-22T03:15:47.000Z","volume":500,"label":" ","price":73.15},{"type":"A","date":"2018-03-22T03:16:12.000Z","volume":1000,"label":" ","price":73.15},{"type":"A","date":"2018-03-22T03:16:13.000Z","volume":500,"label":" ","price":73.15},{"type":"B","date":"2018-03-22T03:16:37.000Z","volume":1000,"label":" ","price":73.1},{"type":"B","date":"2018-03-22T03:16:37.000Z","volume":2000,"label":" ","price":73.1},{"type":"A","date":"2018-03-22T03:16:37.000Z","volume":1000,"label":" ","price":73.1},{"type":"B","date":"2018-03-22T03:16:44.000Z","volume":1500,"label":" ","price":73.05},{"type":"B","date":"2018-03-22T03:17:35.000Z","volume":10000,"label":" ","price":73},{"type":"B","date":"2018-03-22T03:17:46.000Z","volume":500,"label":" ","price":73},{"type":"A","date":"2018-03-22T03:17:46.000Z","volume":1000,"label":" ","price":73.05},{"type":"B","date":"2018-03-22T03:17:54.000Z","volume":1000,"label":" ","price":73},{"type":"B","date":"2018-03-22T03:18:01.000Z","volume":500,"label":" ","price":72.95},{"type":"A","date":"2018-03-22T03:18:06.000Z","volume":3500,"label":" ","price":73},{"type":"A","date":"2018-03-22T03:18:06.000Z","volume":2500,"label":" ","price":73},{"type":"A","date":"2018-03-22T03:18:33.000Z","volume":3000,"label":" ","price":73},{"type":"A","date":"2018-03-22T03:18:33.000Z","volume":3000,"label":" ","price":73},{"type":"B","date":"2018-03-22T03:19:13.000Z","volume":1000,"label":" ","price":73},{"type":"B","date":"2018-03-22T03:19:16.000Z","volume":500,"label":" ","price":73},{"type":"B","date":"2018-03-22T03:19:17.000Z","volume":5500,"label":" ","price":72.95},{"type":"B","date":"2018-03-22T03:19:17.000Z","volume":1000,"label":" ","price":72.95},{"type":"B","date":"2018-03-22T03:19:45.000Z","volume":135500,"label":" ","price":72.9},{"type":"B","date":"2018-03-22T03:19:45.000Z","volume":2000,"label":" ","price":72.9},{"type":"B","date":"2018-03-22T03:19:45.000Z","volume":2000,"label":" ","price":72.9},{"type":"B","date":"2018-03-22T03:19:45.000Z","volume":9500,"label":" ","price":72.9},{"type":"B","date":"2018-03-22T03:19:45.000Z","volume":1500,"label":" ","price":72.9},{"type":"B","date":"2018-03-22T03:19:45.000Z","volume":2000,"label":" ","price":72.9},{"type":"B","date":"2018-03-22T03:19:45.000Z","volume":29000,"label":" ","price":72.9},{"type":"B","date":"2018-03-22T03:19:45.000Z","volume":1000,"label":" ","price":72.9},{"type":"U","date":"2018-03-22T03:19:55.000Z","volume":2000,"label":" ","price":72.85},{"type":"U","date":"2018-03-22T03:19:55.000Z","volume":2000,"label":" ","price":72.85},{"type":"U","date":"2018-03-22T03:19:55.000Z","volume":2000,"label":" ","price":72.85},{"type":"A","date":"2018-03-22T03:19:55.000Z","volume":1000,"label":" ","price":72.9},{"type":"A","date":"2018-03-22T03:20:04.000Z","volume":1000,"label":" ","price":72.85},{"type":"U","date":"2018-03-22T03:20:10.000Z","volume":500,"label":" ","price":72.85},{"type":"B","date":"2018-03-22T03:20:28.000Z","volume":1000,"label":" ","price":72.85},{"type":"B","date":"2018-03-22T03:20:28.000Z","volume":35500,"label":" ","price":72.8},{"type":"U","date":"2018-03-22T03:20:28.000Z","volume":1500,"label":" ","price":72.75},{"type":"B","date":"2018-03-22T03:20:30.000Z","volume":1500,"label":" ","price":72.75},{"type":"A","date":"2018-03-22T03:20:34.000Z","volume":1000,"label":" ","price":72.8},{"type":"B","date":"2018-03-22T03:20:44.000Z","volume":3000,"label":" ","price":72.75},{"type":"A","date":"2018-03-22T03:20:45.000Z","volume":500,"label":" ","price":72.8},{"type":"U","date":"2018-03-22T03:21:39.000Z","volume":1000,"label":" ","price":72.8},{"type":"B","date":"2018-03-22T03:21:41.000Z","volume":500,"label":" ","price":72.8},{"type":"B","date":"2018-03-22T03:21:42.000Z","volume":1500,"label":" ","price":72.8},{"type":"A","date":"2018-03-22T03:21:50.000Z","volume":1000,"label":" ","price":72.85},{"type":"B","date":"2018-03-22T03:21:50.000Z","volume":500,"label":" ","price":72.8},{"type":"B","date":"2018-03-22T03:22:02.000Z","volume":2000,"label":" ","price":72.8},{"type":"B","date":"2018-03-22T03:22:02.000Z","volume":1500,"label":" ","price":72.8},{"type":"A","date":"2018-03-22T03:22:06.000Z","volume":9500,"label":" ","price":72.85},{"type":"B","date":"2018-03-22T03:22:37.000Z","volume":1000,"label":" ","price":72.85},{"type":"B","date":"2018-03-22T03:23:03.000Z","volume":2000,"label":" ","price":72.85},{"type":"A","date":"2018-03-22T03:24:08.000Z","volume":1000,"label":" ","price":72.95},{"type":"B","date":"2018-03-22T03:24:14.000Z","volume":8000,"label":" ","price":72.85},{"type":"B","date":"2018-03-22T03:24:14.000Z","volume":500,"label":" ","price":72.85},{"type":"A","date":"2018-03-22T03:24:56.000Z","volume":500,"label":" ","price":72.9},{"type":"B","date":"2018-03-22T03:24:57.000Z","volume":1500,"label":" ","price":72.85},{"type":"A","date":"2018-03-22T03:24:57.000Z","volume":1000,"label":" ","price":72.9},{"type":"B","date":"2018-03-22T03:25:27.000Z","volume":3000,"label":" ","price":72.8},{"type":"B","date":"2018-03-22T03:25:27.000Z","volume":3000,"label":" ","price":72.8},{"type":"B","date":"2018-03-22T03:25:27.000Z","volume":6000,"label":" ","price":72.8},{"type":"B","date":"2018-03-22T03:25:54.000Z","volume":500,"label":" ","price":72.8},{"type":"A","date":"2018-03-22T03:26:09.000Z","volume":500,"label":" ","price":72.85},{"type":"A","date":"2018-03-22T03:26:09.000Z","volume":1000,"label":" ","price":72.85},{"type":"A","date":"2018-03-22T03:26:09.000Z","volume":1000,"label":" ","price":72.9},{"type":"A","date":"2018-03-22T03:26:21.000Z","volume":500,"label":" ","price":72.9},{"type":"A","date":"2018-03-22T03:26:55.000Z","volume":500,"label":" ","price":72.9},{"type":"A","date":"2018-03-22T03:26:55.000Z","volume":1000,"label":" ","price":72.95},{"type":"B","date":"2018-03-22T03:27:42.000Z","volume":1000,"label":" ","price":72.9},{"type":"B","date":"2018-03-22T03:27:44.000Z","volume":500,"label":" ","price":72.9},{"type":"A","date":"2018-03-22T03:28:00.000Z","volume":1000,"label":" ","price":72.95},{"type":"A","date":"2018-03-22T03:28:13.000Z","volume":7000,"label":" ","price":72.95},{"type":"U","date":"2018-03-22T03:28:34.000Z","volume":500,"label":" ","price":72.95},{"type":"A","date":"2018-03-22T03:28:34.000Z","volume":3500,"label":" ","price":73},{"type":"U","date":"2018-03-22T03:28:35.000Z","volume":2000,"label":" ","price":73},{"type":"U","date":"2018-03-22T03:28:35.000Z","volume":500,"label":" ","price":73},{"type":"B","date":"2018-03-22T03:29:57.000Z","volume":3500,"label":" ","price":72.95},{"type":"B","date":"2018-03-22T03:29:57.000Z","volume":2500,"label":" ","price":72.9},{"type":"A","date":"2018-03-22T03:30:04.000Z","volume":2500,"label":" ","price":73},{"type":"A","date":"2018-03-22T03:30:04.000Z","volume":1000,"label":" ","price":73},{"type":"A","date":"2018-03-22T03:30:04.000Z","volume":1000,"label":" ","price":73.05},{"type":"A","date":"2018-03-22T03:30:21.000Z","volume":500,"label":" ","price":73},{"type":"A","date":"2018-03-22T03:31:23.000Z","volume":1000,"label":" ","price":73.05},{"type":"A","date":"2018-03-22T03:31:56.000Z","volume":6500,"label":" ","price":73.05},{"type":"A","date":"2018-03-22T03:31:56.000Z","volume":2500,"label":" ","price":73.05},{"type":"A","date":"2018-03-22T03:31:56.000Z","volume":1000,"label":" ","price":73.05},{"type":"A","date":"2018-03-22T03:31:56.000Z","volume":16500,"label":" ","price":73.1},{"type":"A","date":"2018-03-22T03:31:56.000Z","volume":6000,"label":" ","price":73.1},{"type":"A","date":"2018-03-22T03:31:56.000Z","volume":2500,"label":" ","price":73.1},{"type":"A","date":"2018-03-22T03:31:56.000Z","volume":71000,"label":" ","price":73.1},{"type":"A","date":"2018-03-22T03:31:58.000Z","volume":2500,"label":" ","price":73.15},{"type":"U","date":"2018-03-22T03:32:04.000Z","volume":1000,"label":" ","price":73.15},{"type":"B","date":"2018-03-22T03:32:26.000Z","volume":500,"label":" ","price":73.1},{"type":"A","date":"2018-03-22T03:33:19.000Z","volume":1000,"label":" ","price":73.2},{"type":"A","date":"2018-03-22T03:34:45.000Z","volume":1000,"label":" ","price":73.2},{"type":"A","date":"2018-03-22T03:34:45.000Z","volume":10500,"label":" ","price":73.2},{"type":"A","date":"2018-03-22T03:34:45.000Z","volume":500,"label":" ","price":73.25},{"type":"A","date":"2018-03-22T03:34:56.000Z","volume":1000,"label":" ","price":73.3},{"type":"B","date":"2018-03-22T03:35:05.000Z","volume":7000,"label":" ","price":73.25},{"type":"A","date":"2018-03-22T03:35:11.000Z","volume":5000,"label":" ","price":73.35},{"type":"A","date":"2018-03-22T03:35:21.000Z","volume":500,"label":" ","price":73.3},{"type":"A","date":"2018-03-22T03:35:21.000Z","volume":1000,"label":" ","price":73.35},{"type":"A","date":"2018-03-22T03:35:21.000Z","volume":7000,"label":" ","price":73.35},{"type":"A","date":"2018-03-22T03:35:57.000Z","volume":1000,"label":" ","price":73.45},{"type":"A","date":"2018-03-22T03:35:58.000Z","volume":1000,"label":" ","price":73.45},{"type":"A","date":"2018-03-22T03:36:06.000Z","volume":500,"label":" ","price":73.45},{"type":"B","date":"2018-03-22T03:36:13.000Z","volume":2000,"label":" ","price":73.45},{"type":"B","date":"2018-03-22T03:36:13.000Z","volume":3000,"label":" ","price":73.45},{"type":"B","date":"2018-03-22T03:36:17.000Z","volume":4500,"label":" ","price":73.4},{"type":"B","date":"2018-03-22T03:36:17.000Z","volume":2000,"label":" ","price":73.35},{"type":"B","date":"2018-03-22T03:36:17.000Z","volume":1500,"label":" ","price":73.35},{"type":"B","date":"2018-03-22T03:36:35.000Z","volume":2000,"label":" ","price":73.25},{"type":"A","date":"2018-03-22T03:36:38.000Z","volume":1000,"label":" ","price":73.3},{"type":"A","date":"2018-03-22T03:37:31.000Z","volume":1000,"label":" ","price":73.3},{"type":"A","date":"2018-03-22T03:37:39.000Z","volume":1500,"label":" ","price":73.35},{"type":"A","date":"2018-03-22T03:37:39.000Z","volume":1500,"label":" ","price":73.4},{"type":"A","date":"2018-03-22T03:38:39.000Z","volume":1000,"label":" ","price":73.4},{"type":"A","date":"2018-03-22T03:38:51.000Z","volume":1000,"label":" ","price":73.4},{"type":"A","date":"2018-03-22T03:39:40.000Z","volume":1000,"label":" ","price":73.4},{"type":"A","date":"2018-03-22T03:40:13.000Z","volume":500,"label":" ","price":73.4},{"type":"A","date":"2018-03-22T03:40:13.000Z","volume":500,"label":" ","price":73.4},{"type":"A","date":"2018-03-22T03:40:14.000Z","volume":1000,"label":" ","price":73.45},{"type":"A","date":"2018-03-22T03:40:14.000Z","volume":500,"label":" ","price":73.45},{"type":"A","date":"2018-03-22T03:40:43.000Z","volume":500,"label":" ","price":73.45},{"type":"A","date":"2018-03-22T03:40:58.000Z","volume":1000,"label":" ","price":73.5},{"type":"A","date":"2018-03-22T03:40:59.000Z","volume":3000,"label":" ","price":73.5},{"type":"A","date":"2018-03-22T03:41:03.000Z","volume":2000,"label":" ","price":73.5},{"type":"A","date":"2018-03-22T03:41:37.000Z","volume":10000,"label":" ","price":73.5},{"type":"A","date":"2018-03-22T03:41:37.000Z","volume":500,"label":" ","price":73.5},{"type":"A","date":"2018-03-22T03:42:30.000Z","volume":500,"label":" ","price":73.6},{"type":"A","date":"2018-03-22T03:42:47.000Z","volume":500,"label":" ","price":73.6},{"type":"A","date":"2018-03-22T03:42:48.000Z","volume":1000,"label":" ","price":73.6},{"type":"A","date":"2018-03-22T03:43:53.000Z","volume":1000,"label":" ","price":73.6},{"type":"A","date":"2018-03-22T03:44:59.000Z","volume":9000,"label":" ","price":73.6},{"type":"A","date":"2018-03-22T03:44:59.000Z","volume":1500,"label":" ","price":73.65},{"type":"A","date":"2018-03-22T03:45:00.000Z","volume":1000,"label":" ","price":73.65},{"type":"A","date":"2018-03-22T03:46:13.000Z","volume":1000,"label":" ","price":73.65},{"type":"A","date":"2018-03-22T03:46:13.000Z","volume":500,"label":"Y","price":73.65},{"type":"A","date":"2018-03-22T03:46:13.000Z","volume":18000,"label":" ","price":73.65},{"type":"A","date":"2018-03-22T03:46:38.000Z","volume":1000,"label":" ","price":73.75},{"type":"A","date":"2018-03-22T03:46:51.000Z","volume":500,"label":" ","price":73.75},{"type":"B","date":"2018-03-22T03:47:09.000Z","volume":1000,"label":" ","price":73.75},{"type":"A","date":"2018-03-22T03:47:09.000Z","volume":1000,"label":" ","price":73.8},{"type":"A","date":"2018-03-22T03:47:10.000Z","volume":1000,"label":" ","price":73.8},{"type":"A","date":"2018-03-22T03:47:11.000Z","volume":500,"label":" ","price":73.8},{"type":"B","date":"2018-03-22T03:47:20.000Z","volume":500,"label":" ","price":73.75},{"type":"A","date":"2018-03-22T03:48:01.000Z","volume":500,"label":" ","price":73.8},{"type":"A","date":"2018-03-22T03:48:01.000Z","volume":1000,"label":" ","price":73.8},{"type":"B","date":"2018-03-22T03:48:48.000Z","volume":5000,"label":" ","price":73.75},{"type":"B","date":"2018-03-22T03:48:48.000Z","volume":11000,"label":" ","price":73.75},{"type":"B","date":"2018-03-22T03:48:49.000Z","volume":2000,"label":" ","price":73.7},{"type":"B","date":"2018-03-22T03:48:49.000Z","volume":4500,"label":" ","price":73.7},{"type":"B","date":"2018-03-22T03:48:51.000Z","volume":2000,"label":" ","price":73.65},{"type":"B","date":"2018-03-22T03:48:51.000Z","volume":2000,"label":" ","price":73.65},{"type":"B","date":"2018-03-22T03:48:51.000Z","volume":2500,"label":" ","price":73.65},{"type":"B","date":"2018-03-22T03:48:51.000Z","volume":1000,"label":" ","price":73.6},{"type":"A","date":"2018-03-22T03:49:54.000Z","volume":500,"label":"Y","price":73.65},{"type":"A","date":"2018-03-22T03:49:54.000Z","volume":500,"label":" ","price":73.65},{"type":"B","date":"2018-03-22T03:50:25.000Z","volume":500,"label":" ","price":73.6},{"type":"B","date":"2018-03-22T03:50:46.000Z","volume":500,"label":" ","price":73.6},{"type":"A","date":"2018-03-22T03:51:03.000Z","volume":1500,"label":" ","price":73.65},{"type":"A","date":"2018-03-22T03:51:29.000Z","volume":500,"label":" ","price":73.7},{"type":"A","date":"2018-03-22T03:52:35.000Z","volume":1000,"label":" ","price":73.7},{"type":"B","date":"2018-03-22T03:52:51.000Z","volume":9000,"label":" ","price":73.65},{"type":"B","date":"2018-03-22T03:52:51.000Z","volume":1500,"label":" ","price":73.6},{"type":"B","date":"2018-03-22T03:53:19.000Z","volume":2500,"label":" ","price":73.55},{"type":"A","date":"2018-03-22T03:53:44.000Z","volume":1500,"label":" ","price":73.45},{"type":"B","date":"2018-03-22T03:54:02.000Z","volume":500,"label":" ","price":73.4},{"type":"B","date":"2018-03-22T03:54:02.000Z","volume":500,"label":" ","price":73.4},{"type":"U","date":"2018-03-22T03:54:45.000Z","volume":500,"label":" ","price":73.4},{"type":"A","date":"2018-03-22T03:55:36.000Z","volume":500,"label":" ","price":73.4},{"type":"B","date":"2018-03-22T03:55:53.000Z","volume":1000,"label":" ","price":73.35},{"type":"A","date":"2018-03-22T03:56:29.000Z","volume":3500,"label":" ","price":73.3},{"type":"A","date":"2018-03-22T03:56:29.000Z","volume":500,"label":" ","price":73.3},{"type":"A","date":"2018-03-22T03:56:29.000Z","volume":1000,"label":" ","price":73.3},{"type":"A","date":"2018-03-22T03:57:09.000Z","volume":5000,"label":" ","price":73.35},{"type":"A","date":"2018-03-22T03:57:09.000Z","volume":500,"label":" ","price":73.4},{"type":"B","date":"2018-03-22T03:57:09.000Z","volume":500,"label":" ","price":73.35},{"type":"A","date":"2018-03-22T03:57:09.000Z","volume":1000,"label":" ","price":73.5},{"type":"A","date":"2018-03-22T03:58:18.000Z","volume":1000,"label":" ","price":73.5},{"type":"A","date":"2018-03-22T03:58:36.000Z","volume":500,"label":" ","price":73.55},{"type":"A","date":"2018-03-22T03:59:32.000Z","volume":1000,"label":" ","price":73.55},{"type":"A","date":"2018-03-22T05:00:00.000Z","volume":500,"label":" ","price":73.55},{"type":"A","date":"2018-03-22T05:00:00.000Z","volume":1000,"label":" ","price":73.55},{"type":"A","date":"2018-03-22T05:00:01.000Z","volume":1000,"label":"Y","price":73.5},{"type":"A","date":"2018-03-22T05:00:02.000Z","volume":2500,"label":"Y","price":73.5},{"type":"A","date":"2018-03-22T05:00:02.000Z","volume":500,"label":" ","price":73.5},{"type":"A","date":"2018-03-22T05:00:02.000Z","volume":2500,"label":" ","price":73.55},{"type":"U","date":"2018-03-22T05:00:02.000Z","volume":500,"label":" ","price":73.5},{"type":"A","date":"2018-03-22T05:00:09.000Z","volume":500,"label":" ","price":73.55},{"type":"U","date":"2018-03-22T05:00:22.000Z","volume":500,"label":" ","price":73.45},{"type":"A","date":"2018-03-22T05:00:35.000Z","volume":500,"label":" ","price":73.45},{"type":"A","date":"2018-03-22T05:00:47.000Z","volume":500,"label":" ","price":73.45},{"type":"A","date":"2018-03-22T05:00:47.000Z","volume":1000,"label":" ","price":73.45},{"type":"B","date":"2018-03-22T05:00:47.000Z","volume":1000,"label":" ","price":73.45},{"type":"A","date":"2018-03-22T05:00:47.000Z","volume":1000,"label":" ","price":73.5},{"type":"A","date":"2018-03-22T05:01:58.000Z","volume":1000,"label":" ","price":73.5},{"type":"A","date":"2018-03-22T05:02:12.000Z","volume":6000,"label":" ","price":73.5},{"type":"A","date":"2018-03-22T05:02:13.000Z","volume":1000,"label":" ","price":73.55},{"type":"B","date":"2018-03-22T05:02:16.000Z","volume":1000,"label":" ","price":73.5},{"type":"A","date":"2018-03-22T05:02:16.000Z","volume":2500,"label":" ","price":73.6},{"type":"B","date":"2018-03-22T05:02:37.000Z","volume":2000,"label":" ","price":73.55},{"type":"A","date":"2018-03-22T05:02:47.000Z","volume":500,"label":" ","price":73.6},{"type":"A","date":"2018-03-22T05:03:31.000Z","volume":500,"label":" ","price":73.6},{"type":"B","date":"2018-03-22T05:03:33.000Z","volume":500,"label":" ","price":73.5},{"type":"B","date":"2018-03-22T05:03:43.000Z","volume":1000,"label":" ","price":73.45},{"type":"B","date":"2018-03-22T05:03:43.000Z","volume":500,"label":"Y","price":73.4},{"type":"B","date":"2018-03-22T05:03:43.000Z","volume":4000,"label":" ","price":73.4},{"type":"A","date":"2018-03-22T05:05:14.000Z","volume":1000,"label":" ","price":73.4},{"type":"B","date":"2018-03-22T05:05:14.000Z","volume":1500,"label":" ","price":73.35},{"type":"B","date":"2018-03-22T05:05:14.000Z","volume":1000,"label":" ","price":73.35},{"type":"B","date":"2018-03-22T05:05:25.000Z","volume":500,"label":" ","price":73.2},{"type":"B","date":"2018-03-22T05:06:10.000Z","volume":500,"label":" ","price":73.2},{"type":"A","date":"2018-03-22T05:07:02.000Z","volume":3000,"label":" ","price":73.25},{"type":"A","date":"2018-03-22T05:07:02.000Z","volume":500,"label":" ","price":73.3},{"type":"A","date":"2018-03-22T05:09:14.000Z","volume":7000,"label":" ","price":73.35},{"type":"A","date":"2018-03-22T05:09:14.000Z","volume":1000,"label":" ","price":73.4},{"type":"U","date":"2018-03-22T05:09:25.000Z","volume":1000,"label":" ","price":73.35},{"type":"B","date":"2018-03-22T05:09:30.000Z","volume":500,"label":" ","price":73.3},{"type":"A","date":"2018-03-22T05:09:35.000Z","volume":500,"label":" ","price":73.35},{"type":"A","date":"2018-03-22T05:09:35.000Z","volume":500,"label":" ","price":73.35},{"type":"A","date":"2018-03-22T05:09:57.000Z","volume":500,"label":" ","price":73.35},{"type":"A","date":"2018-03-22T05:12:20.000Z","volume":16000,"label":" ","price":73.4},{"type":"B","date":"2018-03-22T05:12:25.000Z","volume":9000,"label":" ","price":73.4},{"type":"A","date":"2018-03-22T05:12:25.000Z","volume":1000,"label":" ","price":73.4},{"type":"A","date":"2018-03-22T05:12:32.000Z","volume":500,"label":" ","price":73.4},{"type":"A","date":"2018-03-22T05:12:32.000Z","volume":500,"label":" ","price":73.4},{"type":"B","date":"2018-03-22T05:12:44.000Z","volume":2000,"label":" ","price":73.4},{"type":"B","date":"2018-03-22T05:12:44.000Z","volume":500,"label":" ","price":73.4},{"type":"A","date":"2018-03-22T05:12:45.000Z","volume":1000,"label":" ","price":73.4},{"type":"A","date":"2018-03-22T05:12:55.000Z","volume":1000,"label":" ","price":73.35},{"type":"A","date":"2018-03-22T05:13:14.000Z","volume":3000,"label":" ","price":73.35},{"type":"A","date":"2018-03-22T05:13:14.000Z","volume":1000,"label":" ","price":73.4},{"type":"A","date":"2018-03-22T05:14:33.000Z","volume":1000,"label":" ","price":73.35},{"type":"B","date":"2018-03-22T05:15:13.000Z","volume":500,"label":" ","price":73.3},{"type":"B","date":"2018-03-22T05:15:32.000Z","volume":500,"label":" ","price":73.3},{"type":"B","date":"2018-03-22T05:16:23.000Z","volume":1000,"label":" ","price":73.3},{"type":"A","date":"2018-03-22T05:16:35.000Z","volume":1000,"label":" ","price":73.3},{"type":"A","date":"2018-03-22T05:16:53.000Z","volume":2500,"label":" ","price":73.3},{"type":"A","date":"2018-03-22T05:16:53.000Z","volume":2500,"label":" ","price":73.3},{"type":"A","date":"2018-03-22T05:16:53.000Z","volume":1000,"label":" ","price":73.3},{"type":"B","date":"2018-03-22T05:18:03.000Z","volume":1000,"label":" ","price":73.3},{"type":"A","date":"2018-03-22T05:18:03.000Z","volume":1000,"label":" ","price":73.35},{"type":"A","date":"2018-03-22T05:18:24.000Z","volume":10000,"label":" ","price":73.35},{"type":"A","date":"2018-03-22T05:18:25.000Z","volume":500,"label":" ","price":73.35},{"type":"A","date":"2018-03-22T05:18:25.000Z","volume":2000,"label":" ","price":73.35},{"type":"A","date":"2018-03-22T05:18:25.000Z","volume":1500,"label":" ","price":73.35},{"type":"A","date":"2018-03-22T05:19:11.000Z","volume":1000,"label":" ","price":73.5},{"type":"A","date":"2018-03-22T05:20:16.000Z","volume":1000,"label":" ","price":73.5},{"type":"B","date":"2018-03-22T05:21:26.000Z","volume":1000,"label":" ","price":73.45},{"type":"A","date":"2018-03-22T05:21:26.000Z","volume":1000,"label":" ","price":73.5},{"type":"A","date":"2018-03-22T05:21:45.000Z","volume":500,"label":" ","price":73.45},{"type":"B","date":"2018-03-22T05:22:30.000Z","volume":2000,"label":" ","price":73.4},{"type":"A","date":"2018-03-22T05:23:43.000Z","volume":500,"label":" ","price":73.4},{"type":"B","date":"2018-03-22T05:23:55.000Z","volume":3000,"label":" ","price":73.35},{"type":"B","date":"2018-03-22T05:23:56.000Z","volume":1000,"label":" ","price":73.3},{"type":"B","date":"2018-03-22T05:25:10.000Z","volume":500,"label":"Y","price":73.25},{"type":"B","date":"2018-03-22T05:25:10.000Z","volume":500,"label":" ","price":73.25},{"type":"B","date":"2018-03-22T05:26:15.000Z","volume":2000,"label":" ","price":73.25},{"type":"A","date":"2018-03-22T05:26:44.000Z","volume":4000,"label":" ","price":73.25},{"type":"A","date":"2018-03-22T05:26:44.000Z","volume":5000,"label":" ","price":73.25},{"type":"A","date":"2018-03-22T05:26:45.000Z","volume":3500,"label":" ","price":73.3},{"type":"A","date":"2018-03-22T05:26:45.000Z","volume":6000,"label":" ","price":73.3},{"type":"A","date":"2018-03-22T05:26:45.000Z","volume":500,"label":" ","price":73.35},{"type":"B","date":"2018-03-22T05:27:15.000Z","volume":1500,"label":" ","price":73.3},{"type":"U","date":"2018-03-22T05:27:15.000Z","volume":1000,"label":" ","price":73.3},{"type":"B","date":"2018-03-22T05:27:18.000Z","volume":500,"label":"Y","price":73.2},{"type":"B","date":"2018-03-22T05:27:18.000Z","volume":1000,"label":" ","price":73.2},{"type":"B","date":"2018-03-22T05:27:39.000Z","volume":500,"label":" ","price":73.15},{"type":"A","date":"2018-03-22T05:28:27.000Z","volume":1000,"label":" ","price":73.2},{"type":"B","date":"2018-03-22T05:28:31.000Z","volume":1000,"label":" ","price":73.15},{"type":"B","date":"2018-03-22T05:28:31.000Z","volume":3000,"label":" ","price":73.1},{"type":"B","date":"2018-03-22T05:28:31.000Z","volume":6500,"label":" ","price":73.05},{"type":"B","date":"2018-03-22T05:28:31.000Z","volume":18000,"label":" ","price":73},{"type":"B","date":"2018-03-22T05:28:31.000Z","volume":1500,"label":" ","price":73},{"type":"U","date":"2018-03-22T05:28:31.000Z","volume":1000,"label":" ","price":73.05},{"type":"A","date":"2018-03-22T05:29:33.000Z","volume":1000,"label":" ","price":73},{"type":"A","date":"2018-03-22T05:30:00.000Z","volume":10500,"label":" ","price":73},{"type":"A","date":"2018-03-22T05:30:00.000Z","volume":1500,"label":" ","price":73.05},{"type":"A","date":"2018-03-22T05:30:00.000Z","volume":1000,"label":" ","price":73.05},{"type":"A","date":"2018-03-22T05:30:00.000Z","volume":1500,"label":" ","price":73.1},{"type":"A","date":"2018-03-22T05:30:00.000Z","volume":1500,"label":" ","price":73.15},{"type":"A","date":"2018-03-22T05:30:02.000Z","volume":500,"label":" ","price":73.35},{"type":"U","date":"2018-03-22T05:30:03.000Z","volume":1500,"label":" ","price":73.35},{"type":"B","date":"2018-03-22T05:30:13.000Z","volume":1000,"label":" ","price":73.3},{"type":"A","date":"2018-03-22T05:30:55.000Z","volume":1000,"label":" ","price":73.35},{"type":"A","date":"2018-03-22T05:32:07.000Z","volume":500,"label":" ","price":73.35},{"type":"A","date":"2018-03-22T05:32:07.000Z","volume":500,"label":" ","price":73.35},{"type":"A","date":"2018-03-22T05:32:07.000Z","volume":1000,"label":" ","price":73.35},{"type":"A","date":"2018-03-22T05:32:07.000Z","volume":500,"label":" ","price":73.35},{"type":"B","date":"2018-03-22T05:32:13.000Z","volume":5000,"label":" ","price":73.3},{"type":"A","date":"2018-03-22T05:32:26.000Z","volume":500,"label":" ","price":73.3},{"type":"A","date":"2018-03-22T05:32:31.000Z","volume":500,"label":" ","price":73.3},{"type":"A","date":"2018-03-22T05:32:35.000Z","volume":2000,"label":" ","price":73.3},{"type":"A","date":"2018-03-22T05:32:35.000Z","volume":500,"label":" ","price":73.35},{"type":"A","date":"2018-03-22T05:32:47.000Z","volume":500,"label":" ","price":73.35},{"type":"A","date":"2018-03-22T05:33:03.000Z","volume":1000,"label":" ","price":73.35},{"type":"A","date":"2018-03-22T05:33:27.000Z","volume":500,"label":" ","price":73.35},{"type":"B","date":"2018-03-22T05:33:43.000Z","volume":500,"label":" ","price":73.35},{"type":"B","date":"2018-03-22T05:33:43.000Z","volume":1000,"label":" ","price":73.35},{"type":"A","date":"2018-03-22T05:34:08.000Z","volume":1000,"label":" ","price":73.35},{"type":"A","date":"2018-03-22T05:34:40.000Z","volume":1000,"label":" ","price":73.35},{"type":"A","date":"2018-03-22T05:35:44.000Z","volume":1000,"label":" ","price":73.35},{"type":"A","date":"2018-03-22T05:35:55.000Z","volume":4500,"label":" ","price":73.35},{"type":"A","date":"2018-03-22T05:35:55.000Z","volume":3000,"label":" ","price":73.4},{"type":"A","date":"2018-03-22T05:35:55.000Z","volume":1000,"label":" ","price":73.45},{"type":"B","date":"2018-03-22T05:35:55.000Z","volume":500,"label":" ","price":73.4},{"type":"A","date":"2018-03-22T05:35:58.000Z","volume":500,"label":" ","price":73.45},{"type":"B","date":"2018-03-22T05:36:28.000Z","volume":2000,"label":" ","price":73.4},{"type":"A","date":"2018-03-22T05:36:28.000Z","volume":3000,"label":" ","price":73.4},{"type":"B","date":"2018-03-22T05:36:30.000Z","volume":500,"label":" ","price":73.45},{"type":"B","date":"2018-03-22T05:37:03.000Z","volume":500,"label":" ","price":73.45},{"type":"A","date":"2018-03-22T05:37:11.000Z","volume":500,"label":" ","price":73.5},{"type":"B","date":"2018-03-22T05:37:18.000Z","volume":1500,"label":" ","price":73.45},{"type":"A","date":"2018-03-22T05:37:40.000Z","volume":1000,"label":" ","price":73.45},{"type":"A","date":"2018-03-22T05:38:17.000Z","volume":500,"label":" ","price":73.45},{"type":"A","date":"2018-03-22T05:38:27.000Z","volume":3500,"label":" ","price":73.45},{"type":"A","date":"2018-03-22T05:38:27.000Z","volume":1000,"label":" ","price":73.5},{"type":"A","date":"2018-03-22T05:38:57.000Z","volume":1500,"label":" ","price":73.5},{"type":"A","date":"2018-03-22T05:38:57.000Z","volume":2000,"label":" ","price":73.5},{"type":"A","date":"2018-03-22T05:40:12.000Z","volume":1000,"label":" ","price":73.6},{"type":"A","date":"2018-03-22T05:41:00.000Z","volume":500,"label":" ","price":73.6},{"type":"A","date":"2018-03-22T05:41:23.000Z","volume":1000,"label":" ","price":73.6},{"type":"B","date":"2018-03-22T05:42:52.000Z","volume":500,"label":" ","price":73.5},{"type":"B","date":"2018-03-22T05:43:24.000Z","volume":2500,"label":" ","price":73.5},{"type":"A","date":"2018-03-22T05:43:43.000Z","volume":500,"label":" ","price":73.5},{"type":"A","date":"2018-03-22T05:43:44.000Z","volume":3000,"label":" ","price":73.5},{"type":"B","date":"2018-03-22T05:43:57.000Z","volume":500,"label":" ","price":73.45},{"type":"A","date":"2018-03-22T05:44:07.000Z","volume":4500,"label":" ","price":73.5},{"type":"B","date":"2018-03-22T05:44:37.000Z","volume":1500,"label":" ","price":73.5},{"type":"A","date":"2018-03-22T05:44:52.000Z","volume":500,"label":" ","price":73.5},{"type":"A","date":"2018-03-22T05:45:04.000Z","volume":1000,"label":" ","price":73.5},{"type":"A","date":"2018-03-22T05:45:17.000Z","volume":500,"label":" ","price":73.5},{"type":"A","date":"2018-03-22T05:45:17.000Z","volume":500,"label":" ","price":73.5},{"type":"A","date":"2018-03-22T05:45:17.000Z","volume":500,"label":" ","price":73.5},{"type":"B","date":"2018-03-22T05:45:23.000Z","volume":4000,"label":" ","price":73.45},{"type":"B","date":"2018-03-22T05:45:42.000Z","volume":2000,"label":" ","price":73.4},{"type":"U","date":"2018-03-22T05:45:43.000Z","volume":500,"label":" ","price":73.4},{"type":"B","date":"2018-03-22T05:46:00.000Z","volume":2000,"label":" ","price":73.35},{"type":"B","date":"2018-03-22T05:46:00.000Z","volume":8000,"label":" ","price":73.35},{"type":"B","date":"2018-03-22T05:46:01.000Z","volume":2000,"label":" ","price":73.35},{"type":"B","date":"2018-03-22T05:46:01.000Z","volume":2500,"label":" ","price":73.35},{"type":"B","date":"2018-03-22T05:46:01.000Z","volume":2500,"label":" ","price":73.35},{"type":"B","date":"2018-03-22T05:46:01.000Z","volume":1500,"label":" ","price":73.35},{"type":"B","date":"2018-03-22T05:46:01.000Z","volume":1000,"label":" ","price":73.35},{"type":"B","date":"2018-03-22T05:46:01.000Z","volume":2000,"label":" ","price":73.35},{"type":"B","date":"2018-03-22T05:46:01.000Z","volume":2000,"label":" ","price":73.35},{"type":"B","date":"2018-03-22T05:46:01.000Z","volume":3000,"label":" ","price":73.35},{"type":"B","date":"2018-03-22T05:46:21.000Z","volume":500,"label":" ","price":73.3},{"type":"A","date":"2018-03-22T05:46:22.000Z","volume":1000,"label":" ","price":73.35},{"type":"A","date":"2018-03-22T05:46:23.000Z","volume":1000,"label":" ","price":73.35},{"type":"A","date":"2018-03-22T05:46:31.000Z","volume":2500,"label":" ","price":73.35},{"type":"A","date":"2018-03-22T05:46:31.000Z","volume":500,"label":" ","price":73.35},{"type":"A","date":"2018-03-22T05:46:42.000Z","volume":500,"label":" ","price":73.4},{"type":"A","date":"2018-03-22T05:46:42.000Z","volume":1000,"label":" ","price":73.4},{"type":"B","date":"2018-03-22T05:46:56.000Z","volume":500,"label":" ","price":73.35},{"type":"B","date":"2018-03-22T05:47:34.000Z","volume":2000,"label":" ","price":73.35},{"type":"A","date":"2018-03-22T05:48:29.000Z","volume":500,"label":" ","price":73.4},{"type":"A","date":"2018-03-22T05:48:38.000Z","volume":5500,"label":" ","price":73.4},{"type":"A","date":"2018-03-22T05:48:38.000Z","volume":1000,"label":" ","price":73.45},{"type":"B","date":"2018-03-22T05:48:39.000Z","volume":4500,"label":" ","price":73.4},{"type":"A","date":"2018-03-22T05:48:39.000Z","volume":1000,"label":" ","price":73.4},{"type":"B","date":"2018-03-22T05:48:44.000Z","volume":2500,"label":" ","price":73.35},{"type":"A","date":"2018-03-22T05:49:36.000Z","volume":500,"label":" ","price":73.35},{"type":"A","date":"2018-03-22T05:49:36.000Z","volume":1000,"label":" ","price":73.35},{"type":"B","date":"2018-03-22T05:50:04.000Z","volume":1500,"label":" ","price":73.3},{"type":"B","date":"2018-03-22T05:50:04.000Z","volume":500,"label":" ","price":73.3},{"type":"A","date":"2018-03-22T05:50:34.000Z","volume":500,"label":" ","price":73.25},{"type":"A","date":"2018-03-22T05:51:26.000Z","volume":500,"label":" ","price":73.25},{"type":"A","date":"2018-03-22T05:52:05.000Z","volume":3500,"label":" ","price":73.25},{"type":"B","date":"2018-03-22T05:52:48.000Z","volume":500,"label":" ","price":73.25},{"type":"A","date":"2018-03-22T05:53:04.000Z","volume":4000,"label":" ","price":73.3},{"type":"A","date":"2018-03-22T05:53:04.000Z","volume":500,"label":" ","price":73.3},{"type":"A","date":"2018-03-22T05:53:05.000Z","volume":2000,"label":" ","price":73.3},{"type":"A","date":"2018-03-22T05:53:14.000Z","volume":500,"label":" ","price":73.3},{"type":"A","date":"2018-03-22T05:53:34.000Z","volume":1000,"label":" ","price":73.3},{"type":"A","date":"2018-03-22T05:56:21.000Z","volume":500,"label":" ","price":73.3},{"type":"B","date":"2018-03-22T05:56:25.000Z","volume":500,"label":" ","price":73.25},{"type":"B","date":"2018-03-22T05:56:44.000Z","volume":1500,"label":" ","price":73.25},{"type":"B","date":"2018-03-22T05:56:48.000Z","volume":1000,"label":" ","price":73.25},{"type":"B","date":"2018-03-22T05:56:55.000Z","volume":500,"label":" ","price":73.25},{"type":"A","date":"2018-03-22T05:57:08.000Z","volume":2500,"label":" ","price":73.1},{"type":"B","date":"2018-03-22T05:57:29.000Z","volume":500,"label":" ","price":73.1},{"type":"A","date":"2018-03-22T05:57:50.000Z","volume":500,"label":" ","price":73.15},{"type":"A","date":"2018-03-22T05:58:03.000Z","volume":500,"label":" ","price":73.1},{"type":"A","date":"2018-03-22T05:59:02.000Z","volume":7500,"label":" ","price":73.15},{"type":"A","date":"2018-03-22T05:59:02.000Z","volume":2000,"label":" ","price":73.2},{"type":"A","date":"2018-03-22T05:59:02.000Z","volume":1000,"label":" ","price":73.25},{"type":"A","date":"2018-03-22T05:59:32.000Z","volume":500,"label":" ","price":73.25},{"type":"B","date":"2018-03-22T05:59:47.000Z","volume":500,"label":" ","price":73.15},{"type":"A","date":"2018-03-22T05:59:57.000Z","volume":500,"label":" ","price":73.25},{"type":"A","date":"2018-03-22T05:59:57.000Z","volume":500,"label":" ","price":73.25},{"type":"A","date":"2018-03-22T06:02:06.000Z","volume":500,"label":" ","price":73.25},{"type":"A","date":"2018-03-22T06:02:39.000Z","volume":1000,"label":" ","price":73.3},{"type":"A","date":"2018-03-22T06:03:22.000Z","volume":500,"label":" ","price":73.3},{"type":"A","date":"2018-03-22T06:03:49.000Z","volume":1000,"label":" ","price":73.3},{"type":"A","date":"2018-03-22T06:04:19.000Z","volume":500,"label":" ","price":73.3},{"type":"A","date":"2018-03-22T06:05:00.000Z","volume":1000,"label":" ","price":73.3},{"type":"A","date":"2018-03-22T06:05:00.000Z","volume":16000,"label":" ","price":73.3},{"type":"A","date":"2018-03-22T06:05:00.000Z","volume":3000,"label":" ","price":73.3},{"type":"A","date":"2018-03-22T06:05:00.000Z","volume":500,"label":" ","price":73.3},{"type":"U","date":"2018-03-22T06:05:23.000Z","volume":500,"label":" ","price":73.3},{"type":"A","date":"2018-03-22T06:05:47.000Z","volume":500,"label":" ","price":73.3},{"type":"A","date":"2018-03-22T06:06:30.000Z","volume":500,"label":" ","price":73.3},{"type":"A","date":"2018-03-22T06:07:05.000Z","volume":1000,"label":" ","price":73.35},{"type":"A","date":"2018-03-22T06:07:32.000Z","volume":500,"label":" ","price":73.3},{"type":"A","date":"2018-03-22T06:07:35.000Z","volume":1000,"label":" ","price":73.3},{"type":"A","date":"2018-03-22T06:07:52.000Z","volume":500,"label":" ","price":73.3},{"type":"A","date":"2018-03-22T06:08:27.000Z","volume":500,"label":" ","price":73.3},{"type":"A","date":"2018-03-22T06:09:08.000Z","volume":1000,"label":" ","price":73.35},{"type":"A","date":"2018-03-22T06:10:02.000Z","volume":1000,"label":" ","price":73.35},{"type":"A","date":"2018-03-22T06:10:58.000Z","volume":500,"label":" ","price":73.35},{"type":"B","date":"2018-03-22T06:11:42.000Z","volume":1000,"label":" ","price":73.3},{"type":"B","date":"2018-03-22T06:14:04.000Z","volume":1000,"label":" ","price":73.3},{"type":"B","date":"2018-03-22T06:15:11.000Z","volume":1000,"label":" ","price":73.3},{"type":"A","date":"2018-03-22T06:15:11.000Z","volume":500,"label":" ","price":73.35},{"type":"B","date":"2018-03-22T06:15:16.000Z","volume":1000,"label":" ","price":73.3},{"type":"B","date":"2018-03-22T06:15:16.000Z","volume":1000,"label":" ","price":73.3},{"type":"B","date":"2018-03-22T06:15:16.000Z","volume":500,"label":" ","price":73.3},{"type":"B","date":"2018-03-22T06:15:16.000Z","volume":500,"label":" ","price":73.3},{"type":"B","date":"2018-03-22T06:15:24.000Z","volume":1000,"label":" ","price":73.25},{"type":"B","date":"2018-03-22T06:15:24.000Z","volume":500,"label":" ","price":73.25},{"type":"B","date":"2018-03-22T06:15:24.000Z","volume":1000,"label":" ","price":73.25},{"type":"B","date":"2018-03-22T06:15:24.000Z","volume":1000,"label":" ","price":73.25},{"type":"B","date":"2018-03-22T06:15:28.000Z","volume":1000,"label":" ","price":73.2},{"type":"B","date":"2018-03-22T06:15:28.000Z","volume":500,"label":" ","price":73.2},{"type":"B","date":"2018-03-22T06:16:25.000Z","volume":500,"label":" ","price":73.2},{"type":"A","date":"2018-03-22T06:16:36.000Z","volume":1000,"label":" ","price":73.2},{"type":"A","date":"2018-03-22T06:16:36.000Z","volume":500,"label":" ","price":73.2},{"type":"A","date":"2018-03-22T06:16:36.000Z","volume":500,"label":" ","price":73.2},{"type":"A","date":"2018-03-22T06:16:37.000Z","volume":500,"label":" ","price":73.2},{"type":"B","date":"2018-03-22T06:16:42.000Z","volume":5000,"label":" ","price":73.15},{"type":"A","date":"2018-03-22T06:17:04.000Z","volume":6500,"label":" ","price":73.15},{"type":"A","date":"2018-03-22T06:17:04.000Z","volume":11500,"label":" ","price":73.15},{"type":"A","date":"2018-03-22T06:17:04.000Z","volume":1500,"label":" ","price":73.2},{"type":"A","date":"2018-03-22T06:17:04.000Z","volume":500,"label":" ","price":73.25},{"type":"A","date":"2018-03-22T06:17:04.000Z","volume":6000,"label":" ","price":73.25},{"type":"B","date":"2018-03-22T06:17:44.000Z","volume":1500,"label":" ","price":73.3},{"type":"A","date":"2018-03-22T06:18:09.000Z","volume":1000,"label":" ","price":73.35},{"type":"A","date":"2018-03-22T06:18:12.000Z","volume":500,"label":" ","price":73.35},{"type":"A","date":"2018-03-22T06:19:16.000Z","volume":1000,"label":" ","price":73.35},{"type":"A","date":"2018-03-22T06:20:30.000Z","volume":1000,"label":" ","price":73.3},{"type":"A","date":"2018-03-22T06:21:09.000Z","volume":5000,"label":" ","price":73.3},{"type":"A","date":"2018-03-22T06:21:09.000Z","volume":3500,"label":" ","price":73.3},{"type":"A","date":"2018-03-22T06:21:09.000Z","volume":500,"label":" ","price":73.35},{"type":"A","date":"2018-03-22T06:21:09.000Z","volume":500,"label":" ","price":73.35},{"type":"A","date":"2018-03-22T06:22:22.000Z","volume":1000,"label":" ","price":73.4},{"type":"B","date":"2018-03-22T06:22:53.000Z","volume":1000,"label":" ","price":73.3},{"type":"A","date":"2018-03-22T06:23:29.000Z","volume":1000,"label":" ","price":73.4},{"type":"A","date":"2018-03-22T06:23:30.000Z","volume":500,"label":" ","price":73.4},{"type":"B","date":"2018-03-22T06:24:03.000Z","volume":4500,"label":" ","price":73.35},{"type":"A","date":"2018-03-22T06:24:03.000Z","volume":1000,"label":" ","price":73.35},{"type":"B","date":"2018-03-22T06:24:46.000Z","volume":500,"label":" ","price":73.3},{"type":"B","date":"2018-03-22T06:24:46.000Z","volume":500,"label":" ","price":73.3},{"type":"A","date":"2018-03-22T06:25:08.000Z","volume":1000,"label":" ","price":73.3},{"type":"A","date":"2018-03-22T06:25:08.000Z","volume":500,"label":" ","price":73.3},{"type":"A","date":"2018-03-22T06:26:46.000Z","volume":1000,"label":" ","price":73.3},{"type":"A","date":"2018-03-22T06:27:56.000Z","volume":500,"label":" ","price":73.25},{"type":"B","date":"2018-03-22T06:30:21.000Z","volume":3500,"label":" ","price":73.2},{"type":"B","date":"2018-03-22T06:30:42.000Z","volume":1000,"label":" ","price":73.15},{"type":"A","date":"2018-03-22T06:30:55.000Z","volume":8000,"label":" ","price":73.2},{"type":"A","date":"2018-03-22T06:30:55.000Z","volume":1500,"label":"Y","price":73.25},{"type":"A","date":"2018-03-22T06:30:55.000Z","volume":500,"label":" ","price":73.25},{"type":"A","date":"2018-03-22T06:30:55.000Z","volume":500,"label":" ","price":73.25},{"type":"A","date":"2018-03-22T06:30:57.000Z","volume":11000,"label":" ","price":73.25},{"type":"A","date":"2018-03-22T06:30:57.000Z","volume":500,"label":" ","price":73.3},{"type":"A","date":"2018-03-22T06:30:57.000Z","volume":500,"label":" ","price":73.3},{"type":"A","date":"2018-03-22T06:30:58.000Z","volume":1000,"label":" ","price":73.3},{"type":"A","date":"2018-03-22T06:30:58.000Z","volume":500,"label":" ","price":73.3},{"type":"A","date":"2018-03-22T06:30:58.000Z","volume":1000,"label":" ","price":73.3},{"type":"A","date":"2018-03-22T06:30:58.000Z","volume":1000,"label":" ","price":73.3},{"type":"A","date":"2018-03-22T06:31:00.000Z","volume":500,"label":" ","price":73.3},{"type":"B","date":"2018-03-22T06:31:02.000Z","volume":9000,"label":" ","price":73.25},{"type":"B","date":"2018-03-22T06:31:02.000Z","volume":1000,"label":" ","price":73.2},{"type":"A","date":"2018-03-22T06:32:52.000Z","volume":1000,"label":" ","price":73.25},{"type":"A","date":"2018-03-22T06:33:53.000Z","volume":1000,"label":" ","price":73.25},{"type":"A","date":"2018-03-22T06:34:17.000Z","volume":500,"label":" ","price":73.25},{"type":"A","date":"2018-03-22T06:35:14.000Z","volume":1000,"label":" ","price":73.25},{"type":"A","date":"2018-03-22T06:36:22.000Z","volume":1000,"label":" ","price":73.25},{"type":"B","date":"2018-03-22T06:36:34.000Z","volume":3000,"label":" ","price":73.2},{"type":"A","date":"2018-03-22T06:36:42.000Z","volume":500,"label":" ","price":73.2},{"type":"A","date":"2018-03-22T06:36:42.000Z","volume":500,"label":" ","price":73.2},{"type":"B","date":"2018-03-22T06:38:15.000Z","volume":1000,"label":" ","price":73.15},{"type":"B","date":"2018-03-22T06:38:19.000Z","volume":500,"label":" ","price":73.15},{"type":"A","date":"2018-03-22T06:38:42.000Z","volume":500,"label":" ","price":73.2},{"type":"A","date":"2018-03-22T06:38:45.000Z","volume":500,"label":" ","price":73.2},{"type":"B","date":"2018-03-22T06:41:16.000Z","volume":500,"label":" ","price":73.15},{"type":"B","date":"2018-03-22T06:41:32.000Z","volume":500,"label":" ","price":73.15},{"type":"B","date":"2018-03-22T06:41:38.000Z","volume":5000,"label":" ","price":73.15},{"type":"B","date":"2018-03-22T06:41:38.000Z","volume":500,"label":" ","price":73.15},{"type":"A","date":"2018-03-22T06:43:01.000Z","volume":2000,"label":" ","price":73.15},{"type":"B","date":"2018-03-22T06:43:56.000Z","volume":1500,"label":" ","price":73.1},{"type":"B","date":"2018-03-22T06:45:26.000Z","volume":3000,"label":" ","price":73.05},{"type":"B","date":"2018-03-22T06:45:32.000Z","volume":500,"label":" ","price":73.05},{"type":"B","date":"2018-03-22T06:46:02.000Z","volume":1000,"label":" ","price":73.05},{"type":"A","date":"2018-03-22T06:47:16.000Z","volume":5000,"label":" ","price":73.1},{"type":"A","date":"2018-03-22T06:47:16.000Z","volume":500,"label":" ","price":73.15},{"type":"A","date":"2018-03-22T06:48:24.000Z","volume":1000,"label":" ","price":73.15},{"type":"B","date":"2018-03-22T06:51:18.000Z","volume":500,"label":" ","price":73.05},{"type":"A","date":"2018-03-22T06:51:28.000Z","volume":1000,"label":" ","price":73.15},{"type":"A","date":"2018-03-22T06:53:02.000Z","volume":500,"label":" ","price":73.15},{"type":"B","date":"2018-03-22T06:53:59.000Z","volume":500,"label":"Y","price":73.1},{"type":"B","date":"2018-03-22T06:53:59.000Z","volume":500,"label":" ","price":73.1},{"type":"A","date":"2018-03-22T06:54:00.000Z","volume":500,"label":" ","price":73.15},{"type":"A","date":"2018-03-22T06:55:32.000Z","volume":3000,"label":" ","price":73.15},{"type":"A","date":"2018-03-22T06:55:32.000Z","volume":3000,"label":" ","price":73.15},{"type":"A","date":"2018-03-22T06:55:32.000Z","volume":4000,"label":" ","price":73.15},{"type":"A","date":"2018-03-22T06:55:32.000Z","volume":500,"label":" ","price":73.2},{"type":"A","date":"2018-03-22T06:55:34.000Z","volume":1000,"label":" ","price":73.2},{"type":"B","date":"2018-03-22T06:55:47.000Z","volume":1500,"label":" ","price":73.15},{"type":"A","date":"2018-03-22T06:55:47.000Z","volume":500,"label":" ","price":73.2},{"type":"A","date":"2018-03-22T06:55:47.000Z","volume":1000,"label":" ","price":73.2},{"type":"B","date":"2018-03-22T06:57:53.000Z","volume":2500,"label":" ","price":73.15},{"type":"B","date":"2018-03-22T06:57:53.000Z","volume":500,"label":" ","price":73.15},{"type":"B","date":"2018-03-22T06:58:47.000Z","volume":5000,"label":" ","price":73.1},{"type":"B","date":"2018-03-22T06:58:47.000Z","volume":500,"label":" ","price":73.1},{"type":"A","date":"2018-03-22T07:00:00.000Z","volume":1000,"label":" ","price":73.15},{"type":"B","date":"2018-03-22T07:00:48.000Z","volume":2500,"label":" ","price":73.1},{"type":"A","date":"2018-03-22T07:01:05.000Z","volume":2500,"label":" ","price":73.1},{"type":"B","date":"2018-03-22T07:01:12.000Z","volume":2000,"label":" ","price":73.1},{"type":"B","date":"2018-03-22T07:01:57.000Z","volume":1000,"label":" ","price":73.1},{"type":"A","date":"2018-03-22T07:02:29.000Z","volume":5000,"label":" ","price":73.15},{"type":"A","date":"2018-03-22T07:02:30.000Z","volume":2000,"label":" ","price":73.15},{"type":"A","date":"2018-03-22T07:02:30.000Z","volume":500,"label":" ","price":73.2},{"type":"B","date":"2018-03-22T07:02:51.000Z","volume":1500,"label":" ","price":73.1},{"type":"A","date":"2018-03-22T07:02:51.000Z","volume":1000,"label":" ","price":73.15},{"type":"U","date":"2018-03-22T07:03:43.000Z","volume":441,"label":"D","price":72.6},{"type":"U","date":"2018-03-22T07:04:04.000Z","volume":180,"label":"D","price":73.25},{"type":"A","date":"2018-03-22T07:04:13.000Z","volume":2500,"label":" ","price":73.2},{"type":"A","date":"2018-03-22T07:04:13.000Z","volume":1000,"label":" ","price":73.2},{"type":"A","date":"2018-03-22T07:04:14.000Z","volume":500,"label":" ","price":73.25},{"type":"A","date":"2018-03-22T07:04:17.000Z","volume":500,"label":" ","price":73.25},{"type":"A","date":"2018-03-22T07:04:17.000Z","volume":500,"label":" ","price":73.25},{"type":"A","date":"2018-03-22T07:04:17.000Z","volume":500,"label":" ","price":73.25},{"type":"A","date":"2018-03-22T07:05:02.000Z","volume":1000,"label":" ","price":73.3},{"type":"B","date":"2018-03-22T07:05:43.000Z","volume":500,"label":" ","price":73.15},{"type":"B","date":"2018-03-22T07:06:27.000Z","volume":2000,"label":" ","price":73.15},{"type":"A","date":"2018-03-22T07:07:54.000Z","volume":500,"label":"Y","price":73.2},{"type":"B","date":"2018-03-22T07:08:22.000Z","volume":5000,"label":" ","price":73.15},{"type":"B","date":"2018-03-22T07:08:22.000Z","volume":500,"label":" ","price":73.15},{"type":"B","date":"2018-03-22T07:08:22.000Z","volume":500,"label":" ","price":73.15},{"type":"A","date":"2018-03-22T07:08:47.000Z","volume":500,"label":" ","price":73.15},{"type":"B","date":"2018-03-22T07:09:41.000Z","volume":5500,"label":" ","price":73.1},{"type":"B","date":"2018-03-22T07:10:13.000Z","volume":1000,"label":" ","price":73.05},{"type":"A","date":"2018-03-22T07:11:40.000Z","volume":1000,"label":" ","price":73.1},{"type":"B","date":"2018-03-22T07:11:56.000Z","volume":1500,"label":" ","price":73.05},{"type":"A","date":"2018-03-22T07:12:00.000Z","volume":5000,"label":" ","price":73.1},{"type":"B","date":"2018-03-22T07:12:03.000Z","volume":1000,"label":" ","price":73.1},{"type":"A","date":"2018-03-22T07:12:04.000Z","volume":1000,"label":" ","price":73.15},{"type":"U","date":"2018-03-22T07:12:35.000Z","volume":122,"label":"D","price":72.5},{"type":"A","date":"2018-03-22T07:12:48.000Z","volume":1000,"label":" ","price":73.15},{"type":"A","date":"2018-03-22T07:13:27.000Z","volume":1000,"label":" ","price":73.15},{"type":"B","date":"2018-03-22T07:13:48.000Z","volume":5000,"label":" ","price":73.1},{"type":"B","date":"2018-03-22T07:14:24.000Z","volume":1000,"label":" ","price":73.1},{"type":"B","date":"2018-03-22T07:14:30.000Z","volume":1000,"label":" ","price":73.1},{"type":"A","date":"2018-03-22T07:15:29.000Z","volume":1000,"label":" ","price":73.15}