[{"type":"A","date":"2018-03-20T01:34:59.000Z","volume":2000,"label":" ","price":6.2},{"type":"A","date":"2018-03-20T01:35:01.000Z","volume":2000,"label":" ","price":6.25},{"type":"B","date":"2018-03-20T01:35:09.000Z","volume":6000,"label":" ","price":6.19},{"type":"B","date":"2018-03-20T01:37:18.000Z","volume":6000,"label":" ","price":6.19},{"type":"B","date":"2018-03-20T01:37:21.000Z","volume":2000,"label":" ","price":6.19},{"type":"B","date":"2018-03-20T01:37:22.000Z","volume":10000,"label":" ","price":6.19},{"type":"B","date":"2018-03-20T01:37:23.000Z","volume":2000,"label":" ","price":6.2},{"type":"B","date":"2018-03-20T01:37:40.000Z","volume":6000,"label":" ","price":6.18},{"type":"B","date":"2018-03-20T01:37:40.000Z","volume":14000,"label":" ","price":6.17},{"type":"B","date":"2018-03-20T01:37:41.000Z","volume":20000,"label":" ","price":6.17},{"type":"B","date":"2018-03-20T01:38:00.000Z","volume":20000,"label":" ","price":6.17},{"type":"B","date":"2018-03-20T01:39:50.000Z","volume":4000,"label":" ","price":6.12},{"type":"B","date":"2018-03-20T01:41:17.000Z","volume":2000,"label":" ","price":6.12},{"type":"B","date":"2018-03-20T01:41:58.000Z","volume":4000,"label":" ","price":6.12},{"type":"B","date":"2018-03-20T01:41:58.000Z","volume":2000,"label":" ","price":6.12},{"type":"A","date":"2018-03-20T01:42:30.000Z","volume":2000,"label":" ","price":6.16},{"type":"U","date":"2018-03-20T01:43:24.000Z","volume":16000,"label":" ","price":6.16},{"type":"B","date":"2018-03-20T01:48:38.000Z","volume":4000,"label":" ","price":6.18},{"type":"B","date":"2018-03-20T01:50:02.000Z","volume":4000,"label":" ","price":6.2},{"type":"B","date":"2018-03-20T01:50:58.000Z","volume":4000,"label":" ","price":6.2},{"type":"B","date":"2018-03-20T02:04:35.000Z","volume":4000,"label":" ","price":6.2},{"type":"A","date":"2018-03-20T02:06:31.000Z","volume":12000,"label":" ","price":6.23},{"type":"A","date":"2018-03-20T02:08:55.000Z","volume":10000,"label":" ","price":6.23},{"type":"A","date":"2018-03-20T02:08:55.000Z","volume":12000,"label":" ","price":6.23},{"type":"A","date":"2018-03-20T02:18:02.000Z","volume":6000,"label":" ","price":6.24},{"type":"A","date":"2018-03-20T02:21:24.000Z","volume":18000,"label":" ","price":6.24},{"type":"A","date":"2018-03-20T02:22:14.000Z","volume":10000,"label":" ","price":6.26},{"type":"A","date":"2018-03-20T02:22:23.000Z","volume":6000,"label":" ","price":6.26},{"type":"B","date":"2018-03-20T02:23:00.000Z","volume":2000,"label":" ","price":6.26},{"type":"A","date":"2018-03-20T02:23:06.000Z","volume":2000,"label":" ","price":6.28},{"type":"B","date":"2018-03-20T02:26:07.000Z","volume":4000,"label":" ","price":6.28},{"type":"B","date":"2018-03-20T02:26:07.000Z","volume":4000,"label":" ","price":6.28},{"type":"B","date":"2018-03-20T02:26:07.000Z","volume":2000,"label":" ","price":6.28},{"type":"B","date":"2018-03-20T02:26:35.000Z","volume":2000,"label":" ","price":6.27},{"type":"B","date":"2018-03-20T02:26:41.000Z","volume":4000,"label":" ","price":6.27},{"type":"B","date":"2018-03-20T02:28:56.000Z","volume":2000,"label":" ","price":6.26},{"type":"B","date":"2018-03-20T02:39:20.000Z","volume":4000,"label":" ","price":6.25},{"type":"B","date":"2018-03-20T02:39:20.000Z","volume":6000,"label":" ","price":6.25},{"type":"B","date":"2018-03-20T02:39:37.000Z","volume":10000,"label":" ","price":6.24},{"type":"B","date":"2018-03-20T02:39:40.000Z","volume":10000,"label":" ","price":6.24},{"type":"B","date":"2018-03-20T02:43:54.000Z","volume":2000,"label":" ","price":6.23},{"type":"B","date":"2018-03-20T02:55:42.000Z","volume":10000,"label":" ","price":6.22},{"type":"B","date":"2018-03-20T03:00:41.000Z","volume":2000,"label":" ","price":6.22},{"type":"B","date":"2018-03-20T03:04:40.000Z","volume":2000,"label":" ","price":6.2},{"type":"B","date":"2018-03-20T03:05:23.000Z","volume":2000,"label":" ","price":6.2},{"type":"B","date":"2018-03-20T03:05:24.000Z","volume":2000,"label":" ","price":6.2},{"type":"B","date":"2018-03-20T03:05:55.000Z","volume":18000,"label":" ","price":6.2},{"type":"B","date":"2018-03-20T03:05:56.000Z","volume":2000,"label":" ","price":6.2},{"type":"B","date":"2018-03-20T03:06:34.000Z","volume":18000,"label":" ","price":6.2},{"type":"B","date":"2018-03-20T03:06:34.000Z","volume":14000,"label":" ","price":6.2},{"type":"B","date":"2018-03-20T03:06:35.000Z","volume":2000,"label":" ","price":6.19},{"type":"B","date":"2018-03-20T03:17:31.000Z","volume":2000,"label":" ","price":6.19},{"type":"B","date":"2018-03-20T03:18:03.000Z","volume":14000,"label":" ","price":6.18},{"type":"B","date":"2018-03-20T03:18:03.000Z","volume":16000,"label":" ","price":6.17},{"type":"B","date":"2018-03-20T03:18:04.000Z","volume":4000,"label":" ","price":6.17},{"type":"A","date":"2018-03-20T03:32:51.000Z","volume":6000,"label":" ","price":6.2},{"type":"B","date":"2018-03-20T03:33:21.000Z","volume":2000,"label":" ","price":6.2},{"type":"B","date":"2018-03-20T03:33:22.000Z","volume":2000,"label":" ","price":6.19},{"type":"A","date":"2018-03-20T03:38:44.000Z","volume":4000,"label":" ","price":6.22},{"type":"A","date":"2018-03-20T03:49:24.000Z","volume":4000,"label":" ","price":6.22},{"type":"A","date":"2018-03-20T03:49:24.000Z","volume":2000,"label":" ","price":6.23},{"type":"A","date":"2018-03-20T03:49:55.000Z","volume":30000,"label":" ","price":6.23},{"type":"B","date":"2018-03-20T03:49:56.000Z","volume":4000,"label":" ","price":6.2},{"type":"A","date":"2018-03-20T03:50:11.000Z","volume":6000,"label":" ","price":6.24},{"type":"A","date":"2018-03-20T03:50:56.000Z","volume":4000,"label":" ","price":6.25},{"type":"A","date":"2018-03-20T03:51:48.000Z","volume":4000,"label":" ","price":6.25},{"type":"B","date":"2018-03-20T03:54:13.000Z","volume":2000,"label":" ","price":6.25},{"type":"B","date":"2018-03-20T03:55:07.000Z","volume":10000,"label":" ","price":6.22},{"type":"A","date":"2018-03-20T05:01:00.000Z","volume":4000,"label":" ","price":6.25},{"type":"A","date":"2018-03-20T05:02:50.000Z","volume":2000,"label":" ","price":6.26},{"type":"A","date":"2018-03-20T05:06:39.000Z","volume":10000,"label":" ","price":6.26},{"type":"B","date":"2018-03-20T05:06:40.000Z","volume":2000,"label":" ","price":6.24},{"type":"A","date":"2018-03-20T05:08:09.000Z","volume":8000,"label":" ","price":6.26},{"type":"A","date":"2018-03-20T05:08:44.000Z","volume":2000,"label":" ","price":6.27},{"type":"B","date":"2018-03-20T05:08:45.000Z","volume":2000,"label":" ","price":6.25},{"type":"A","date":"2018-03-20T05:10:13.000Z","volume":2000,"label":" ","price":6.27},{"type":"A","date":"2018-03-20T05:10:15.000Z","volume":10000,"label":" ","price":6.27},{"type":"B","date":"2018-03-20T05:12:24.000Z","volume":2000,"label":" ","price":6.28},{"type":"A","date":"2018-03-20T05:12:31.000Z","volume":2000,"label":" ","price":6.28},{"type":"A","date":"2018-03-20T05:17:19.000Z","volume":2000,"label":" ","price":6.28},{"type":"A","date":"2018-03-20T05:23:40.000Z","volume":10000,"label":" ","price":6.28},{"type":"A","date":"2018-03-20T05:23:43.000Z","volume":6000,"label":" ","price":6.29},{"type":"A","date":"2018-03-20T05:23:43.000Z","volume":2000,"label":" ","price":6.29},{"type":"A","date":"2018-03-20T05:23:56.000Z","volume":10000,"label":" ","price":6.3},{"type":"A","date":"2018-03-20T05:26:08.000Z","volume":2000,"label":" ","price":6.33},{"type":"A","date":"2018-03-20T05:27:04.000Z","volume":4000,"label":" ","price":6.33},{"type":"A","date":"2018-03-20T05:27:05.000Z","volume":10000,"label":" ","price":6.33},{"type":"A","date":"2018-03-20T05:27:08.000Z","volume":2000,"label":" ","price":6.34},{"type":"A","date":"2018-03-20T05:27:16.000Z","volume":2000,"label":" ","price":6.34},{"type":"A","date":"2018-03-20T05:27:53.000Z","volume":2000,"label":" ","price":6.34},{"type":"A","date":"2018-03-20T05:30:10.000Z","volume":2000,"label":" ","price":6.35},{"type":"A","date":"2018-03-20T05:39:17.000Z","volume":2000,"label":" ","price":6.35},{"type":"A","date":"2018-03-20T05:46:46.000Z","volume":2000,"label":" ","price":6.33},{"type":"A","date":"2018-03-20T05:50:33.000Z","volume":6000,"label":" ","price":6.34},{"type":"A","date":"2018-03-20T05:54:00.000Z","volume":2000,"label":" ","price":6.34},{"type":"A","date":"2018-03-20T05:54:24.000Z","volume":2000,"label":" ","price":6.34},{"type":"A","date":"2018-03-20T05:56:28.000Z","volume":4000,"label":" ","price":6.34},{"type":"A","date":"2018-03-20T06:02:30.000Z","volume":8000,"label":" ","price":6.34},{"type":"A","date":"2018-03-20T06:02:54.000Z","volume":4000,"label":" ","price":6.34},{"type":"A","date":"2018-03-20T06:03:19.000Z","volume":2000,"label":" ","price":6.34},{"type":"A","date":"2018-03-20T06:04:17.000Z","volume":4000,"label":" ","price":6.34},{"type":"B","date":"2018-03-20T06:05:17.000Z","volume":8000,"label":" ","price":6.31},{"type":"B","date":"2018-03-20T06:13:42.000Z","volume":10000,"label":"Y","price":6.31},{"type":"B","date":"2018-03-20T06:17:15.000Z","volume":2000,"label":" ","price":6.31},{"type":"A","date":"2018-03-20T06:20:06.000Z","volume":4000,"label":" ","price":6.33},{"type":"B","date":"2018-03-20T06:21:00.000Z","volume":6000,"label":" ","price":6.33},{"type":"A","date":"2018-03-20T06:27:44.000Z","volume":8000,"label":" ","price":6.33},{"type":"A","date":"2018-03-20T06:28:09.000Z","volume":2000,"label":" ","price":6.33},{"type":"U","date":"2018-03-20T06:30:25.000Z","volume":4000,"label":" ","price":6.33},{"type":"A","date":"2018-03-20T06:31:43.000Z","volume":2000,"label":" ","price":6.34},{"type":"A","date":"2018-03-20T06:31:52.000Z","volume":2000,"label":" ","price":6.34},{"type":"A","date":"2018-03-20T06:39:28.000Z","volume":4000,"label":" ","price":6.34},{"type":"A","date":"2018-03-20T06:39:28.000Z","volume":2000,"label":" ","price":6.35},{"type":"B","date":"2018-03-20T06:39:46.000Z","volume":6000,"label":" ","price":6.34},{"type":"B","date":"2018-03-20T06:58:47.000Z","volume":10000,"label":" ","price":6.32},{"type":"A","date":"2018-03-20T07:02:25.000Z","volume":4000,"label":" ","price":6.34},{"type":"B","date":"2018-03-20T07:02:39.000Z","volume":4000,"label":" ","price":6.34},{"type":"B","date":"2018-03-20T07:05:37.000Z","volume":2000,"label":" ","price":6.33},{"type":"A","date":"2018-03-20T07:06:50.000Z","volume":20000,"label":" ","price":6.35},{"type":"A","date":"2018-03-20T07:09:18.000Z","volume":20000,"label":" ","price":6.35},{"type":"A","date":"2018-03-20T07:09:18.000Z","volume":8000,"label":" ","price":6.35},{"type":"A","date":"2018-03-20T07:09:26.000Z","volume":2000,"label":" ","price":6.36},{"type":"A","date":"2018-03-20T07:10:52.000Z","volume":10000,"label":" ","price":6.37},{"type":"B","date":"2018-03-20T07:10:54.000Z","volume":2000,"label":" ","price":6.36},{"type":"B","date":"2018-03-20T07:11:06.000Z","volume":22000,"label":" ","price":6.35},{"type":"B","date":"2018-03-20T07:12:02.000Z","volume":10000,"label":" ","price":6.34},{"type":"B","date":"2018-03-20T07:14:03.000Z","volume":10000,"label":" ","price":6.33},{"type":"A","date":"2018-03-20T07:16:03.000Z","volume":14000,"label":" ","price":6.35},{"type":"A","date":"2018-03-20T07:22:10.000Z","volume":6000,"label":" ","price":6.35},{"type":"B","date":"2018-03-20T07:22:27.000Z","volume":4000,"label":" ","price":6.34},{"type":"A","date":"2018-03-20T07:44:14.000Z","volume":4000,"label":" ","price":6.34},{"type":"B","date":"2018-03-20T07:46:17.000Z","volume":2000,"label":" ","price":6.32},{"type":"B","date":"2018-03-20T07:46:34.000Z","volume":2000,"label":" ","price":6.31},{"type":"B","date":"2018-03-20T07:48:52.000Z","volume":6000,"label":" ","price":6.3},{"type":"A","date":"2018-03-20T07:53:33.000Z","volume":6000,"label":" ","price":6.35},{"type":"A","date":"2018-03-20T07:54:35.000Z","volume":6000,"label":" ","price":6.35},{"type":"A","date":"2018-03-20T07:56:41.000Z","volume":8000,"label":" ","price":6.34},{"type":"A","date":"2018-03-20T07:58:08.000Z","volume":6000,"label":" ","price":6.34},{"type":"B","date":"2018-03-20T07:59:04.000Z","volume":2000,"label":"Y","price":6.33},{"type":"A","date":"2018-03-20T07:59:24.000Z","volume":6000,"label":" ","price":6.35}]