[{"type":"U","date":"2018-03-22T01:20:00.000Z","volume":1500,"label":"U","price":13.16},{"type":"A","date":"2018-03-22T01:30:02.000Z","volume":5500,"label":" ","price":13.16},{"type":"A","date":"2018-03-22T01:30:16.000Z","volume":22000,"label":" ","price":13.16},{"type":"A","date":"2018-03-22T01:30:16.000Z","volume":500,"label":" ","price":13.18},{"type":"A","date":"2018-03-22T01:30:16.000Z","volume":1500,"label":" ","price":13.26},{"type":"A","date":"2018-03-22T01:30:33.000Z","volume":23500,"label":" ","price":13.3},{"type":"A","date":"2018-03-22T01:30:33.000Z","volume":500,"label":" ","price":13.32},{"type":"A","date":"2018-03-22T01:30:33.000Z","volume":500,"label":" ","price":13.36},{"type":"A","date":"2018-03-22T01:30:33.000Z","volume":1000,"label":" ","price":13.36},{"type":"A","date":"2018-03-22T01:30:33.000Z","volume":500,"label":" ","price":13.36},{"type":"A","date":"2018-03-22T01:30:33.000Z","volume":7000,"label":" ","price":13.3},{"type":"B","date":"2018-03-22T01:30:42.000Z","volume":2000,"label":" ","price":13.26},{"type":"B","date":"2018-03-22T01:30:43.000Z","volume":7500,"label":" ","price":13.26},{"type":"B","date":"2018-03-22T01:30:43.000Z","volume":7500,"label":" ","price":13.22},{"type":"B","date":"2018-03-22T01:30:43.000Z","volume":2500,"label":" ","price":13.2},{"type":"B","date":"2018-03-22T01:30:43.000Z","volume":1500,"label":" ","price":13.18},{"type":"B","date":"2018-03-22T01:30:43.000Z","volume":1000,"label":" ","price":13.16},{"type":"U","date":"2018-03-22T01:30:43.000Z","volume":2000,"label":" ","price":13.34},{"type":"U","date":"2018-03-22T01:31:08.000Z","volume":500,"label":" ","price":13.3},{"type":"B","date":"2018-03-22T01:31:39.000Z","volume":4000,"label":" ","price":13.28},{"type":"B","date":"2018-03-22T01:32:10.000Z","volume":2500,"label":" ","price":13.28},{"type":"B","date":"2018-03-22T01:32:10.000Z","volume":500,"label":" ","price":13.28},{"type":"B","date":"2018-03-22T01:32:11.000Z","volume":5000,"label":" ","price":13.26},{"type":"B","date":"2018-03-22T01:32:11.000Z","volume":4500,"label":" ","price":13.26},{"type":"B","date":"2018-03-22T01:32:12.000Z","volume":6500,"label":" ","price":13.24},{"type":"B","date":"2018-03-22T01:32:12.000Z","volume":1000,"label":" ","price":13.24},{"type":"A","date":"2018-03-22T01:32:12.000Z","volume":500,"label":" ","price":13.28},{"type":"B","date":"2018-03-22T01:33:03.000Z","volume":6500,"label":" ","price":13.24},{"type":"B","date":"2018-03-22T01:33:03.000Z","volume":500,"label":" ","price":13.24},{"type":"B","date":"2018-03-22T01:33:05.000Z","volume":2000,"label":" ","price":13.2},{"type":"B","date":"2018-03-22T01:33:14.000Z","volume":500,"label":" ","price":13.2},{"type":"B","date":"2018-03-22T01:34:16.000Z","volume":1000,"label":" ","price":13.2},{"type":"B","date":"2018-03-22T01:34:16.000Z","volume":2000,"label":" ","price":13.18},{"type":"B","date":"2018-03-22T01:34:21.000Z","volume":500,"label":" ","price":13.2},{"type":"U","date":"2018-03-22T01:35:53.000Z","volume":500,"label":" ","price":13.16},{"type":"B","date":"2018-03-22T01:38:52.000Z","volume":2000,"label":" ","price":13.16},{"type":"B","date":"2018-03-22T01:39:29.000Z","volume":1000,"label":" ","price":13.16},{"type":"B","date":"2018-03-22T01:39:29.000Z","volume":4000,"label":" ","price":13.14},{"type":"U","date":"2018-03-22T01:40:03.000Z","volume":500,"label":" ","price":13.16},{"type":"U","date":"2018-03-22T01:40:03.000Z","volume":500,"label":" ","price":13.16},{"type":"B","date":"2018-03-22T01:40:50.000Z","volume":500,"label":" ","price":13.16},{"type":"U","date":"2018-03-22T01:41:58.000Z","volume":500,"label":" ","price":13.18},{"type":"A","date":"2018-03-22T01:42:03.000Z","volume":2000,"label":" ","price":13.2},{"type":"B","date":"2018-03-22T01:46:30.000Z","volume":500,"label":" ","price":13.18},{"type":"B","date":"2018-03-22T01:47:00.000Z","volume":500,"label":" ","price":13.18},{"type":"B","date":"2018-03-22T01:47:30.000Z","volume":500,"label":" ","price":13.18},{"type":"B","date":"2018-03-22T01:47:38.000Z","volume":7500,"label":" ","price":13.18},{"type":"B","date":"2018-03-22T01:47:38.000Z","volume":11500,"label":" ","price":13.16},{"type":"A","date":"2018-03-22T01:47:38.000Z","volume":500,"label":" ","price":13.18},{"type":"U","date":"2018-03-22T01:47:38.000Z","volume":500,"label":" ","price":13.16},{"type":"B","date":"2018-03-22T01:47:41.000Z","volume":10000,"label":" ","price":13.14},{"type":"B","date":"2018-03-22T01:47:41.000Z","volume":1000,"label":" ","price":13.14},{"type":"B","date":"2018-03-22T01:47:45.000Z","volume":2000,"label":" ","price":13.12},{"type":"B","date":"2018-03-22T01:47:46.000Z","volume":1000,"label":" ","price":13.1},{"type":"B","date":"2018-03-22T01:47:46.000Z","volume":1000,"label":" ","price":13.1},{"type":"B","date":"2018-03-22T01:48:17.000Z","volume":1000,"label":" ","price":13.1},{"type":"B","date":"2018-03-22T01:48:57.000Z","volume":4000,"label":" ","price":13.08},{"type":"B","date":"2018-03-22T01:48:57.000Z","volume":12000,"label":" ","price":13.08},{"type":"A","date":"2018-03-22T01:50:29.000Z","volume":500,"label":" ","price":13.1},{"type":"B","date":"2018-03-22T01:50:51.000Z","volume":2000,"label":" ","price":13.08},{"type":"B","date":"2018-03-22T01:52:10.000Z","volume":2500,"label":" ","price":13.08},{"type":"B","date":"2018-03-22T01:52:11.000Z","volume":3500,"label":" ","price":13.06},{"type":"A","date":"2018-03-22T01:52:11.000Z","volume":1000,"label":" ","price":13.08},{"type":"B","date":"2018-03-22T01:52:53.000Z","volume":500,"label":" ","price":13.06},{"type":"A","date":"2018-03-22T01:54:58.000Z","volume":500,"label":" ","price":13.08},{"type":"A","date":"2018-03-22T01:55:45.000Z","volume":8500,"label":" ","price":13.08},{"type":"A","date":"2018-03-22T01:55:45.000Z","volume":1000,"label":" ","price":13.08},{"type":"A","date":"2018-03-22T01:55:45.000Z","volume":500,"label":" ","price":13.08},{"type":"B","date":"2018-03-22T01:55:45.000Z","volume":1000,"label":" ","price":13.06},{"type":"B","date":"2018-03-22T01:59:27.000Z","volume":6500,"label":" ","price":13.06},{"type":"A","date":"2018-03-22T01:59:27.000Z","volume":1000,"label":" ","price":13.06},{"type":"B","date":"2018-03-22T01:59:27.000Z","volume":1500,"label":" ","price":13.06},{"type":"B","date":"2018-03-22T01:59:27.000Z","volume":500,"label":" ","price":13.06},{"type":"U","date":"2018-03-22T01:59:28.000Z","volume":500,"label":" ","price":13.06},{"type":"A","date":"2018-03-22T01:59:49.000Z","volume":500,"label":" ","price":13.08},{"type":"A","date":"2018-03-22T02:02:25.000Z","volume":4500,"label":" ","price":13.06},{"type":"B","date":"2018-03-22T02:02:25.000Z","volume":500,"label":"Y","price":13.04},{"type":"A","date":"2018-03-22T02:02:25.000Z","volume":1000,"label":" ","price":13.06},{"type":"B","date":"2018-03-22T02:02:25.000Z","volume":500,"label":"Y","price":13.04},{"type":"A","date":"2018-03-22T02:03:28.000Z","volume":14000,"label":"Y","price":13.06},{"type":"A","date":"2018-03-22T02:03:28.000Z","volume":2000,"label":" ","price":13.06},{"type":"A","date":"2018-03-22T02:03:28.000Z","volume":1000,"label":" ","price":13.06},{"type":"B","date":"2018-03-22T02:03:28.000Z","volume":1000,"label":"Y","price":13.04},{"type":"B","date":"2018-03-22T02:03:28.000Z","volume":500,"label":" ","price":13.04},{"type":"A","date":"2018-03-22T02:03:28.000Z","volume":500,"label":" ","price":13.06},{"type":"B","date":"2018-03-22T02:03:29.000Z","volume":500,"label":" ","price":13.04},{"type":"A","date":"2018-03-22T02:04:28.000Z","volume":8500,"label":"Y","price":13.06},{"type":"A","date":"2018-03-22T02:04:28.000Z","volume":1000,"label":" ","price":13.06},{"type":"A","date":"2018-03-22T02:04:28.000Z","volume":1000,"label":" ","price":13.06},{"type":"A","date":"2018-03-22T02:04:28.000Z","volume":1000,"label":" ","price":13.06},{"type":"B","date":"2018-03-22T02:04:28.000Z","volume":1000,"label":" ","price":13.04},{"type":"A","date":"2018-03-22T02:05:32.000Z","volume":2500,"label":"Y","price":13.06},{"type":"A","date":"2018-03-22T02:05:32.000Z","volume":500,"label":" ","price":13.06},{"type":"B","date":"2018-03-22T02:05:32.000Z","volume":500,"label":" ","price":13.04},{"type":"B","date":"2018-03-22T02:06:06.000Z","volume":9000,"label":" ","price":13.04},{"type":"B","date":"2018-03-22T02:06:06.000Z","volume":1000,"label":" ","price":13.04},{"type":"B","date":"2018-03-22T02:07:55.000Z","volume":1000,"label":"Y","price":13.04},{"type":"B","date":"2018-03-22T02:07:59.000Z","volume":500,"label":" ","price":13.04},{"type":"B","date":"2018-03-22T02:10:49.000Z","volume":1000,"label":"Y","price":13.04},{"type":"B","date":"2018-03-22T02:10:49.000Z","volume":500,"label":" ","price":13.04},{"type":"B","date":"2018-03-22T02:10:55.000Z","volume":500,"label":" ","price":13.04},{"type":"B","date":"2018-03-22T02:13:52.000Z","volume":1000,"label":" ","price":13.04},{"type":"B","date":"2018-03-22T02:16:05.000Z","volume":2000,"label":" ","price":13.04},{"type":"B","date":"2018-03-22T02:20:07.000Z","volume":2000,"label":"Y","price":13.04},{"type":"B","date":"2018-03-22T02:20:07.000Z","volume":6500,"label":" ","price":13.04},{"type":"A","date":"2018-03-22T02:20:07.000Z","volume":500,"label":"Y","price":13.04},{"type":"B","date":"2018-03-22T02:20:07.000Z","volume":1500,"label":"Y","price":13.02},{"type":"B","date":"2018-03-22T02:20:07.000Z","volume":1000,"label":" ","price":13.02},{"type":"B","date":"2018-03-22T02:20:52.000Z","volume":500,"label":"Y","price":13.02},{"type":"B","date":"2018-03-22T02:23:17.000Z","volume":2500,"label":" ","price":13.02},{"type":"B","date":"2018-03-22T02:23:17.000Z","volume":2000,"label":" ","price":13},{"type":"B","date":"2018-03-22T02:25:33.000Z","volume":4000,"label":" ","price":13.02},{"type":"B","date":"2018-03-22T02:25:33.000Z","volume":1000,"label":"Y","price":13},{"type":"B","date":"2018-03-22T02:25:36.000Z","volume":1000,"label":" ","price":13},{"type":"B","date":"2018-03-22T02:26:20.000Z","volume":4000,"label":" ","price":13},{"type":"A","date":"2018-03-22T02:26:32.000Z","volume":2500,"label":" ","price":13.02},{"type":"B","date":"2018-03-22T02:31:23.000Z","volume":7500,"label":" ","price":12.98},{"type":"B","date":"2018-03-22T02:31:23.000Z","volume":500,"label":" ","price":12.98},{"type":"A","date":"2018-03-22T02:32:04.000Z","volume":1000,"label":" ","price":12.98},{"type":"B","date":"2018-03-22T02:32:06.000Z","volume":2000,"label":" ","price":12.96},{"type":"A","date":"2018-03-22T02:32:07.000Z","volume":500,"label":" ","price":12.98},{"type":"B","date":"2018-03-22T02:33:05.000Z","volume":4000,"label":" ","price":12.96},{"type":"B","date":"2018-03-22T02:33:54.000Z","volume":1500,"label":" ","price":12.94},{"type":"A","date":"2018-03-22T02:34:31.000Z","volume":500,"label":"Y","price":12.96},{"type":"A","date":"2018-03-22T02:34:31.000Z","volume":16500,"label":" ","price":12.96},{"type":"A","date":"2018-03-22T02:34:31.000Z","volume":1000,"label":" ","price":12.98},{"type":"A","date":"2018-03-22T02:34:31.000Z","volume":500,"label":" ","price":12.98},{"type":"A","date":"2018-03-22T02:34:38.000Z","volume":2000,"label":" ","price":12.98},{"type":"A","date":"2018-03-22T02:34:38.000Z","volume":500,"label":" ","price":12.98},{"type":"A","date":"2018-03-22T02:34:50.000Z","volume":500,"label":" ","price":12.98},{"type":"A","date":"2018-03-22T02:38:59.000Z","volume":2000,"label":" ","price":12.98},{"type":"A","date":"2018-03-22T02:39:49.000Z","volume":500,"label":" ","price":12.98},{"type":"A","date":"2018-03-22T02:40:29.000Z","volume":1000,"label":" ","price":12.98},{"type":"B","date":"2018-03-22T02:40:43.000Z","volume":2000,"label":" ","price":12.96},{"type":"A","date":"2018-03-22T02:40:44.000Z","volume":500,"label":" ","price":12.98},{"type":"B","date":"2018-03-22T02:40:58.000Z","volume":500,"label":" ","price":12.96},{"type":"B","date":"2018-03-22T02:40:58.000Z","volume":500,"label":" ","price":12.96},{"type":"B","date":"2018-03-22T02:41:54.000Z","volume":1500,"label":"Y","price":12.96},{"type":"B","date":"2018-03-22T02:41:54.000Z","volume":4000,"label":" ","price":12.96},{"type":"A","date":"2018-03-22T02:41:54.000Z","volume":500,"label":" ","price":12.96},{"type":"B","date":"2018-03-22T02:42:30.000Z","volume":8000,"label":" ","price":12.94},{"type":"B","date":"2018-03-22T02:42:30.000Z","volume":500,"label":" ","price":12.94},{"type":"B","date":"2018-03-22T02:43:31.000Z","volume":10000,"label":" ","price":12.94},{"type":"A","date":"2018-03-22T02:43:31.000Z","volume":500,"label":" ","price":12.96},{"type":"B","date":"2018-03-22T02:43:31.000Z","volume":1000,"label":" ","price":12.94},{"type":"B","date":"2018-03-22T02:43:31.000Z","volume":500,"label":" ","price":12.94},{"type":"B","date":"2018-03-22T02:43:37.000Z","volume":4000,"label":" ","price":12.94},{"type":"B","date":"2018-03-22T02:43:48.000Z","volume":9500,"label":" ","price":12.92},{"type":"B","date":"2018-03-22T02:43:48.000Z","volume":500,"label":" ","price":12.92},{"type":"B","date":"2018-03-22T02:44:47.000Z","volume":13000,"label":" ","price":12.9},{"type":"B","date":"2018-03-22T02:44:47.000Z","volume":1000,"label":" ","price":12.9},{"type":"B","date":"2018-03-22T02:45:06.000Z","volume":5000,"label":" ","price":12.88},{"type":"B","date":"2018-03-22T02:45:06.000Z","volume":500,"label":" ","price":12.88},{"type":"B","date":"2018-03-22T02:46:47.000Z","volume":13000,"label":" ","price":12.88},{"type":"A","date":"2018-03-22T02:46:47.000Z","volume":1000,"label":" ","price":12.88},{"type":"A","date":"2018-03-22T02:47:09.000Z","volume":73000,"label":" ","price":12.88},{"type":"A","date":"2018-03-22T02:47:09.000Z","volume":2500,"label":" ","price":12.9},{"type":"A","date":"2018-03-22T02:47:09.000Z","volume":1500,"label":" ","price":12.9},{"type":"A","date":"2018-03-22T02:47:10.000Z","volume":1500,"label":" ","price":12.9},{"type":"A","date":"2018-03-22T02:47:10.000Z","volume":500,"label":" ","price":12.9},{"type":"A","date":"2018-03-22T02:47:10.000Z","volume":1500,"label":" ","price":12.9},{"type":"A","date":"2018-03-22T02:47:10.000Z","volume":1500,"label":" ","price":12.9},{"type":"A","date":"2018-03-22T02:47:10.000Z","volume":1000,"label":" ","price":12.9},{"type":"A","date":"2018-03-22T02:47:10.000Z","volume":500,"label":" ","price":12.9},{"type":"A","date":"2018-03-22T02:47:10.000Z","volume":1500,"label":" ","price":12.92},{"type":"U","date":"2018-03-22T02:47:15.000Z","volume":3000,"label":"X","price":12.92},{"type":"A","date":"2018-03-22T02:47:15.000Z","volume":500,"label":" ","price":12.92},{"type":"B","date":"2018-03-22T02:47:55.000Z","volume":3000,"label":"Y","price":12.9},{"type":"B","date":"2018-03-22T02:47:55.000Z","volume":1500,"label":" ","price":12.9},{"type":"B","date":"2018-03-22T02:47:55.000Z","volume":500,"label":" ","price":12.9},{"type":"B","date":"2018-03-22T02:48:28.000Z","volume":15500,"label":" ","price":12.88},{"type":"B","date":"2018-03-22T02:48:28.000Z","volume":1500,"label":" ","price":12.88},{"type":"A","date":"2018-03-22T02:48:42.000Z","volume":67000,"label":" ","price":12.88},{"type":"A","date":"2018-03-22T02:48:42.000Z","volume":3500,"label":" ","price":12.9},{"type":"A","date":"2018-03-22T02:48:42.000Z","volume":500,"label":" ","price":12.88},{"type":"A","date":"2018-03-22T02:48:42.000Z","volume":1500,"label":"Y","price":12.9},{"type":"A","date":"2018-03-22T02:48:42.000Z","volume":500,"label":" ","price":12.9},{"type":"U","date":"2018-03-22T02:48:42.000Z","volume":2500,"label":"X","price":12.9},{"type":"A","date":"2018-03-22T02:48:42.000Z","volume":1500,"label":"Y","price":12.9},{"type":"A","date":"2018-03-22T02:48:42.000Z","volume":1500,"label":"Y","price":12.9},{"type":"A","date":"2018-03-22T02:48:42.000Z","volume":1500,"label":"Y","price":12.9},{"type":"A","date":"2018-03-22T02:48:42.000Z","volume":1500,"label":" ","price":12.9},{"type":"U","date":"2018-03-22T02:48:42.000Z","volume":500,"label":"X","price":12.92},{"type":"A","date":"2018-03-22T02:48:42.000Z","volume":3500,"label":" ","price":12.92},{"type":"A","date":"2018-03-22T02:48:44.000Z","volume":500,"label":" ","price":12.92},{"type":"A","date":"2018-03-22T02:50:32.000Z","volume":12000,"label":" ","price":12.92},{"type":"A","date":"2018-03-22T02:50:32.000Z","volume":1500,"label":" ","price":12.92},{"type":"A","date":"2018-03-22T02:50:32.000Z","volume":1500,"label":" ","price":12.92},{"type":"A","date":"2018-03-22T02:50:32.000Z","volume":10500,"label":" ","price":12.92},{"type":"A","date":"2018-03-22T02:50:32.000Z","volume":500,"label":" ","price":12.92},{"type":"A","date":"2018-03-22T02:50:32.000Z","volume":1500,"label":"Y","price":12.92},{"type":"A","date":"2018-03-22T02:50:33.000Z","volume":3000,"label":" ","price":12.92},{"type":"A","date":"2018-03-22T02:50:33.000Z","volume":500,"label":" ","price":12.92},{"type":"A","date":"2018-03-22T02:50:33.000Z","volume":2500,"label":" ","price":12.92},{"type":"A","date":"2018-03-22T02:50:33.000Z","volume":1500,"label":" ","price":12.92},{"type":"A","date":"2018-03-22T02:50:33.000Z","volume":2000,"label":" ","price":12.92},{"type":"A","date":"2018-03-22T02:50:33.000Z","volume":500,"label":" ","price":12.92},{"type":"B","date":"2018-03-22T02:50:53.000Z","volume":500,"label":" ","price":12.9},{"type":"A","date":"2018-03-22T02:51:07.000Z","volume":3000,"label":"Y","price":12.92},{"type":"A","date":"2018-03-22T02:51:07.000Z","volume":2000,"label":" ","price":12.92},{"type":"A","date":"2018-03-22T02:51:07.000Z","volume":500,"label":" ","price":12.92},{"type":"A","date":"2018-03-22T02:52:44.000Z","volume":2000,"label":" ","price":12.92},{"type":"A","date":"2018-03-22T02:53:27.000Z","volume":1500,"label":" ","price":12.92},{"type":"A","date":"2018-03-22T02:54:26.000Z","volume":10000,"label":" ","price":12.92},{"type":"A","date":"2018-03-22T02:54:26.000Z","volume":1000,"label":" ","price":12.92},{"type":"A","date":"2018-03-22T02:54:26.000Z","volume":1500,"label":" ","price":12.92},{"type":"A","date":"2018-03-22T02:54:26.000Z","volume":500,"label":" ","price":12.92},{"type":"A","date":"2018-03-22T02:55:20.000Z","volume":500,"label":" ","price":12.92},{"type":"A","date":"2018-03-22T02:56:07.000Z","volume":2500,"label":" ","price":12.92},{"type":"B","date":"2018-03-22T03:00:28.000Z","volume":2000,"label":" ","price":12.9},{"type":"A","date":"2018-03-22T03:00:28.000Z","volume":500,"label":" ","price":12.92},{"type":"A","date":"2018-03-22T03:00:29.000Z","volume":1500,"label":" ","price":12.92},{"type":"B","date":"2018-03-22T03:00:55.000Z","volume":500,"label":" ","price":12.9},{"type":"B","date":"2018-03-22T03:00:56.000Z","volume":500,"label":" ","price":12.9},{"type":"B","date":"2018-03-22T03:02:02.000Z","volume":6000,"label":" ","price":12.9},{"type":"A","date":"2018-03-22T03:02:02.000Z","volume":500,"label":" ","price":12.92},{"type":"B","date":"2018-03-22T03:02:07.000Z","volume":5000,"label":" ","price":12.9},{"type":"A","date":"2018-03-22T03:02:07.000Z","volume":500,"label":" ","price":12.92},{"type":"B","date":"2018-03-22T03:02:10.000Z","volume":500,"label":" ","price":12.9},{"type":"B","date":"2018-03-22T03:02:11.000Z","volume":8000,"label":" ","price":12.9},{"type":"A","date":"2018-03-22T03:03:19.000Z","volume":2500,"label":" ","price":12.92},{"type":"A","date":"2018-03-22T03:04:49.000Z","volume":1500,"label":" ","price":12.92},{"type":"B","date":"2018-03-22T03:05:44.000Z","volume":2000,"label":" ","price":12.9},{"type":"A","date":"2018-03-22T03:05:44.000Z","volume":1500,"label":" ","price":12.92},{"type":"A","date":"2018-03-22T03:05:56.000Z","volume":90000,"label":" ","price":12.92},{"type":"A","date":"2018-03-22T03:05:56.000Z","volume":5500,"label":" ","price":12.94},{"type":"A","date":"2018-03-22T03:05:56.000Z","volume":500,"label":" ","price":12.94},{"type":"A","date":"2018-03-22T03:06:02.000Z","volume":2000,"label":" ","price":12.94},{"type":"A","date":"2018-03-22T03:07:45.000Z","volume":2000,"label":" ","price":12.94},{"type":"A","date":"2018-03-22T03:07:45.000Z","volume":500,"label":" ","price":12.94},{"type":"B","date":"2018-03-22T03:07:54.000Z","volume":3000,"label":" ","price":12.92},{"type":"A","date":"2018-03-22T03:07:54.000Z","volume":1500,"label":" ","price":12.94},{"type":"A","date":"2018-03-22T03:07:54.000Z","volume":1500,"label":" ","price":12.94},{"type":"A","date":"2018-03-22T03:07:54.000Z","volume":2000,"label":" ","price":12.94},{"type":"A","date":"2018-03-22T03:07:54.000Z","volume":500,"label":" ","price":12.94},{"type":"A","date":"2018-03-22T03:07:54.000Z","volume":1500,"label":" ","price":12.94},{"type":"A","date":"2018-03-22T03:07:54.000Z","volume":1500,"label":" ","price":12.94},{"type":"A","date":"2018-03-22T03:07:54.000Z","volume":1500,"label":" ","price":12.94},{"type":"A","date":"2018-03-22T03:07:54.000Z","volume":500,"label":" ","price":12.94},{"type":"A","date":"2018-03-22T03:07:54.000Z","volume":1500,"label":" ","price":12.94},{"type":"A","date":"2018-03-22T03:07:54.000Z","volume":1500,"label":" ","price":12.94},{"type":"A","date":"2018-03-22T03:07:54.000Z","volume":500,"label":" ","price":12.94},{"type":"B","date":"2018-03-22T03:09:15.000Z","volume":500,"label":" ","price":12.92},{"type":"U","date":"2018-03-22T03:10:54.000Z","volume":500,"label":"X","price":12.92},{"type":"B","date":"2018-03-22T03:11:19.000Z","volume":500,"label":" ","price":12.92},{"type":"A","date":"2018-03-22T03:12:16.000Z","volume":1500,"label":" ","price":12.94},{"type":"A","date":"2018-03-22T03:12:26.000Z","volume":1500,"label":" ","price":12.94},{"type":"A","date":"2018-03-22T03:13:19.000Z","volume":2500,"label":" ","price":12.94},{"type":"A","date":"2018-03-22T03:13:19.000Z","volume":500,"label":" ","price":12.94},{"type":"B","date":"2018-03-22T03:13:19.000Z","volume":500,"label":" ","price":12.92},{"type":"B","date":"2018-03-22T03:15:31.000Z","volume":500,"label":" ","price":12.92},{"type":"A","date":"2018-03-22T03:16:28.000Z","volume":1500,"label":" ","price":12.94},{"type":"B","date":"2018-03-22T03:17:28.000Z","volume":500,"label":" ","price":12.92},{"type":"A","date":"2018-03-22T03:17:31.000Z","volume":500,"label":" ","price":12.94},{"type":"A","date":"2018-03-22T03:17:36.000Z","volume":1000,"label":" ","price":12.94},{"type":"A","date":"2018-03-22T03:18:21.000Z","volume":1500,"label":" ","price":12.94},{"type":"B","date":"2018-03-22T03:19:31.000Z","volume":500,"label":" ","price":12.92},{"type":"B","date":"2018-03-22T03:19:45.000Z","volume":500,"label":"Y","price":12.92},{"type":"B","date":"2018-03-22T03:19:45.000Z","volume":2500,"label":" ","price":12.92},{"type":"U","date":"2018-03-22T03:20:54.000Z","volume":500,"label":"X","price":12.92},{"type":"U","date":"2018-03-22T03:20:54.000Z","volume":500,"label":"X","price":12.92},{"type":"B","date":"2018-03-22T03:21:38.000Z","volume":500,"label":" ","price":12.92},{"type":"B","date":"2018-03-22T03:23:44.000Z","volume":500,"label":" ","price":12.92},{"type":"B","date":"2018-03-22T03:25:46.000Z","volume":500,"label":" ","price":12.92},{"type":"A","date":"2018-03-22T03:26:06.000Z","volume":1000,"label":" ","price":12.94},{"type":"A","date":"2018-03-22T03:26:06.000Z","volume":1500,"label":"Y","price":12.94},{"type":"A","date":"2018-03-22T03:26:06.000Z","volume":500,"label":" ","price":12.94},{"type":"A","date":"2018-03-22T03:27:16.000Z","volume":2000,"label":" ","price":12.94},{"type":"B","date":"2018-03-22T03:27:52.000Z","volume":500,"label":" ","price":12.92},{"type":"B","date":"2018-03-22T03:29:51.000Z","volume":500,"label":" ","price":12.92},{"type":"A","date":"2018-03-22T03:30:26.000Z","volume":500,"label":" ","price":12.94},{"type":"A","date":"2018-03-22T03:30:26.000Z","volume":500,"label":" ","price":12.94},{"type":"U","date":"2018-03-22T03:30:53.000Z","volume":500,"label":"X","price":12.92},{"type":"A","date":"2018-03-22T03:31:02.000Z","volume":1500,"label":" ","price":12.94},{"type":"A","date":"2018-03-22T03:31:04.000Z","volume":2500,"label":" ","price":12.94},{"type":"A","date":"2018-03-22T03:31:04.000Z","volume":500,"label":" ","price":12.94},{"type":"B","date":"2018-03-22T03:31:30.000Z","volume":500,"label":" ","price":12.92},{"type":"B","date":"2018-03-22T03:32:02.000Z","volume":500,"label":" ","price":12.92},{"type":"B","date":"2018-03-22T03:32:30.000Z","volume":500,"label":" ","price":12.92},{"type":"A","date":"2018-03-22T03:32:34.000Z","volume":1000,"label":" ","price":12.94},{"type":"A","date":"2018-03-22T03:33:00.000Z","volume":1500,"label":" ","price":12.94},{"type":"A","date":"2018-03-22T03:33:00.000Z","volume":1500,"label":"Y","price":12.94},{"type":"A","date":"2018-03-22T03:33:05.000Z","volume":500,"label":" ","price":12.94},{"type":"B","date":"2018-03-22T03:33:30.000Z","volume":500,"label":" ","price":12.92},{"type":"A","date":"2018-03-22T03:33:30.000Z","volume":500,"label":" ","price":12.94},{"type":"A","date":"2018-03-22T03:33:30.000Z","volume":2000,"label":" ","price":12.94},{"type":"A","date":"2018-03-22T03:33:54.000Z","volume":500,"label":" ","price":12.94},{"type":"B","date":"2018-03-22T03:34:01.000Z","volume":500,"label":" ","price":12.92},{"type":"B","date":"2018-03-22T03:35:00.000Z","volume":500,"label":" ","price":12.92},{"type":"B","date":"2018-03-22T03:35:24.000Z","volume":500,"label":" ","price":12.92},{"type":"A","date":"2018-03-22T03:35:31.000Z","volume":500,"label":" ","price":12.94},{"type":"A","date":"2018-03-22T03:35:36.000Z","volume":1000,"label":" ","price":12.94},{"type":"A","date":"2018-03-22T03:35:56.000Z","volume":18500,"label":" ","price":12.94},{"type":"A","date":"2018-03-22T03:35:56.000Z","volume":1500,"label":" ","price":12.94},{"type":"A","date":"2018-03-22T03:35:56.000Z","volume":1500,"label":" ","price":12.94},{"type":"A","date":"2018-03-22T03:35:56.000Z","volume":1500,"label":" ","price":12.94},{"type":"A","date":"2018-03-22T03:35:56.000Z","volume":1500,"label":" ","price":12.94},{"type":"A","date":"2018-03-22T03:35:56.000Z","volume":500,"label":" ","price":12.94},{"type":"A","date":"2018-03-22T03:35:56.000Z","volume":500,"label":" ","price":12.94},{"type":"A","date":"2018-03-22T03:35:58.000Z","volume":500,"label":" ","price":12.94},{"type":"B","date":"2018-03-22T03:36:00.000Z","volume":500,"label":" ","price":12.92},{"type":"A","date":"2018-03-22T03:36:00.000Z","volume":500,"label":" ","price":12.94},{"type":"B","date":"2018-03-22T03:36:09.000Z","volume":500,"label":" ","price":12.92},{"type":"A","date":"2018-03-22T03:36:09.000Z","volume":500,"label":" ","price":12.94},{"type":"A","date":"2018-03-22T03:36:21.000Z","volume":500,"label":" ","price":12.94},{"type":"B","date":"2018-03-22T03:37:00.000Z","volume":500,"label":" ","price":12.92},{"type":"B","date":"2018-03-22T03:37:30.000Z","volume":500,"label":" ","price":12.92},{"type":"A","date":"2018-03-22T03:37:57.000Z","volume":1500,"label":" ","price":12.94},{"type":"A","date":"2018-03-22T03:37:57.000Z","volume":1500,"label":" ","price":12.94},{"type":"A","date":"2018-03-22T03:37:57.000Z","volume":500,"label":" ","price":12.94},{"type":"A","date":"2018-03-22T03:38:00.000Z","volume":500,"label":" ","price":12.94},{"type":"A","date":"2018-03-22T03:38:00.000Z","volume":2000,"label":" ","price":12.94},{"type":"A","date":"2018-03-22T03:38:02.000Z","volume":500,"label":" ","price":12.94},{"type":"B","date":"2018-03-22T03:38:10.000Z","volume":500,"label":" ","price":12.92},{"type":"A","date":"2018-03-22T03:38:10.000Z","volume":500,"label":" ","price":12.94},{"type":"B","date":"2018-03-22T03:38:30.000Z","volume":500,"label":" ","price":12.92},{"type":"B","date":"2018-03-22T03:39:30.000Z","volume":500,"label":" ","price":12.92},{"type":"A","date":"2018-03-22T03:39:32.000Z","volume":500,"label":" ","price":12.94},{"type":"A","date":"2018-03-22T03:39:41.000Z","volume":500,"label":" ","price":12.94},{"type":"B","date":"2018-03-22T03:40:16.000Z","volume":500,"label":" ","price":12.92},{"type":"A","date":"2018-03-22T03:40:17.000Z","volume":2000,"label":" ","price":12.94},{"type":"A","date":"2018-03-22T03:40:17.000Z","volume":500,"label":" ","price":12.94},{"type":"A","date":"2018-03-22T03:40:18.000Z","volume":500,"label":" ","price":12.94},{"type":"A","date":"2018-03-22T03:40:18.000Z","volume":1500,"label":" ","price":12.94},{"type":"U","date":"2018-03-22T03:40:58.000Z","volume":500,"label":"X","price":12.92},{"type":"B","date":"2018-03-22T03:41:00.000Z","volume":500,"label":" ","price":12.92},{"type":"A","date":"2018-03-22T03:41:01.000Z","volume":500,"label":" ","price":12.94},{"type":"B","date":"2018-03-22T03:42:00.000Z","volume":500,"label":" ","price":12.92},{"type":"B","date":"2018-03-22T03:42:24.000Z","volume":500,"label":" ","price":12.92},{"type":"B","date":"2018-03-22T03:42:30.000Z","volume":500,"label":" ","price":12.92},{"type":"A","date":"2018-03-22T03:42:31.000Z","volume":1000,"label":" ","price":12.94},{"type":"B","date":"2018-03-22T03:43:30.000Z","volume":500,"label":" ","price":12.92},{"type":"A","date":"2018-03-22T03:43:30.000Z","volume":500,"label":" ","price":12.94},{"type":"A","date":"2018-03-22T03:43:30.000Z","volume":500,"label":" ","price":12.94},{"type":"B","date":"2018-03-22T03:44:26.000Z","volume":500,"label":" ","price":12.92},{"type":"B","date":"2018-03-22T03:44:30.000Z","volume":500,"label":" ","price":12.92},{"type":"U","date":"2018-03-22T03:44:30.000Z","volume":2500,"label":"X","price":12.94},{"type":"A","date":"2018-03-22T03:45:06.000Z","volume":2000,"label":" ","price":12.94},{"type":"A","date":"2018-03-22T03:45:08.000Z","volume":500,"label":" ","price":12.94},{"type":"B","date":"2018-03-22T03:46:00.000Z","volume":500,"label":" ","price":12.92},{"type":"B","date":"2018-03-22T03:46:25.000Z","volume":500,"label":" ","price":12.92},{"type":"B","date":"2018-03-22T03:47:00.000Z","volume":500,"label":" ","price":12.92},{"type":"A","date":"2018-03-22T03:47:23.000Z","volume":3000,"label":" ","price":12.94},{"type":"A","date":"2018-03-22T03:47:23.000Z","volume":1500,"label":" ","price":12.94},{"type":"A","date":"2018-03-22T03:47:23.000Z","volume":500,"label":" ","price":12.94},{"type":"A","date":"2018-03-22T03:47:25.000Z","volume":1000,"label":" ","price":12.94},{"type":"B","date":"2018-03-22T03:47:30.000Z","volume":500,"label":" ","price":12.92},{"type":"B","date":"2018-03-22T03:47:43.000Z","volume":500,"label":" ","price":12.92},{"type":"A","date":"2018-03-22T03:47:46.000Z","volume":500,"label":" ","price":12.94},{"type":"A","date":"2018-03-22T03:48:25.000Z","volume":1000,"label":" ","price":12.94},{"type":"B","date":"2018-03-22T03:48:29.000Z","volume":500,"label":" ","price":12.92},{"type":"B","date":"2018-03-22T03:48:30.000Z","volume":500,"label":" ","price":12.92},{"type":"B","date":"2018-03-22T03:49:30.000Z","volume":500,"label":" ","price":12.92},{"type":"A","date":"2018-03-22T03:50:14.000Z","volume":1000,"label":" ","price":12.94},{"type":"A","date":"2018-03-22T03:50:14.000Z","volume":500,"label":" ","price":12.94},{"type":"A","date":"2018-03-22T03:50:31.000Z","volume":500,"label":" ","price":12.94},{"type":"B","date":"2018-03-22T03:50:40.000Z","volume":500,"label":" ","price":12.92},{"type":"A","date":"2018-03-22T03:50:42.000Z","volume":500,"label":" ","price":12.94},{"type":"B","date":"2018-03-22T03:50:55.000Z","volume":500,"label":" ","price":12.92},{"type":"B","date":"2018-03-22T03:50:59.000Z","volume":500,"label":"Y","price":12.92},{"type":"A","date":"2018-03-22T03:51:02.000Z","volume":500,"label":" ","price":12.94},{"type":"B","date":"2018-03-22T03:52:25.000Z","volume":17500,"label":" ","price":12.92},{"type":"U","date":"2018-03-22T03:52:25.000Z","volume":1500,"label":"X","price":12.94},{"type":"B","date":"2018-03-22T03:52:44.000Z","volume":500,"label":" ","price":12.92},{"type":"B","date":"2018-03-22T03:54:48.000Z","volume":500,"label":" ","price":12.92},{"type":"B","date":"2018-03-22T03:56:49.000Z","volume":500,"label":" ","price":12.92},{"type":"A","date":"2018-03-22T03:58:29.000Z","volume":3000,"label":" ","price":12.94},{"type":"B","date":"2018-03-22T03:58:57.000Z","volume":500,"label":" ","price":12.92},{"type":"A","date":"2018-03-22T03:59:16.000Z","volume":500,"label":" ","price":12.94},{"type":"A","date":"2018-03-22T05:00:06.000Z","volume":2000,"label":" ","price":12.94},{"type":"B","date":"2018-03-22T05:01:44.000Z","volume":500,"label":" ","price":12.92},{"type":"A","date":"2018-03-22T05:01:44.000Z","volume":500,"label":" ","price":12.94},{"type":"B","date":"2018-03-22T05:01:50.000Z","volume":1000,"label":" ","price":12.92},{"type":"B","date":"2018-03-22T05:01:59.000Z","volume":500,"label":" ","price":12.92},{"type":"B","date":"2018-03-22T05:04:04.000Z","volume":500,"label":" ","price":12.92},{"type":"B","date":"2018-03-22T05:06:10.000Z","volume":500,"label":" ","price":12.92},{"type":"B","date":"2018-03-22T05:08:16.000Z","volume":500,"label":" ","price":12.92},{"type":"A","date":"2018-03-22T05:09:29.000Z","volume":1500,"label":" ","price":12.94},{"type":"B","date":"2018-03-22T05:10:20.000Z","volume":500,"label":" ","price":12.92},{"type":"B","date":"2018-03-22T05:12:21.000Z","volume":500,"label":" ","price":12.92},{"type":"A","date":"2018-03-22T05:13:14.000Z","volume":1000,"label":" ","price":12.94},{"type":"B","date":"2018-03-22T05:14:28.000Z","volume":500,"label":" ","price":12.92},{"type":"B","date":"2018-03-22T05:16:34.000Z","volume":500,"label":" ","price":12.92},{"type":"A","date":"2018-03-22T05:17:31.000Z","volume":500,"label":" ","price":12.94},{"type":"A","date":"2018-03-22T05:18:38.000Z","volume":1000,"label":" ","price":12.94},{"type":"B","date":"2018-03-22T05:18:44.000Z","volume":500,"label":" ","price":12.92},{"type":"A","date":"2018-03-22T05:19:09.000Z","volume":1000,"label":" ","price":12.94},{"type":"B","date":"2018-03-22T05:20:04.000Z","volume":10000,"label":" ","price":12.92},{"type":"B","date":"2018-03-22T05:20:04.000Z","volume":3000,"label":" ","price":12.92},{"type":"B","date":"2018-03-22T05:20:43.000Z","volume":500,"label":" ","price":12.9},{"type":"B","date":"2018-03-22T05:22:52.000Z","volume":500,"label":" ","price":12.9},{"type":"B","date":"2018-03-22T05:24:14.000Z","volume":7000,"label":" ","price":12.9},{"type":"A","date":"2018-03-22T05:24:14.000Z","volume":500,"label":" ","price":12.9},{"type":"B","date":"2018-03-22T05:24:52.000Z","volume":500,"label":" ","price":12.88},{"type":"B","date":"2018-03-22T05:26:43.000Z","volume":4000,"label":" ","price":12.88},{"type":"B","date":"2018-03-22T05:26:54.000Z","volume":500,"label":" ","price":12.88},{"type":"B","date":"2018-03-22T05:29:03.000Z","volume":500,"label":" ","price":12.88},{"type":"B","date":"2018-03-22T05:29:55.000Z","volume":500,"label":" ","price":12.88},{"type":"B","date":"2018-03-22T05:31:03.000Z","volume":500,"label":" ","price":12.88},{"type":"B","date":"2018-03-22T05:31:45.000Z","volume":500,"label":" ","price":12.88},{"type":"B","date":"2018-03-22T05:32:50.000Z","volume":1500,"label":"Y","price":12.88},{"type":"B","date":"2018-03-22T05:32:50.000Z","volume":6500,"label":" ","price":12.88},{"type":"B","date":"2018-03-22T05:32:50.000Z","volume":500,"label":" ","price":12.88},{"type":"B","date":"2018-03-22T05:33:17.000Z","volume":500,"label":" ","price":12.86},{"type":"A","date":"2018-03-22T05:34:08.000Z","volume":500,"label":" ","price":12.88},{"type":"B","date":"2018-03-22T05:35:11.000Z","volume":500,"label":" ","price":12.86},{"type":"B","date":"2018-03-22T05:37:19.000Z","volume":500,"label":" ","price":12.86},{"type":"A","date":"2018-03-22T05:38:11.000Z","volume":1000,"label":" ","price":12.88},{"type":"B","date":"2018-03-22T05:39:17.000Z","volume":500,"label":" ","price":12.86},{"type":"A","date":"2018-03-22T05:39:55.000Z","volume":81500,"label":" ","price":12.88},{"type":"A","date":"2018-03-22T05:39:55.000Z","volume":500,"label":" ","price":12.9},{"type":"A","date":"2018-03-22T05:39:55.000Z","volume":5000,"label":" ","price":12.9},{"type":"A","date":"2018-03-22T05:39:55.000Z","volume":1500,"label":" ","price":12.92},{"type":"A","date":"2018-03-22T05:39:55.000Z","volume":2000,"label":" ","price":12.92},{"type":"A","date":"2018-03-22T05:39:55.000Z","volume":1500,"label":" ","price":12.92},{"type":"A","date":"2018-03-22T05:39:56.000Z","volume":1500,"label":" ","price":12.92},{"type":"A","date":"2018-03-22T05:39:56.000Z","volume":1500,"label":" ","price":12.92},{"type":"A","date":"2018-03-22T05:39:56.000Z","volume":1500,"label":" ","price":12.92},{"type":"A","date":"2018-03-22T05:39:56.000Z","volume":1500,"label":" ","price":12.92},{"type":"A","date":"2018-03-22T05:39:56.000Z","volume":1500,"label":" ","price":12.92},{"type":"U","date":"2018-03-22T05:40:03.000Z","volume":500,"label":" ","price":12.9},{"type":"U","date":"2018-03-22T05:40:03.000Z","volume":500,"label":" ","price":12.9},{"type":"A","date":"2018-03-22T05:40:03.000Z","volume":500,"label":" ","price":12.9},{"type":"B","date":"2018-03-22T05:41:19.000Z","volume":500,"label":" ","price":12.88},{"type":"B","date":"2018-03-22T05:41:23.000Z","volume":6000,"label":" ","price":12.88},{"type":"B","date":"2018-03-22T05:41:27.000Z","volume":4000,"label":" ","price":12.88},{"type":"A","date":"2018-03-22T05:41:31.000Z","volume":500,"label":" ","price":12.9},{"type":"B","date":"2018-03-22T05:41:35.000Z","volume":500,"label":" ","price":12.88},{"type":"B","date":"2018-03-22T05:41:35.000Z","volume":16000,"label":" ","price":12.86},{"type":"B","date":"2018-03-22T05:41:41.000Z","volume":2500,"label":" ","price":12.88},{"type":"B","date":"2018-03-22T05:41:44.000Z","volume":500,"label":" ","price":12.88},{"type":"B","date":"2018-03-22T05:41:47.000Z","volume":1000,"label":" ","price":12.88},{"type":"A","date":"2018-03-22T05:43:16.000Z","volume":90000,"label":" ","price":12.88},{"type":"A","date":"2018-03-22T05:43:16.000Z","volume":1000,"label":" ","price":12.9},{"type":"U","date":"2018-03-22T05:43:16.000Z","volume":500,"label":"X","price":12.9},{"type":"A","date":"2018-03-22T05:43:16.000Z","volume":1000,"label":" ","price":12.9},{"type":"A","date":"2018-03-22T05:43:17.000Z","volume":2500,"label":" ","price":12.92},{"type":"B","date":"2018-03-22T05:43:35.000Z","volume":500,"label":" ","price":12.88},{"type":"U","date":"2018-03-22T05:44:30.000Z","volume":2500,"label":"X","price":12.92},{"type":"B","date":"2018-03-22T05:45:42.000Z","volume":500,"label":" ","price":12.88},{"type":"B","date":"2018-03-22T05:47:44.000Z","volume":500,"label":" ","price":12.88},{"type":"B","date":"2018-03-22T05:49:29.000Z","volume":1000,"label":" ","price":12.88},{"type":"A","date":"2018-03-22T05:49:43.000Z","volume":500,"label":" ","price":12.9},{"type":"B","date":"2018-03-22T05:51:29.000Z","volume":500,"label":" ","price":12.9},{"type":"B","date":"2018-03-22T05:51:32.000Z","volume":2500,"label":" ","price":12.9},{"type":"B","date":"2018-03-22T05:51:39.000Z","volume":500,"label":" ","price":12.9},{"type":"B","date":"2018-03-22T05:51:45.000Z","volume":500,"label":" ","price":12.9},{"type":"U","date":"2018-03-22T05:52:23.000Z","volume":2000,"label":"X","price":12.92},{"type":"U","date":"2018-03-22T05:52:23.000Z","volume":500,"label":"X","price":12.92},{"type":"B","date":"2018-03-22T05:52:59.000Z","volume":500,"label":" ","price":12.9},{"type":"B","date":"2018-03-22T05:53:47.000Z","volume":500,"label":" ","price":12.9},{"type":"B","date":"2018-03-22T05:55:50.000Z","volume":500,"label":" ","price":12.9},{"type":"B","date":"2018-03-22T05:56:05.000Z","volume":6500,"label":" ","price":12.9},{"type":"B","date":"2018-03-22T05:56:27.000Z","volume":500,"label":" ","price":12.88},{"type":"B","date":"2018-03-22T05:57:55.000Z","volume":500,"label":" ","price":12.88},{"type":"B","date":"2018-03-22T05:59:50.000Z","volume":500,"label":" ","price":12.88},{"type":"B","date":"2018-03-22T06:01:07.000Z","volume":500,"label":"Y","price":12.88},{"type":"B","date":"2018-03-22T06:01:31.000Z","volume":500,"label":" ","price":12.88},{"type":"B","date":"2018-03-22T06:02:30.000Z","volume":500,"label":" ","price":12.88},{"type":"A","date":"2018-03-22T06:03:00.000Z","volume":500,"label":" ","price":12.9},{"type":"B","date":"2018-03-22T06:03:30.000Z","volume":500,"label":" ","price":12.88},{"type":"B","date":"2018-03-22T06:04:30.000Z","volume":500,"label":" ","price":12.88},{"type":"B","date":"2018-03-22T06:05:30.000Z","volume":500,"label":" ","price":12.88},{"type":"B","date":"2018-03-22T06:05:51.000Z","volume":1000,"label":"Y","price":12.88},{"type":"B","date":"2018-03-22T06:06:23.000Z","volume":500,"label":" ","price":12.88},{"type":"B","date":"2018-03-22T06:07:00.000Z","volume":500,"label":" ","price":12.88},{"type":"B","date":"2018-03-22T06:07:21.000Z","volume":500,"label":"Y","price":12.88},{"type":"B","date":"2018-03-22T06:08:00.000Z","volume":500,"label":" ","price":12.88},{"type":"B","date":"2018-03-22T06:09:00.000Z","volume":500,"label":" ","price":12.88},{"type":"A","date":"2018-03-22T06:09:25.000Z","volume":20000,"label":" ","price":12.9},{"type":"U","date":"2018-03-22T06:09:25.000Z","volume":500,"label":"X","price":12.9},{"type":"B","date":"2018-03-22T06:10:21.000Z","volume":500,"label":" ","price":12.88},{"type":"B","date":"2018-03-22T06:11:30.000Z","volume":500,"label":" ","price":12.88},{"type":"B","date":"2018-03-22T06:11:46.000Z","volume":500,"label":"Y","price":12.88},{"type":"B","date":"2018-03-22T06:12:30.000Z","volume":500,"label":" ","price":12.88},{"type":"A","date":"2018-03-22T06:12:54.000Z","volume":500,"label":" ","price":12.9},{"type":"B","date":"2018-03-22T06:13:21.000Z","volume":500,"label":" ","price":12.88},{"type":"B","date":"2018-03-22T06:14:00.000Z","volume":500,"label":" ","price":12.88},{"type":"B","date":"2018-03-22T06:15:00.000Z","volume":500,"label":" ","price":12.88},{"type":"B","date":"2018-03-22T06:16:00.000Z","volume":500,"label":" ","price":12.88},{"type":"B","date":"2018-03-22T06:16:21.000Z","volume":500,"label":"Y","price":12.88},{"type":"B","date":"2018-03-22T06:17:00.000Z","volume":500,"label":"Y","price":12.88},{"type":"B","date":"2018-03-22T06:17:30.000Z","volume":500,"label":" ","price":12.88},{"type":"A","date":"2018-03-22T06:17:30.000Z","volume":2000,"label":" ","price":12.9},{"type":"B","date":"2018-03-22T06:18:30.000Z","volume":500,"label":" ","price":12.88},{"type":"B","date":"2018-03-22T06:19:23.000Z","volume":500,"label":"Y","price":12.88},{"type":"B","date":"2018-03-22T06:19:31.000Z","volume":500,"label":" ","price":12.88},{"type":"B","date":"2018-03-22T06:20:22.000Z","volume":500,"label":"Y","price":12.88},{"type":"B","date":"2018-03-22T06:22:52.000Z","volume":500,"label":"Y","price":12.88},{"type":"A","date":"2018-03-22T06:23:31.000Z","volume":500,"label":" ","price":12.9},{"type":"B","date":"2018-03-22T06:26:22.000Z","volume":500,"label":" ","price":12.88},{"type":"B","date":"2018-03-22T06:29:52.000Z","volume":500,"label":"Y","price":12.88},{"type":"A","date":"2018-03-22T06:30:53.000Z","volume":500,"label":" ","price":12.9},{"type":"B","date":"2018-03-22T06:31:40.000Z","volume":500,"label":"Y","price":12.88},{"type":"B","date":"2018-03-22T06:32:52.000Z","volume":500,"label":"Y","price":12.88},{"type":"B","date":"2018-03-22T06:33:24.000Z","volume":500,"label":"Y","price":12.88},{"type":"A","date":"2018-03-22T06:35:08.000Z","volume":1000,"label":" ","price":12.9},{"type":"A","date":"2018-03-22T06:35:25.000Z","volume":1000,"label":" ","price":12.9},{"type":"B","date":"2018-03-22T06:35:52.000Z","volume":500,"label":" ","price":12.88},{"type":"B","date":"2018-03-22T06:39:22.000Z","volume":500,"label":"Y","price":12.88},{"type":"B","date":"2018-03-22T06:40:32.000Z","volume":3000,"label":" ","price":12.88},{"type":"A","date":"2018-03-22T06:41:31.000Z","volume":500,"label":" ","price":12.9},{"type":"A","date":"2018-03-22T06:41:58.000Z","volume":1000,"label":" ","price":12.9},{"type":"A","date":"2018-03-22T06:42:01.000Z","volume":500,"label":" ","price":12.9},{"type":"B","date":"2018-03-22T06:42:22.000Z","volume":500,"label":"Y","price":12.88},{"type":"A","date":"2018-03-22T06:42:36.000Z","volume":500,"label":" ","price":12.9},{"type":"A","date":"2018-03-22T06:42:36.000Z","volume":500,"label":" ","price":12.9},{"type":"B","date":"2018-03-22T06:45:22.000Z","volume":500,"label":"Y","price":12.88},{"type":"B","date":"2018-03-22T06:46:24.000Z","volume":500,"label":" ","price":12.88},{"type":"A","date":"2018-03-22T06:48:26.000Z","volume":1500,"label":" ","price":12.9},{"type":"B","date":"2018-03-22T06:48:26.000Z","volume":4000,"label":" ","price":12.88},{"type":"B","date":"2018-03-22T06:48:52.000Z","volume":500,"label":"Y","price":12.86},{"type":"U","date":"2018-03-22T06:49:52.000Z","volume":500,"label":" ","price":12.88},{"type":"B","date":"2018-03-22T06:49:56.000Z","volume":2500,"label":" ","price":12.86},{"type":"A","date":"2018-03-22T06:51:25.000Z","volume":45000,"label":" ","price":12.86},{"type":"B","date":"2018-03-22T06:51:52.000Z","volume":500,"label":"Y","price":12.84},{"type":"U","date":"2018-03-22T06:52:28.000Z","volume":2000,"label":"X","price":12.88},{"type":"B","date":"2018-03-22T06:54:53.000Z","volume":500,"label":"Y","price":12.84},{"type":"U","date":"2018-03-22T06:56:36.000Z","volume":1000,"label":"X","price":12.88},{"type":"A","date":"2018-03-22T06:56:36.000Z","volume":1000,"label":"Y","price":12.88},{"type":"B","date":"2018-03-22T06:58:23.000Z","volume":500,"label":"Y","price":12.84},{"type":"B","date":"2018-03-22T06:59:54.000Z","volume":500,"label":"Y","price":12.84},{"type":"U","date":"2018-03-22T07:01:19.000Z","volume":2000,"label":"X","price":12.88},{"type":"B","date":"2018-03-22T07:01:23.000Z","volume":500,"label":" ","price":12.84},{"type":"A","date":"2018-03-22T07:03:04.000Z","volume":1000,"label":" ","price":12.88},{"type":"B","date":"2018-03-22T07:03:15.000Z","volume":2000,"label":" ","price":12.84},{"type":"B","date":"2018-03-22T07:04:23.000Z","volume":500,"label":" ","price":12.84},{"type":"B","date":"2018-03-22T07:05:23.000Z","volume":3000,"label":" ","price":12.84},{"type":"B","date":"2018-03-22T07:05:29.000Z","volume":500,"label":"Y","price":12.82},{"type":"B","date":"2018-03-22T07:05:29.000Z","volume":4000,"label":" ","price":12.82},{"type":"A","date":"2018-03-22T07:06:41.000Z","volume":41000,"label":" ","price":12.84},{"type":"B","date":"2018-03-22T07:07:53.000Z","volume":500,"label":" ","price":12.82},{"type":"U","date":"2018-03-22T07:08:42.000Z","volume":1000,"label":"X","price":12.86},{"type":"A","date":"2018-03-22T07:08:42.000Z","volume":1500,"label":" ","price":12.86},{"type":"B","date":"2018-03-22T07:10:10.000Z","volume":1000,"label":" ","price":12.82},{"type":"A","date":"2018-03-22T07:10:28.000Z","volume":2000,"label":" ","price":12.82},{"type":"B","date":"2018-03-22T07:10:28.000Z","volume":14500,"label":" ","price":12.8},{"type":"B","date":"2018-03-22T07:10:28.000Z","volume":2000,"label":" ","price":12.78},{"type":"A","date":"2018-03-22T07:12:47.000Z","volume":4000,"label":" ","price":12.8},{"type":"A","date":"2018-03-22T07:12:53.000Z","volume":1000,"label":"Y","price":12.8},{"type":"A","date":"2018-03-22T07:12:53.000Z","volume":1000,"label":" ","price":12.8},{"type":"U","date":"2018-03-22T07:12:53.000Z","volume":2000,"label":"X","price":12.82},{"type":"B","date":"2018-03-22T07:14:53.000Z","volume":1000,"label":" ","price":12.8},{"type":"B","date":"2018-03-22T07:15:30.000Z","volume":2000,"label":" ","price":12.8},{"type":"B","date":"2018-03-22T07:15:55.000Z","volume":500,"label":" ","price":12.8},{"type":"U","date":"2018-03-22T07:15:55.000Z","volume":1000,"label":"X","price":12.82},{"type":"A","date":"2018-03-22T07:16:51.000Z","volume":2000,"label":" ","price":12.82},{"type":"B","date":"2018-03-22T07:19:05.000Z","volume":2500,"label":" ","price":12.8},{"type":"A","date":"2018-03-22T07:20:31.000Z","volume":15500,"label":" ","price":12.8},{"type":"B","date":"2018-03-22T07:20:58.000Z","volume":500,"label":" ","price":12.78},{"type":"A","date":"2018-03-22T07:24:33.000Z","volume":10000,"label":" ","price":12.82},{"type":"U","date":"2018-03-22T07:24:33.000Z","volume":1500,"label":"X","price":12.82},{"type":"A","date":"2018-03-22T07:26:12.000Z","volume":15000,"label":" ","price":12.8},{"type":"B","date":"2018-03-22T07:26:25.000Z","volume":5000,"label":" ","price":12.8},{"type":"A","date":"2018-03-22T07:30:40.000Z","volume":10000,"label":" ","price":12.8},{"type":"U","date":"2018-03-22T07:30:40.000Z","volume":1500,"label":"X","price":12.8},{"type":"B","date":"2018-03-22T07:31:00.000Z","volume":500,"label":" ","price":12.78},{"type":"A","date":"2018-03-22T07:31:03.000Z","volume":6000,"label":" ","price":12.8},{"type":"A","date":"2018-03-22T07:32:29.000Z","volume":1500,"label":" ","price":12.82},{"type":"U","date":"2018-03-22T07:32:29.000Z","volume":2500,"label":"X","price":12.82},{"type":"A","date":"2018-03-22T07:35:21.000Z","volume":1000,"label":" ","price":12.82},{"type":"A","date":"2018-03-22T07:38:08.000Z","volume":1000,"label":" ","price":12.82},{"type":"B","date":"2018-03-22T07:38:30.000Z","volume":10000,"label":" ","price":12.8},{"type":"B","date":"2018-03-22T07:38:30.000Z","volume":500,"label":" ","price":12.8},{"type":"B","date":"2018-03-22T07:39:54.000Z","volume":1000,"label":"Y","price":12.8},{"type":"B","date":"2018-03-22T07:39:54.000Z","volume":2000,"label":" ","price":12.8},{"type":"B","date":"2018-03-22T07:43:56.000Z","volume":500,"label":" ","price":12.78},{"type":"U","date":"2018-03-22T07:43:56.000Z","volume":500,"label":"X","price":12.8},{"type":"A","date":"2018-03-22T07:43:56.000Z","volume":1000,"label":" ","price":12.8},{"type":"A","date":"2018-03-22T07:46:04.000Z","volume":1000,"label":" ","price":12.8},{"type":"A","date":"2018-03-22T07:46:33.000Z","volume":30500,"label":" ","price":12.8},{"type":"A","date":"2018-03-22T07:47:31.000Z","volume":500,"label":" ","price":12.82},{"type":"U","date":"2018-03-22T07:48:22.000Z","volume":2000,"label":"X","price":12.82},{"type":"A","date":"2018-03-22T07:48:29.000Z","volume":1000,"label":" ","price":12.82},{"type":"A","date":"2018-03-22T07:48:48.000Z","volume":6000,"label":" ","price":12.8},{"type":"A","date":"2018-03-22T07:49:41.000Z","volume":500,"label":" ","price":12.82},{"type":"A","date":"2018-03-22T07:51:05.000Z","volume":1000,"label":" ","price":12.8},{"type":"U","date":"2018-03-22T07:51:05.000Z","volume":1000,"label":"X","price":12.8},{"type":"A","date":"2018-03-22T07:51:05.000Z","volume":1000,"label":" ","price":12.8},{"type":"B","date":"2018-03-22T07:51:12.000Z","volume":500,"label":" ","price":12.78},{"type":"A","date":"2018-03-22T07:51:40.000Z","volume":1000,"label":" ","price":12.8},{"type":"A","date":"2018-03-22T07:53:18.000Z","volume":2000,"label":" ","price":12.8},{"type":"A","date":"2018-03-22T07:54:10.000Z","volume":1000,"label":" ","price":12.8},{"type":"B","date":"2018-03-22T07:54:14.000Z","volume":12000,"label":" ","price":12.78},{"type":"B","date":"2018-03-22T07:54:15.000Z","volume":1500,"label":" ","price":12.78},{"type":"B","date":"2018-03-22T07:54:21.000Z","volume":500,"label":" ","price":12.78},{"type":"B","date":"2018-03-22T07:54:32.000Z","volume":1000,"label":" ","price":12.78},{"type":"A","date":"2018-03-22T07:56:54.000Z","volume":8500,"label":" ","price":12.8},{"type":"B","date":"2018-03-22T07:57:26.000Z","volume":500,"label":" ","price":12.78},{"type":"B","date":"2018-03-22T07:57:56.000Z","volume":500,"label":" ","price":12.78},{"type":"A","date":"2018-03-22T07:57:59.000Z","volume":1500,"label":" ","price":12.8},{"type":"A","date":"2018-03-22T07:58:10.000Z","volume":1000,"label":" ","price":12.8},{"type":"B","date":"2018-03-22T07:58:24.000Z","volume":43500,"label":" ","price":12.78},{"type":"B","date":"2018-03-22T07:58:26.000Z","volume":500,"label":" ","price":12.76},{"type":"B","date":"2018-03-22T07:58:26.000Z","volume":3500,"label":" ","price":12.76},{"type":"B","date":"2018-03-22T07:58:36.000Z","volume":3000,"label":" ","price":12.76},{"type":"U","date":"2018-03-22T07:58:40.000Z","volume":1000,"label":"X","price":12.78},{"type":"B","date":"2018-03-22T07:59:00.000Z","volume":2000,"label":" ","price":12.76},{"type":"B","date":"2018-03-22T07:59:00.000Z","volume":1500,"label":" ","price":12.76},{"type":"B","date":"2018-03-22T07:59:00.000Z","volume":500,"label":" ","price":12.76},{"type":"B","date":"2018-03-22T07:59:00.000Z","volume":1500,"label":" ","price":12.76},{"type":"B","date":"2018-03-22T07:59:03.000Z","volume":500,"label":"Y","price":12.76},{"type":"B","date":"2018-03-22T07:59:04.000Z","volume":1000,"label":" ","price":12.76},{"type":"A","date":"2018-03-22T07:59:04.000Z","volume":2000,"label":" ","price":12.78},{"type":"A","date":"2018-03-22T07:59:10.000Z","volume":23000,"label":" ","price":12.78},{"type":"A","date":"2018-03-22T07:59:10.000Z","volume":1000,"label":" ","price":12.78},{"type":"B","date":"2018-03-22T07:59:11.000Z","volume":500,"label":" ","price":12.76},{"type":"A","date":"2018-03-22T07:59:11.000Z","volume":500,"label":"Y","price":12.78},{"type":"A","date":"2018-03-22T07:59:16.000Z","volume":500,"label":" ","price":12.78},{"type":"B","date":"2018-03-22T07:59:23.000Z","volume":500,"label":" ","price":12.78},{"type":"A","date":"2018-03-22T07:59:25.000Z","volume":500,"label":" ","price":12.8},{"type":"B","date":"2018-03-22T07:59:26.000Z","volume":500,"label":" ","price":12.78},{"type":"B","date":"2018-03-22T07:59:26.000Z","volume":500,"label":" ","price":12.78},{"type":"A","date":"2018-03-22T07:59:32.000Z","volume":133000,"label":" ","price":12.8},{"type":"B","date":"2018-03-22T07:59:37.000Z","volume":1000,"label":" ","price":12.78},{"type":"A","date":"2018-03-22T07:59:37.000Z","volume":1500,"label":" ","price":12.78},{"type":"B","date":"2018-03-22T07:59:40.000Z","volume":1000,"label":" ","price":12.78},{"type":"B","date":"2018-03-22T07:59:41.000Z","volume":1500,"label":" ","price":12.76},{"type":"B","date":"2018-03-22T07:59:43.000Z","volume":2000,"label":" ","price":12.76},{"type":"U","date":"2018-03-22T08:08:15.000Z","volume":11500,"label":"U","price":12.8}]