[{"type":"A","date":"2018-05-02T01:30:22.000Z","volume":2000,"label":" ","price":1.97},{"type":"A","date":"2018-05-02T01:40:09.000Z","volume":2000,"label":" ","price":1.97},{"type":"A","date":"2018-05-02T01:41:12.000Z","volume":2000,"label":" ","price":1.97},{"type":"A","date":"2018-05-02T01:52:00.000Z","volume":2000,"label":" ","price":1.96},{"type":"B","date":"2018-05-02T01:57:32.000Z","volume":8000,"label":" ","price":1.95},{"type":"A","date":"2018-05-02T03:08:26.000Z","volume":2000,"label":" ","price":1.96},{"type":"A","date":"2018-05-02T03:08:32.000Z","volume":2000,"label":" ","price":1.96},{"type":"B","date":"2018-05-02T03:27:28.000Z","volume":34000,"label":" ","price":1.95},{"type":"A","date":"2018-05-02T03:36:19.000Z","volume":6000,"label":" ","price":1.95},{"type":"A","date":"2018-05-02T03:36:32.000Z","volume":2000,"label":" ","price":1.95},{"type":"A","date":"2018-05-02T03:37:15.000Z","volume":2000,"label":" ","price":1.95},{"type":"A","date":"2018-05-02T03:47:29.000Z","volume":6000,"label":" ","price":1.95},{"type":"B","date":"2018-05-02T03:56:00.000Z","volume":14000,"label":" ","price":1.95},{"type":"A","date":"2018-05-02T03:56:02.000Z","volume":2000,"label":" ","price":1.96},{"type":"A","date":"2018-05-02T05:12:50.000Z","volume":2000,"label":" ","price":1.96},{"type":"A","date":"2018-05-02T05:22:38.000Z","volume":2000,"label":" ","price":1.96},{"type":"B","date":"2018-05-02T05:25:36.000Z","volume":18000,"label":" ","price":1.95},{"type":"B","date":"2018-05-02T06:26:37.000Z","volume":2000,"label":" ","price":1.95},{"type":"A","date":"2018-05-02T06:27:28.000Z","volume":2000,"label":" ","price":1.95},{"type":"B","date":"2018-05-02T07:00:03.000Z","volume":2000,"label":" ","price":1.95},{"type":"A","date":"2018-05-02T07:55:56.000Z","volume":8000,"label":" ","price":1.96},{"type":"A","date":"2018-05-02T07:56:02.000Z","volume":2000,"label":" ","price":1.96},{"type":"A","date":"2018-05-02T07:57:11.000Z","volume":10000,"label":"Y","price":1.96},{"type":"B","date":"2018-05-02T07:58:00.000Z","volume":2000,"label":" ","price":1.95},{"type":"A","date":"2018-05-02T07:59:00.000Z","volume":2000,"label":" ","price":1.96},{"type":"A","date":"2018-05-02T07:59:04.000Z","volume":2000,"label":" ","price":1.96}]