[{"type":"U","date":"2018-04-13T01:20:00.000Z","volume":6000,"label":"U","price":0.86},{"type":"A","date":"2018-04-13T01:30:17.000Z","volume":12000,"label":" ","price":0.86},{"type":"B","date":"2018-04-13T01:32:21.000Z","volume":50000,"label":" ","price":0.85},{"type":"A","date":"2018-04-13T01:33:26.000Z","volume":10000,"label":" ","price":0.86},{"type":"A","date":"2018-04-13T01:33:47.000Z","volume":30000,"label":" ","price":0.86},{"type":"A","date":"2018-04-13T01:33:57.000Z","volume":80000,"label":" ","price":0.86},{"type":"B","date":"2018-04-13T01:35:50.000Z","volume":70000,"label":" ","price":0.85},{"type":"A","date":"2018-04-13T01:35:50.000Z","volume":30000,"label":" ","price":0.85},{"type":"A","date":"2018-04-13T01:39:44.000Z","volume":2000,"label":" ","price":0.85},{"type":"A","date":"2018-04-13T01:42:14.000Z","volume":2000,"label":" ","price":0.85},{"type":"A","date":"2018-04-13T01:43:20.000Z","volume":40000,"label":" ","price":0.85},{"type":"B","date":"2018-04-13T01:45:25.000Z","volume":100000,"label":" ","price":0.84},{"type":"B","date":"2018-04-13T01:45:36.000Z","volume":100000,"label":" ","price":0.84},{"type":"B","date":"2018-04-13T01:45:36.000Z","volume":102000,"label":" ","price":0.84},{"type":"B","date":"2018-04-13T01:45:51.000Z","volume":20000,"label":" ","price":0.83},{"type":"A","date":"2018-04-13T01:47:14.000Z","volume":4000,"label":" ","price":0.84},{"type":"A","date":"2018-04-13T01:47:32.000Z","volume":56000,"label":" ","price":0.84},{"type":"A","date":"2018-04-13T01:47:32.000Z","volume":64000,"label":" ","price":0.84},{"type":"A","date":"2018-04-13T01:48:44.000Z","volume":2000,"label":" ","price":0.84},{"type":"B","date":"2018-04-13T01:53:13.000Z","volume":280000,"label":" ","price":0.83},{"type":"B","date":"2018-04-13T01:53:13.000Z","volume":2000,"label":" ","price":0.83},{"type":"U","date":"2018-04-13T01:56:04.000Z","volume":4000,"label":" ","price":0.83},{"type":"A","date":"2018-04-13T02:03:08.000Z","volume":50000,"label":" ","price":0.83},{"type":"B","date":"2018-04-13T02:07:16.000Z","volume":200000,"label":" ","price":0.82},{"type":"B","date":"2018-04-13T02:07:16.000Z","volume":14000,"label":" ","price":0.82},{"type":"A","date":"2018-04-13T02:09:04.000Z","volume":200000,"label":" ","price":0.83},{"type":"A","date":"2018-04-13T02:09:21.000Z","volume":32000,"label":" ","price":0.83},{"type":"A","date":"2018-04-13T02:32:46.000Z","volume":2000,"label":" ","price":0.83},{"type":"A","date":"2018-04-13T02:38:46.000Z","volume":2000,"label":" ","price":0.83},{"type":"A","date":"2018-04-13T02:44:46.000Z","volume":2000,"label":" ","price":0.83},{"type":"A","date":"2018-04-13T02:51:16.000Z","volume":2000,"label":" ","price":0.83},{"type":"A","date":"2018-04-13T02:58:17.000Z","volume":2000,"label":" ","price":0.83},{"type":"A","date":"2018-04-13T03:05:17.000Z","volume":2000,"label":" ","price":0.83},{"type":"A","date":"2018-04-13T03:12:47.000Z","volume":2000,"label":" ","price":0.83},{"type":"A","date":"2018-04-13T03:20:17.000Z","volume":2000,"label":" ","price":0.83},{"type":"A","date":"2018-04-13T03:28:18.000Z","volume":2000,"label":" ","price":0.83},{"type":"A","date":"2018-04-13T03:36:48.000Z","volume":2000,"label":" ","price":0.83},{"type":"A","date":"2018-04-13T03:45:18.000Z","volume":2000,"label":" ","price":0.83},{"type":"A","date":"2018-04-13T03:54:18.000Z","volume":2000,"label":" ","price":0.83},{"type":"A","date":"2018-04-13T05:00:00.000Z","volume":2000,"label":" ","price":0.83},{"type":"A","date":"2018-04-13T05:08:20.000Z","volume":2000,"label":" ","price":0.83},{"type":"A","date":"2018-04-13T05:14:05.000Z","volume":2000,"label":" ","price":0.83},{"type":"A","date":"2018-04-13T05:23:20.000Z","volume":2000,"label":" ","price":0.83},{"type":"B","date":"2018-04-13T05:35:02.000Z","volume":66000,"label":" ","price":0.82},{"type":"B","date":"2018-04-13T05:35:02.000Z","volume":384000,"label":" ","price":0.81},{"type":"B","date":"2018-04-13T05:35:27.000Z","volume":50000,"label":" ","price":0.81},{"type":"B","date":"2018-04-13T05:35:27.000Z","volume":38000,"label":" ","price":0.81},{"type":"A","date":"2018-04-13T05:35:36.000Z","volume":2000,"label":" ","price":0.81},{"type":"B","date":"2018-04-13T05:45:52.000Z","volume":46000,"label":" ","price":0.81},{"type":"B","date":"2018-04-13T05:47:18.000Z","volume":8000,"label":"Y","price":0.8},{"type":"B","date":"2018-04-13T05:47:18.000Z","volume":284000,"label":" ","price":0.8},{"type":"B","date":"2018-04-13T05:47:19.000Z","volume":142000,"label":" ","price":0.79},{"type":"A","date":"2018-04-13T05:47:19.000Z","volume":20000,"label":" ","price":0.79},{"type":"A","date":"2018-04-13T05:47:27.000Z","volume":4000,"label":" ","price":0.8},{"type":"A","date":"2018-04-13T05:47:58.000Z","volume":16000,"label":" ","price":0.8},{"type":"A","date":"2018-04-13T05:48:17.000Z","volume":4000,"label":" ","price":0.8},{"type":"B","date":"2018-04-13T06:12:50.000Z","volume":30000,"label":" ","price":0.8},{"type":"A","date":"2018-04-13T06:14:48.000Z","volume":100000,"label":" ","price":0.81},{"type":"A","date":"2018-04-13T06:14:48.000Z","volume":8000,"label":" ","price":0.81},{"type":"A","date":"2018-04-13T06:15:03.000Z","volume":150000,"label":" ","price":0.82},{"type":"B","date":"2018-04-13T06:18:45.000Z","volume":22000,"label":" ","price":0.81},{"type":"A","date":"2018-04-13T06:23:49.000Z","volume":20000,"label":" ","price":0.81},{"type":"A","date":"2018-04-13T06:24:38.000Z","volume":256000,"label":" ","price":0.81},{"type":"A","date":"2018-04-13T06:24:38.000Z","volume":100000,"label":" ","price":0.81},{"type":"A","date":"2018-04-13T06:24:38.000Z","volume":48000,"label":" ","price":0.81},{"type":"A","date":"2018-04-13T06:24:46.000Z","volume":20000,"label":" ","price":0.81},{"type":"A","date":"2018-04-13T06:24:46.000Z","volume":34000,"label":" ","price":0.81},{"type":"A","date":"2018-04-13T06:25:22.000Z","volume":2000,"label":" ","price":0.82},{"type":"B","date":"2018-04-13T06:29:54.000Z","volume":88000,"label":" ","price":0.81},{"type":"B","date":"2018-04-13T06:29:54.000Z","volume":16000,"label":"Y","price":0.8},{"type":"B","date":"2018-04-13T06:29:54.000Z","volume":396000,"label":" ","price":0.8},{"type":"A","date":"2018-04-13T06:29:54.000Z","volume":48000,"label":" ","price":0.81},{"type":"B","date":"2018-04-13T06:29:57.000Z","volume":40000,"label":" ","price":0.81},{"type":"B","date":"2018-04-13T06:29:57.000Z","volume":26000,"label":" ","price":0.81},{"type":"A","date":"2018-04-13T06:30:27.000Z","volume":122000,"label":" ","price":0.81},{"type":"A","date":"2018-04-13T06:30:27.000Z","volume":26000,"label":" ","price":0.81},{"type":"B","date":"2018-04-13T06:34:59.000Z","volume":34000,"label":" ","price":0.81},{"type":"A","date":"2018-04-13T06:34:59.000Z","volume":16000,"label":" ","price":0.81},{"type":"A","date":"2018-04-13T06:55:53.000Z","volume":2000,"label":" ","price":0.81},{"type":"B","date":"2018-04-13T06:59:06.000Z","volume":2000,"label":" ","price":0.8},{"type":"A","date":"2018-04-13T07:06:23.000Z","volume":2000,"label":" ","price":0.81},{"type":"B","date":"2018-04-13T07:13:19.000Z","volume":2000,"label":" ","price":0.8},{"type":"B","date":"2018-04-13T07:15:31.000Z","volume":72000,"label":"Y","price":0.8},{"type":"B","date":"2018-04-13T07:15:31.000Z","volume":428000,"label":" ","price":0.8},{"type":"A","date":"2018-04-13T07:15:31.000Z","volume":74000,"label":" ","price":0.81},{"type":"B","date":"2018-04-13T07:15:32.000Z","volume":2000,"label":"Y","price":0.8},{"type":"B","date":"2018-04-13T07:15:32.000Z","volume":14000,"label":" ","price":0.8},{"type":"B","date":"2018-04-13T07:17:42.000Z","volume":2000,"label":" ","price":0.8},{"type":"B","date":"2018-04-13T07:24:31.000Z","volume":4000,"label":"Y","price":0.8},{"type":"B","date":"2018-04-13T07:24:31.000Z","volume":236000,"label":" ","price":0.8},{"type":"A","date":"2018-04-13T07:24:32.000Z","volume":68000,"label":" ","price":0.8},{"type":"B","date":"2018-04-13T07:26:21.000Z","volume":2000,"label":" ","price":0.79},{"type":"A","date":"2018-04-13T07:30:37.000Z","volume":60000,"label":" ","price":0.8},{"type":"A","date":"2018-04-13T07:30:38.000Z","volume":40000,"label":" ","price":0.8},{"type":"A","date":"2018-04-13T07:31:02.000Z","volume":80000,"label":" ","price":0.8},{"type":"A","date":"2018-04-13T07:31:02.000Z","volume":46000,"label":" ","price":0.8},{"type":"A","date":"2018-04-13T07:31:51.000Z","volume":2000,"label":" ","price":0.81},{"type":"B","date":"2018-04-13T07:32:59.000Z","volume":6000,"label":" ","price":0.8},{"type":"B","date":"2018-04-13T07:33:24.000Z","volume":24000,"label":" ","price":0.8},{"type":"B","date":"2018-04-13T07:43:35.000Z","volume":18000,"label":" ","price":0.8},{"type":"A","date":"2018-04-13T07:43:39.000Z","volume":4000,"label":" ","price":0.8},{"type":"B","date":"2018-04-13T07:47:15.000Z","volume":30000,"label":" ","price":0.8},{"type":"B","date":"2018-04-13T07:56:18.000Z","volume":20000,"label":" ","price":0.8},{"type":"A","date":"2018-04-13T07:57:21.000Z","volume":2000,"label":" ","price":0.81},{"type":"B","date":"2018-04-13T07:57:55.000Z","volume":2000,"label":" ","price":0.8},{"type":"A","date":"2018-04-13T07:58:02.000Z","volume":18000,"label":" ","price":0.81},{"type":"A","date":"2018-04-13T07:59:00.000Z","volume":2000,"label":" ","price":0.81},{"type":"A","date":"2018-04-13T07:59:21.000Z","volume":2000,"label":" ","price":0.81},{"type":"B","date":"2018-04-13T07:59:34.000Z","volume":4000,"label":" ","price":0.8},{"type":"A","date":"2018-04-13T07:59:45.000Z","volume":2000,"label":" ","price":0.81}]