[{"type":"B","date":"2018-04-13T01:40:40.000Z","volume":20000,"label":" ","price":0.28},{"type":"B","date":"2018-04-13T03:07:29.000Z","volume":100000,"label":" ","price":0.28},{"type":"B","date":"2018-04-13T03:07:29.000Z","volume":2500,"label":" ","price":0.28},{"type":"B","date":"2018-04-13T03:08:24.000Z","volume":2500,"label":" ","price":0.28},{"type":"B","date":"2018-04-13T03:09:28.000Z","volume":2500,"label":" ","price":0.28},{"type":"B","date":"2018-04-13T03:10:32.000Z","volume":2500,"label":" ","price":0.28},{"type":"B","date":"2018-04-13T03:11:38.000Z","volume":2500,"label":" ","price":0.28},{"type":"B","date":"2018-04-13T03:12:43.000Z","volume":2500,"label":" ","price":0.28},{"type":"B","date":"2018-04-13T03:13:47.000Z","volume":2500,"label":" ","price":0.28},{"type":"B","date":"2018-04-13T03:14:54.000Z","volume":2500,"label":" ","price":0.28},{"type":"B","date":"2018-04-13T03:15:58.000Z","volume":2500,"label":" ","price":0.28},{"type":"B","date":"2018-04-13T03:17:03.000Z","volume":2500,"label":" ","price":0.28},{"type":"B","date":"2018-04-13T03:18:08.000Z","volume":2500,"label":" ","price":0.28},{"type":"B","date":"2018-04-13T03:19:12.000Z","volume":2500,"label":" ","price":0.28},{"type":"B","date":"2018-04-13T03:20:26.000Z","volume":2500,"label":" ","price":0.275},{"type":"B","date":"2018-04-13T03:21:26.000Z","volume":2500,"label":" ","price":0.275},{"type":"B","date":"2018-04-13T03:22:26.000Z","volume":2500,"label":" ","price":0.275},{"type":"B","date":"2018-04-13T03:23:40.000Z","volume":2500,"label":" ","price":0.275},{"type":"B","date":"2018-04-13T03:24:40.000Z","volume":2500,"label":" ","price":0.275},{"type":"B","date":"2018-04-13T03:25:40.000Z","volume":2500,"label":" ","price":0.275},{"type":"B","date":"2018-04-13T03:26:57.000Z","volume":2500,"label":" ","price":0.275},{"type":"B","date":"2018-04-13T03:27:57.000Z","volume":2500,"label":" ","price":0.275},{"type":"B","date":"2018-04-13T03:28:57.000Z","volume":2500,"label":" ","price":0.275},{"type":"B","date":"2018-04-13T03:30:10.000Z","volume":2500,"label":" ","price":0.275},{"type":"B","date":"2018-04-13T03:31:10.000Z","volume":2500,"label":" ","price":0.275},{"type":"B","date":"2018-04-13T03:32:10.000Z","volume":2500,"label":" ","price":0.275},{"type":"B","date":"2018-04-13T03:33:27.000Z","volume":2500,"label":" ","price":0.275},{"type":"B","date":"2018-04-13T03:34:27.000Z","volume":2500,"label":" ","price":0.275},{"type":"B","date":"2018-04-13T03:35:27.000Z","volume":2500,"label":" ","price":0.275},{"type":"B","date":"2018-04-13T03:36:47.000Z","volume":2500,"label":" ","price":0.275},{"type":"B","date":"2018-04-13T03:37:43.000Z","volume":2500,"label":" ","price":0.275},{"type":"B","date":"2018-04-13T03:38:43.000Z","volume":2500,"label":" ","price":0.275},{"type":"A","date":"2018-04-13T03:38:58.000Z","volume":10000,"label":" ","price":0.28},{"type":"B","date":"2018-04-13T03:44:04.000Z","volume":2500,"label":" ","price":0.28},{"type":"B","date":"2018-04-13T03:45:11.000Z","volume":2500,"label":" ","price":0.28},{"type":"B","date":"2018-04-13T03:46:14.000Z","volume":2500,"label":" ","price":0.28},{"type":"B","date":"2018-04-13T03:47:21.000Z","volume":2500,"label":" ","price":0.28},{"type":"B","date":"2018-04-13T03:48:28.000Z","volume":2500,"label":" ","price":0.28},{"type":"B","date":"2018-04-13T03:49:27.000Z","volume":2500,"label":" ","price":0.28}]