[{"type":"A","date":"2018-03-21T07:41:46.000Z","volume":300000,"price":0.82,"category":"ubbull"},{"type":"A","date":"2018-03-21T07:40:15.000Z","volume":300000,"price":0.82,"category":"ubbull"},{"type":"A","date":"2018-03-21T01:31:21.000Z","volume":600000,"price":0.83,"category":"ubbull"},{"type":"A","date":"2018-03-21T01:30:32.000Z","volume":500000,"price":0.83,"category":"ubbull"},{"type":"A","date":"2018-03-21T07:58:34.000Z","volume":100000,"price":0.82,"category":"bbull"},{"type":"A","date":"2018-03-21T07:55:27.000Z","volume":70000,"price":0.82,"category":"bbull"},{"type":"A","date":"2018-03-21T07:38:02.000Z","volume":178000,"price":0.82,"category":"bbull"},{"type":"A","date":"2018-03-21T06:13:24.000Z","volume":76000,"price":0.83,"category":"bbull"},{"type":"A","date":"2018-03-21T02:44:36.000Z","volume":94000,"price":0.83,"category":"bbull"},{"type":"A","date":"2018-03-21T01:37:26.000Z","volume":100000,"price":0.83,"category":"bbull"},{"type":"A","date":"2018-03-21T01:33:34.000Z","volume":100000,"price":0.83,"category":"bbull"},{"type":"A","date":"2018-03-21T07:55:38.000Z","volume":2000,"price":0.82,"category":"rbull"},{"type":"A","date":"2018-03-21T07:41:50.000Z","volume":2000,"price":0.82,"category":"rbull"},{"type":"A","date":"2018-03-21T07:40:29.000Z","volume":4000,"price":0.82,"category":"rbull"},{"type":"A","date":"2018-03-21T07:38:01.000Z","volume":2000,"price":0.82,"category":"rbull"},{"type":"A","date":"2018-03-21T07:12:53.000Z","volume":2000,"price":0.82,"category":"rbull"},{"type":"A","date":"2018-03-21T06:39:49.000Z","volume":2000,"price":0.83,"category":"rbull"},{"type":"A","date":"2018-03-21T06:21:23.000Z","volume":4000,"price":0.83,"category":"rbull"},{"type":"A","date":"2018-03-21T06:13:26.000Z","volume":2000,"price":0.83,"category":"rbull"},{"type":"A","date":"2018-03-21T06:02:00.000Z","volume":2000,"price":0.83,"category":"rbull"},{"type":"A","date":"2018-03-21T05:30:33.000Z","volume":2000,"price":0.83,"category":"rbull"},{"type":"A","date":"2018-03-21T05:30:26.000Z","volume":2000,"price":0.83,"category":"rbull"},{"type":"A","date":"2018-03-21T05:22:16.000Z","volume":2000,"price":0.83,"category":"rbull"},{"type":"A","date":"2018-03-21T05:00:30.000Z","volume":2000,"price":0.83,"category":"rbull"},{"type":"A","date":"2018-03-21T03:13:34.000Z","volume":2000,"price":0.83,"category":"rbull"},{"type":"A","date":"2018-03-21T02:45:54.000Z","volume":2000,"price":0.83,"category":"rbull"},{"type":"A","date":"2018-03-21T02:16:44.000Z","volume":2000,"price":0.83,"category":"rbull"},{"type":"B","date":"2018-03-21T07:52:11.000Z","volume":4000,"price":0.81,"category":"rbear"},{"type":"B","date":"2018-03-21T07:38:02.000Z","volume":2000,"price":0.81,"category":"rbear"},{"type":"B","date":"2018-03-21T07:37:29.000Z","volume":2000,"price":0.81,"category":"rbear"},{"type":"B","date":"2018-03-21T06:54:45.000Z","volume":2000,"price":0.81,"category":"rbear"},{"type":"B","date":"2018-03-21T02:18:45.000Z","volume":2000,"price":0.82,"category":"rbear"},{"type":"B","date":"2018-03-21T02:04:40.000Z","volume":2000,"price":0.82,"category":"rbear"},{"type":"B","date":"2018-03-21T06:46:13.000Z","volume":62000,"price":0.82,"category":"bbear"},{"type":"B","date":"2018-03-21T06:35:09.000Z","volume":100000,"price":0.82,"category":"bbear"},{"type":"B","date":"2018-03-21T06:34:22.000Z","volume":76000,"price":0.82,"category":"bbear"},{"type":"B","date":"2018-03-21T06:21:33.000Z","volume":90000,"price":0.82,"category":"bbear"},{"type":"B","date":"2018-03-21T06:21:22.000Z","volume":500000,"price":0.82,"category":"ubbear"},{"type":"B","date":"2018-03-21T06:01:58.000Z","volume":200000,"price":0.82,"category":"ubbear"},{"type":"B","date":"2018-03-21T03:13:32.000Z","volume":260000,"price":0.82,"category":"ubbear"}]