[{"type":"B","date":"2018-03-20T01:30:01.000Z","volume":200000,"label":" ","price":1.19},{"type":"A","date":"2018-03-20T01:30:36.000Z","volume":180000,"label":" ","price":1.19},{"type":"B","date":"2018-03-20T01:31:01.000Z","volume":20000,"label":" ","price":1.19},{"type":"A","date":"2018-03-20T01:31:06.000Z","volume":180000,"label":" ","price":1.19},{"type":"A","date":"2018-03-20T01:31:15.000Z","volume":200000,"label":" ","price":1.19},{"type":"A","date":"2018-03-20T01:31:16.000Z","volume":100000,"label":" ","price":1.19},{"type":"B","date":"2018-03-20T01:31:44.000Z","volume":60000,"label":" ","price":1.19},{"type":"A","date":"2018-03-20T01:32:04.000Z","volume":300000,"label":" ","price":1.19},{"type":"A","date":"2018-03-20T01:32:19.000Z","volume":200000,"label":" ","price":1.19},{"type":"A","date":"2018-03-20T01:33:03.000Z","volume":140000,"label":" ","price":1.19},{"type":"A","date":"2018-03-20T01:34:00.000Z","volume":160000,"label":" ","price":1.19},{"type":"B","date":"2018-03-20T01:34:55.000Z","volume":220000,"label":" ","price":1.18},{"type":"A","date":"2018-03-20T01:36:31.000Z","volume":200000,"label":" ","price":1.18},{"type":"A","date":"2018-03-20T01:36:42.000Z","volume":4000,"label":" ","price":1.18},{"type":"A","date":"2018-03-20T01:43:04.000Z","volume":60000,"label":" ","price":1.18},{"type":"B","date":"2018-03-20T02:10:38.000Z","volume":348000,"label":" ","price":1.17},{"type":"A","date":"2018-03-20T02:11:31.000Z","volume":200000,"label":" ","price":1.17},{"type":"A","date":"2018-03-20T02:41:20.000Z","volume":60000,"label":" ","price":1.17},{"type":"B","date":"2018-03-20T02:48:41.000Z","volume":40000,"label":" ","price":1.16},{"type":"B","date":"2018-03-20T02:48:41.000Z","volume":280000,"label":" ","price":1.16},{"type":"A","date":"2018-03-20T02:51:37.000Z","volume":200000,"label":" ","price":1.16},{"type":"A","date":"2018-03-20T02:52:02.000Z","volume":80000,"label":" ","price":1.16},{"type":"A","date":"2018-03-20T02:56:49.000Z","volume":40000,"label":" ","price":1.16},{"type":"A","date":"2018-03-20T03:05:28.000Z","volume":60000,"label":" ","price":1.16},{"type":"A","date":"2018-03-20T03:16:47.000Z","volume":40000,"label":" ","price":1.16},{"type":"A","date":"2018-03-20T03:16:47.000Z","volume":48000,"label":" ","price":1.16},{"type":"B","date":"2018-03-20T03:16:52.000Z","volume":12000,"label":" ","price":1.16},{"type":"A","date":"2018-03-20T03:29:48.000Z","volume":160000,"label":" ","price":1.16},{"type":"A","date":"2018-03-20T03:33:25.000Z","volume":100000,"label":" ","price":1.16},{"type":"A","date":"2018-03-20T03:33:28.000Z","volume":36000,"label":" ","price":1.16},{"type":"B","date":"2018-03-20T03:51:01.000Z","volume":12000,"label":" ","price":1.15},{"type":"A","date":"2018-03-20T05:04:54.000Z","volume":160000,"label":" ","price":1.16},{"type":"A","date":"2018-03-20T05:05:24.000Z","volume":100000,"label":" ","price":1.16},{"type":"A","date":"2018-03-20T05:23:19.000Z","volume":44000,"label":" ","price":1.16},{"type":"B","date":"2018-03-20T05:31:52.000Z","volume":56000,"label":" ","price":1.16},{"type":"A","date":"2018-03-20T05:32:22.000Z","volume":200000,"label":" ","price":1.16},{"type":"A","date":"2018-03-20T05:46:21.000Z","volume":100000,"label":" ","price":1.16},{"type":"A","date":"2018-03-20T06:02:48.000Z","volume":120000,"label":" ","price":1.16},{"type":"A","date":"2018-03-20T06:14:58.000Z","volume":48000,"label":" ","price":1.16},{"type":"B","date":"2018-03-20T06:29:26.000Z","volume":32000,"label":" ","price":1.16},{"type":"A","date":"2018-03-20T06:37:40.000Z","volume":100000,"label":" ","price":1.16},{"type":"A","date":"2018-03-20T06:41:58.000Z","volume":60000,"label":" ","price":1.16},{"type":"A","date":"2018-03-20T06:53:23.000Z","volume":80000,"label":" ","price":1.16},{"type":"A","date":"2018-03-20T07:02:37.000Z","volume":28000,"label":" ","price":1.16},{"type":"B","date":"2018-03-20T07:02:45.000Z","volume":72000,"label":" ","price":1.16},{"type":"A","date":"2018-03-20T07:22:47.000Z","volume":100000,"label":" ","price":1.16},{"type":"A","date":"2018-03-20T07:50:31.000Z","volume":28000,"label":" ","price":1.16}]