[{"type":"A","date":"2018-03-19T06:45:29.000Z","volume":50000,"price":3.1,"category":"ubbull"},{"type":"A","date":"2018-03-19T06:21:40.000Z","volume":44000,"price":3.11,"category":"ubbull"},{"type":"A","date":"2018-03-19T06:13:52.000Z","volume":48000,"price":3.14,"category":"ubbull"},{"type":"A","date":"2018-03-19T06:09:28.000Z","volume":100000,"price":3.12,"category":"ubbull"},{"type":"A","date":"2018-03-19T06:09:11.000Z","volume":42000,"price":3.12,"category":"ubbull"},{"type":"A","date":"2018-03-19T06:07:34.000Z","volume":56000,"price":3.12,"category":"ubbull"},{"type":"A","date":"2018-03-19T06:01:25.000Z","volume":50000,"price":3.14,"category":"ubbull"},{"type":"A","date":"2018-03-19T05:48:35.000Z","volume":62000,"price":3.1,"category":"ubbull"},{"type":"A","date":"2018-03-19T05:25:56.000Z","volume":38000,"price":3.13,"category":"ubbull"},{"type":"A","date":"2018-03-19T05:25:36.000Z","volume":50000,"price":3.13,"category":"ubbull"},{"type":"A","date":"2018-03-19T05:06:30.000Z","volume":44000,"price":3.14,"category":"ubbull"},{"type":"A","date":"2018-03-19T05:06:10.000Z","volume":46000,"price":3.14,"category":"ubbull"},{"type":"A","date":"2018-03-19T05:01:27.000Z","volume":50000,"price":3.15,"category":"ubbull"},{"type":"A","date":"2018-03-19T02:41:45.000Z","volume":42000,"price":3.17,"category":"ubbull"},{"type":"A","date":"2018-03-19T02:38:28.000Z","volume":44000,"price":3.18,"category":"ubbull"},{"type":"A","date":"2018-03-19T02:32:25.000Z","volume":58000,"price":3.18,"category":"ubbull"},{"type":"A","date":"2018-03-19T02:24:02.000Z","volume":42000,"price":3.19,"category":"ubbull"},{"type":"A","date":"2018-03-19T02:18:21.000Z","volume":78000,"price":3.19,"category":"ubbull"},{"type":"A","date":"2018-03-19T02:10:55.000Z","volume":50000,"price":3.21,"category":"ubbull"},{"type":"A","date":"2018-03-19T02:07:16.000Z","volume":46000,"price":3.19,"category":"ubbull"},{"type":"A","date":"2018-03-19T02:06:59.000Z","volume":40000,"price":3.19,"category":"ubbull"},{"type":"A","date":"2018-03-19T02:04:59.000Z","volume":58000,"price":3.2,"category":"ubbull"},{"type":"A","date":"2018-03-19T01:58:25.000Z","volume":66000,"price":3.17,"category":"ubbull"},{"type":"A","date":"2018-03-19T01:50:41.000Z","volume":50000,"price":3.2,"category":"ubbull"},{"type":"A","date":"2018-03-19T01:44:23.000Z","volume":54000,"price":3.23,"category":"ubbull"},{"type":"A","date":"2018-03-19T01:41:00.000Z","volume":66000,"price":3.24,"category":"ubbull"},{"type":"A","date":"2018-03-19T01:39:23.000Z","volume":42000,"price":3.21,"category":"ubbull"},{"type":"A","date":"2018-03-19T07:46:45.000Z","volume":20000,"price":3.1,"category":"bbull"},{"type":"A","date":"2018-03-19T06:47:26.000Z","volume":16000,"price":3.1,"category":"bbull"},{"type":"A","date":"2018-03-19T05:51:58.000Z","volume":22000,"price":3.1,"category":"bbull"},{"type":"A","date":"2018-03-19T05:49:52.000Z","volume":20000,"price":3.1,"category":"bbull"},{"type":"A","date":"2018-03-19T05:05:57.000Z","volume":30000,"price":3.14,"category":"bbull"},{"type":"A","date":"2018-03-19T05:05:10.000Z","volume":16000,"price":3.15,"category":"bbull"},{"type":"A","date":"2018-03-19T03:53:53.000Z","volume":30000,"price":3.14,"category":"bbull"},{"type":"A","date":"2018-03-19T03:48:36.000Z","volume":16000,"price":3.14,"category":"bbull"},{"type":"A","date":"2018-03-19T03:43:04.000Z","volume":24000,"price":3.14,"category":"bbull"},{"type":"A","date":"2018-03-19T03:34:49.000Z","volume":22000,"price":3.15,"category":"bbull"},{"type":"A","date":"2018-03-19T03:24:18.000Z","volume":20000,"price":3.15,"category":"bbull"},{"type":"A","date":"2018-03-19T03:14:15.000Z","volume":32000,"price":3.16,"category":"bbull"},{"type":"A","date":"2018-03-19T03:07:23.000Z","volume":20000,"price":3.16,"category":"bbull"},{"type":"A","date":"2018-03-19T03:01:26.000Z","volume":26000,"price":3.16,"category":"bbull"},{"type":"A","date":"2018-03-19T02:52:35.000Z","volume":30000,"price":3.16,"category":"bbull"},{"type":"A","date":"2018-03-19T02:42:03.000Z","volume":28000,"price":3.17,"category":"bbull"},{"type":"A","date":"2018-03-19T02:41:26.000Z","volume":30000,"price":3.17,"category":"bbull"},{"type":"A","date":"2018-03-19T02:26:01.000Z","volume":28000,"price":3.19,"category":"bbull"},{"type":"A","date":"2018-03-19T01:59:37.000Z","volume":30000,"price":3.22,"category":"bbull"},{"type":"A","date":"2018-03-19T01:37:08.000Z","volume":20000,"price":3.22,"category":"bbull"},{"type":"A","date":"2018-03-19T07:57:03.000Z","volume":2000,"price":3.1,"category":"rbull"},{"type":"A","date":"2018-03-19T07:55:27.000Z","volume":2000,"price":3.1,"category":"rbull"},{"type":"A","date":"2018-03-19T07:51:36.000Z","volume":2000,"price":3.1,"category":"rbull"},{"type":"A","date":"2018-03-19T07:48:02.000Z","volume":2000,"price":3.1,"category":"rbull"},{"type":"A","date":"2018-03-19T07:46:49.000Z","volume":2000,"price":3.1,"category":"rbull"},{"type":"A","date":"2018-03-19T07:46:31.000Z","volume":2000,"price":3.1,"category":"rbull"},{"type":"A","date":"2018-03-19T07:45:21.000Z","volume":2000,"price":3.1,"category":"rbull"},{"type":"A","date":"2018-03-19T07:00:39.000Z","volume":2000,"price":3.11,"category":"rbull"},{"type":"A","date":"2018-03-19T05:56:42.000Z","volume":2000,"price":3.13,"category":"rbull"},{"type":"A","date":"2018-03-19T02:26:53.000Z","volume":2000,"price":3.19,"category":"rbull"},{"type":"A","date":"2018-03-19T02:22:37.000Z","volume":2000,"price":3.19,"category":"rbull"},{"type":"A","date":"2018-03-19T02:11:48.000Z","volume":2000,"price":3.21,"category":"rbull"},{"type":"A","date":"2018-03-19T01:59:37.000Z","volume":2000,"price":3.17,"category":"rbull"},{"type":"A","date":"2018-03-19T01:41:00.000Z","volume":2000,"price":3.21,"category":"rbull"},{"type":"B","date":"2018-03-19T07:59:55.000Z","volume":2000,"price":3.09,"category":"rbear"},{"type":"B","date":"2018-03-19T07:59:36.000Z","volume":2000,"price":3.09,"category":"rbear"},{"type":"B","date":"2018-03-19T07:55:03.000Z","volume":2000,"price":3.1,"category":"rbear"},{"type":"B","date":"2018-03-19T07:44:13.000Z","volume":2000,"price":3.09,"category":"rbear"},{"type":"B","date":"2018-03-19T07:42:41.000Z","volume":2000,"price":3.09,"category":"rbear"},{"type":"B","date":"2018-03-19T07:41:02.000Z","volume":2000,"price":3.09,"category":"rbear"},{"type":"B","date":"2018-03-19T07:37:28.000Z","volume":2000,"price":3.09,"category":"rbear"},{"type":"B","date":"2018-03-19T07:36:43.000Z","volume":2000,"price":3.1,"category":"rbear"},{"type":"B","date":"2018-03-19T07:35:35.000Z","volume":2000,"price":3.09,"category":"rbear"},{"type":"B","date":"2018-03-19T07:34:05.000Z","volume":2000,"price":3.09,"category":"rbear"},{"type":"B","date":"2018-03-19T07:32:54.000Z","volume":2000,"price":3.09,"category":"rbear"},{"type":"B","date":"2018-03-19T07:31:40.000Z","volume":2000,"price":3.09,"category":"rbear"},{"type":"B","date":"2018-03-19T07:30:12.000Z","volume":2000,"price":3.09,"category":"rbear"},{"type":"B","date":"2018-03-19T07:29:05.000Z","volume":2000,"price":3.09,"category":"rbear"},{"type":"B","date":"2018-03-19T07:27:27.000Z","volume":2000,"price":3.09,"category":"rbear"},{"type":"B","date":"2018-03-19T07:24:11.000Z","volume":2000,"price":3.09,"category":"rbear"},{"type":"B","date":"2018-03-19T07:20:48.000Z","volume":2000,"price":3.1,"category":"rbear"},{"type":"B","date":"2018-03-19T07:14:29.000Z","volume":2000,"price":3.09,"category":"rbear"},{"type":"B","date":"2018-03-19T07:09:44.000Z","volume":2000,"price":3.1,"category":"rbear"},{"type":"B","date":"2018-03-19T07:05:03.000Z","volume":2000,"price":3.09,"category":"rbear"},{"type":"B","date":"2018-03-19T06:59:56.000Z","volume":2000,"price":3.1,"category":"rbear"},{"type":"B","date":"2018-03-19T06:54:51.000Z","volume":2000,"price":3.1,"category":"rbear"},{"type":"B","date":"2018-03-19T06:43:11.000Z","volume":2000,"price":3.09,"category":"rbear"},{"type":"B","date":"2018-03-19T06:36:52.000Z","volume":2000,"price":3.09,"category":"rbear"},{"type":"B","date":"2018-03-19T06:30:26.000Z","volume":2000,"price":3.09,"category":"rbear"},{"type":"B","date":"2018-03-19T06:26:30.000Z","volume":2000,"price":3.1,"category":"rbear"},{"type":"B","date":"2018-03-19T06:20:47.000Z","volume":2000,"price":3.1,"category":"rbear"},{"type":"B","date":"2018-03-19T06:18:05.000Z","volume":2000,"price":3.11,"category":"rbear"},{"type":"B","date":"2018-03-19T06:15:25.000Z","volume":2000,"price":3.11,"category":"rbear"},{"type":"B","date":"2018-03-19T06:11:59.000Z","volume":2000,"price":3.11,"category":"rbear"},{"type":"B","date":"2018-03-19T06:08:23.000Z","volume":2000,"price":3.11,"category":"rbear"},{"type":"B","date":"2018-03-19T06:05:05.000Z","volume":2000,"price":3.12,"category":"rbear"},{"type":"B","date":"2018-03-19T06:01:43.000Z","volume":2000,"price":3.12,"category":"rbear"},{"type":"B","date":"2018-03-19T05:48:25.000Z","volume":2000,"price":3.09,"category":"rbear"},{"type":"B","date":"2018-03-19T05:45:57.000Z","volume":2000,"price":3.09,"category":"rbear"},{"type":"B","date":"2018-03-19T05:44:41.000Z","volume":2000,"price":3.1,"category":"rbear"},{"type":"B","date":"2018-03-19T05:42:06.000Z","volume":2000,"price":3.1,"category":"rbear"},{"type":"B","date":"2018-03-19T05:38:52.000Z","volume":2000,"price":3.11,"category":"rbear"},{"type":"B","date":"2018-03-19T05:35:35.000Z","volume":2000,"price":3.11,"category":"rbear"},{"type":"B","date":"2018-03-19T05:31:30.000Z","volume":2000,"price":3.12,"category":"rbear"},{"type":"B","date":"2018-03-19T05:27:11.000Z","volume":2000,"price":3.12,"category":"rbear"},{"type":"B","date":"2018-03-19T05:24:03.000Z","volume":2000,"price":3.12,"category":"rbear"},{"type":"B","date":"2018-03-19T05:21:29.000Z","volume":2000,"price":3.13,"category":"rbear"},{"type":"B","date":"2018-03-19T05:19:11.000Z","volume":2000,"price":3.13,"category":"rbear"},{"type":"B","date":"2018-03-19T05:15:30.000Z","volume":2000,"price":3.12,"category":"rbear"},{"type":"B","date":"2018-03-19T05:11:20.000Z","volume":2000,"price":3.12,"category":"rbear"},{"type":"B","date":"2018-03-19T05:07:46.000Z","volume":2000,"price":3.12,"category":"rbear"},{"type":"B","date":"2018-03-19T05:02:56.000Z","volume":2000,"price":3.12,"category":"rbear"},{"type":"B","date":"2018-03-19T03:58:57.000Z","volume":2000,"price":3.12,"category":"rbear"},{"type":"B","date":"2018-03-19T03:54:53.000Z","volume":2000,"price":3.12,"category":"rbear"},{"type":"B","date":"2018-03-19T03:49:34.000Z","volume":2000,"price":3.12,"category":"rbear"},{"type":"B","date":"2018-03-19T03:46:14.000Z","volume":2000,"price":3.12,"category":"rbear"},{"type":"B","date":"2018-03-19T03:39:57.000Z","volume":2000,"price":3.13,"category":"rbear"},{"type":"B","date":"2018-03-19T03:35:33.000Z","volume":2000,"price":3.13,"category":"rbear"},{"type":"B","date":"2018-03-19T03:32:07.000Z","volume":2000,"price":3.13,"category":"rbear"},{"type":"B","date":"2018-03-19T03:28:13.000Z","volume":2000,"price":3.13,"category":"rbear"},{"type":"B","date":"2018-03-19T03:22:36.000Z","volume":2000,"price":3.13,"category":"rbear"},{"type":"B","date":"2018-03-19T03:17:34.000Z","volume":2000,"price":3.13,"category":"rbear"},{"type":"B","date":"2018-03-19T03:13:08.000Z","volume":2000,"price":3.14,"category":"rbear"},{"type":"B","date":"2018-03-19T03:09:08.000Z","volume":2000,"price":3.14,"category":"rbear"},{"type":"B","date":"2018-03-19T03:04:19.000Z","volume":2000,"price":3.14,"category":"rbear"},{"type":"B","date":"2018-03-19T03:01:49.000Z","volume":2000,"price":3.14,"category":"rbear"},{"type":"B","date":"2018-03-19T02:58:36.000Z","volume":2000,"price":3.14,"category":"rbear"},{"type":"B","date":"2018-03-19T02:54:54.000Z","volume":2000,"price":3.14,"category":"rbear"},{"type":"B","date":"2018-03-19T02:52:27.000Z","volume":2000,"price":3.15,"category":"rbear"},{"type":"B","date":"2018-03-19T02:50:04.000Z","volume":2000,"price":3.15,"category":"rbear"},{"type":"B","date":"2018-03-19T02:47:07.000Z","volume":2000,"price":3.15,"category":"rbear"},{"type":"B","date":"2018-03-19T02:43:42.000Z","volume":2000,"price":3.15,"category":"rbear"},{"type":"B","date":"2018-03-19T02:39:05.000Z","volume":2000,"price":3.16,"category":"rbear"},{"type":"B","date":"2018-03-19T02:35:57.000Z","volume":2000,"price":3.16,"category":"rbear"},{"type":"B","date":"2018-03-19T02:33:30.000Z","volume":2000,"price":3.16,"category":"rbear"},{"type":"B","date":"2018-03-19T02:31:35.000Z","volume":2000,"price":3.16,"category":"rbear"},{"type":"B","date":"2018-03-19T02:30:13.000Z","volume":2000,"price":3.17,"category":"rbear"},{"type":"B","date":"2018-03-19T02:27:44.000Z","volume":2000,"price":3.18,"category":"rbear"},{"type":"B","date":"2018-03-19T02:22:11.000Z","volume":2000,"price":3.18,"category":"rbear"},{"type":"B","date":"2018-03-19T02:18:15.000Z","volume":2000,"price":3.18,"category":"rbear"},{"type":"B","date":"2018-03-19T02:16:03.000Z","volume":2000,"price":3.18,"category":"rbear"},{"type":"B","date":"2018-03-19T02:14:05.000Z","volume":2000,"price":3.18,"category":"rbear"},{"type":"B","date":"2018-03-19T02:05:45.000Z","volume":2000,"price":3.18,"category":"rbear"},{"type":"B","date":"2018-03-19T02:03:38.000Z","volume":2000,"price":3.17,"category":"rbear"},{"type":"B","date":"2018-03-19T02:01:42.000Z","volume":2000,"price":3.18,"category":"rbear"},{"type":"B","date":"2018-03-19T01:56:42.000Z","volume":2000,"price":3.14,"category":"rbear"},{"type":"B","date":"2018-03-19T01:53:57.000Z","volume":2000,"price":3.15,"category":"rbear"},{"type":"B","date":"2018-03-19T01:53:57.000Z","volume":2000,"price":3.16,"category":"rbear"},{"type":"B","date":"2018-03-19T01:53:22.000Z","volume":2000,"price":3.16,"category":"rbear"},{"type":"B","date":"2018-03-19T01:52:59.000Z","volume":2000,"price":3.16,"category":"rbear"},{"type":"B","date":"2018-03-19T01:48:50.000Z","volume":2000,"price":3.21,"category":"rbear"},{"type":"B","date":"2018-03-19T01:48:50.000Z","volume":2000,"price":3.21,"category":"rbear"},{"type":"B","date":"2018-03-19T01:48:20.000Z","volume":2000,"price":3.22,"category":"rbear"},{"type":"B","date":"2018-03-19T01:44:50.000Z","volume":2000,"price":3.22,"category":"rbear"},{"type":"B","date":"2018-03-19T01:41:14.000Z","volume":2000,"price":3.2,"category":"rbear"},{"type":"B","date":"2018-03-19T01:38:06.000Z","volume":2000,"price":3.21,"category":"rbear"},{"type":"B","date":"2018-03-19T01:34:30.000Z","volume":2000,"price":3.19,"category":"rbear"},{"type":"B","date":"2018-03-19T01:32:15.000Z","volume":2000,"price":3.2,"category":"rbear"},{"type":"B","date":"2018-03-19T01:31:42.000Z","volume":2000,"price":3.23,"category":"rbear"},{"type":"B","date":"2018-03-19T07:58:45.000Z","volume":30000,"price":3.1,"category":"bbear"},{"type":"B","date":"2018-03-19T07:28:19.000Z","volume":34000,"price":3.1,"category":"bbear"},{"type":"B","date":"2018-03-19T07:21:27.000Z","volume":22000,"price":3.1,"category":"bbear"},{"type":"B","date":"2018-03-19T07:18:27.000Z","volume":30000,"price":3.1,"category":"bbear"},{"type":"B","date":"2018-03-19T07:09:33.000Z","volume":30000,"price":3.1,"category":"bbear"},{"type":"B","date":"2018-03-19T07:08:09.000Z","volume":20000,"price":3.1,"category":"bbear"},{"type":"B","date":"2018-03-19T06:56:18.000Z","volume":26000,"price":3.1,"category":"bbear"},{"type":"B","date":"2018-03-19T06:53:02.000Z","volume":36000,"price":3.1,"category":"bbear"},{"type":"B","date":"2018-03-19T06:42:22.000Z","volume":26000,"price":3.1,"category":"bbear"},{"type":"B","date":"2018-03-19T06:38:54.000Z","volume":30000,"price":3.1,"category":"bbear"},{"type":"B","date":"2018-03-19T06:35:31.000Z","volume":20000,"price":3.1,"category":"bbear"},{"type":"B","date":"2018-03-19T06:30:09.000Z","volume":32000,"price":3.1,"category":"bbear"},{"type":"B","date":"2018-03-19T05:42:06.000Z","volume":30000,"price":3.11,"category":"bbear"},{"type":"B","date":"2018-03-19T05:35:00.000Z","volume":20000,"price":3.12,"category":"bbear"},{"type":"B","date":"2018-03-19T05:15:09.000Z","volume":28000,"price":3.13,"category":"bbear"},{"type":"B","date":"2018-03-19T02:54:18.000Z","volume":18000,"price":3.15,"category":"bbear"},{"type":"B","date":"2018-03-19T01:50:08.000Z","volume":30000,"price":3.19,"category":"bbear"},{"type":"B","date":"2018-03-19T01:38:08.000Z","volume":16000,"price":3.21,"category":"bbear"},{"type":"B","date":"2018-03-19T01:36:07.000Z","volume":16000,"price":3.22,"category":"bbear"},{"type":"B","date":"2018-03-19T01:32:46.000Z","volume":26000,"price":3.2,"category":"bbear"},{"type":"B","date":"2018-03-19T01:31:23.000Z","volume":30000,"price":3.25,"category":"bbear"},{"type":"B","date":"2018-03-19T07:55:41.000Z","volume":42000,"price":3.1,"category":"ubbear"},{"type":"B","date":"2018-03-19T07:55:03.000Z","volume":50000,"price":3.1,"category":"ubbear"},{"type":"B","date":"2018-03-19T07:51:54.000Z","volume":40000,"price":3.1,"category":"ubbear"},{"type":"B","date":"2018-03-19T07:49:07.000Z","volume":38000,"price":3.1,"category":"ubbear"},{"type":"B","date":"2018-03-19T07:47:41.000Z","volume":50000,"price":3.1,"category":"ubbear"},{"type":"B","date":"2018-03-19T07:46:51.000Z","volume":50000,"price":3.09,"category":"ubbear"},{"type":"B","date":"2018-03-19T07:37:54.000Z","volume":46000,"price":3.1,"category":"ubbear"},{"type":"B","date":"2018-03-19T07:36:05.000Z","volume":70000,"price":3.1,"category":"ubbear"},{"type":"B","date":"2018-03-19T07:12:39.000Z","volume":46000,"price":3.1,"category":"ubbear"},{"type":"B","date":"2018-03-19T07:04:25.000Z","volume":54000,"price":3.1,"category":"ubbear"},{"type":"B","date":"2018-03-19T07:00:07.000Z","volume":40000,"price":3.1,"category":"ubbear"},{"type":"B","date":"2018-03-19T06:50:11.000Z","volume":40000,"price":3.1,"category":"ubbear"},{"type":"B","date":"2018-03-19T06:33:50.000Z","volume":46000,"price":3.1,"category":"ubbear"},{"type":"B","date":"2018-03-19T06:28:09.000Z","volume":50000,"price":3.1,"category":"ubbear"},{"type":"B","date":"2018-03-19T06:24:08.000Z","volume":60000,"price":3.1,"category":"ubbear"},{"type":"B","date":"2018-03-19T06:18:01.000Z","volume":50000,"price":3.12,"category":"ubbear"},{"type":"B","date":"2018-03-19T05:37:07.000Z","volume":50000,"price":3.12,"category":"ubbear"},{"type":"B","date":"2018-03-19T05:12:59.000Z","volume":46000,"price":3.13,"category":"ubbear"},{"type":"B","date":"2018-03-19T05:09:20.000Z","volume":74000,"price":3.13,"category":"ubbear"},{"type":"B","date":"2018-03-19T02:54:18.000Z","volume":50000,"price":3.15,"category":"ubbear"}]