[{"type":"U","date":"2018-03-23T01:20:00.000Z","volume":1132000,"label":"U","price":2.9},{"type":"B","date":"2018-03-23T01:30:00.000Z","volume":100000,"label":" ","price":2.9},{"type":"U","date":"2018-03-23T01:30:01.000Z","volume":958,"label":"D","price":2.97},{"type":"A","date":"2018-03-23T01:30:02.000Z","volume":563000,"label":" ","price":2.91},{"type":"B","date":"2018-03-23T01:30:02.000Z","volume":5000,"label":" ","price":2.9},{"type":"U","date":"2018-03-23T01:30:03.000Z","volume":3000,"label":" ","price":2.91},{"type":"U","date":"2018-03-23T01:30:03.000Z","volume":46000,"label":" ","price":2.91},{"type":"B","date":"2018-03-23T01:30:03.000Z","volume":20000,"label":" ","price":2.9},{"type":"U","date":"2018-03-23T01:30:03.000Z","volume":2000,"label":" ","price":2.91},{"type":"B","date":"2018-03-23T01:30:03.000Z","volume":20000,"label":" ","price":2.9},{"type":"B","date":"2018-03-23T01:30:04.000Z","volume":60000,"label":" ","price":2.9},{"type":"B","date":"2018-03-23T01:30:04.000Z","volume":100000,"label":" ","price":2.9},{"type":"B","date":"2018-03-23T01:30:04.000Z","volume":10000,"label":" ","price":2.9},{"type":"B","date":"2018-03-23T01:30:04.000Z","volume":50000,"label":" ","price":2.9},{"type":"B","date":"2018-03-23T01:30:05.000Z","volume":100000,"label":" ","price":2.9},{"type":"B","date":"2018-03-23T01:30:05.000Z","volume":50000,"label":" ","price":2.9},{"type":"B","date":"2018-03-23T01:30:06.000Z","volume":10000,"label":" ","price":2.9},{"type":"B","date":"2018-03-23T01:30:11.000Z","volume":50000,"label":" ","price":2.91},{"type":"B","date":"2018-03-23T01:30:11.000Z","volume":40000,"label":" ","price":2.91},{"type":"B","date":"2018-03-23T01:30:11.000Z","volume":6000,"label":" ","price":2.91},{"type":"B","date":"2018-03-23T01:30:12.000Z","volume":34000,"label":" ","price":2.91},{"type":"B","date":"2018-03-23T01:30:12.000Z","volume":30000,"label":" ","price":2.91},{"type":"B","date":"2018-03-23T01:30:13.000Z","volume":20000,"label":" ","price":2.91},{"type":"B","date":"2018-03-23T01:30:14.000Z","volume":6000,"label":" ","price":2.91},{"type":"A","date":"2018-03-23T01:30:14.000Z","volume":2000,"label":" ","price":2.92},{"type":"A","date":"2018-03-23T01:30:15.000Z","volume":103000,"label":" ","price":2.92},{"type":"B","date":"2018-03-23T01:30:16.000Z","volume":10000,"label":" ","price":2.91},{"type":"B","date":"2018-03-23T01:30:16.000Z","volume":10000,"label":" ","price":2.91},{"type":"B","date":"2018-03-23T01:30:17.000Z","volume":5000,"label":" ","price":2.91},{"type":"A","date":"2018-03-23T01:30:18.000Z","volume":100000,"label":" ","price":2.92},{"type":"B","date":"2018-03-23T01:30:18.000Z","volume":20000,"label":" ","price":2.91},{"type":"B","date":"2018-03-23T01:30:18.000Z","volume":38000,"label":" ","price":2.91},{"type":"B","date":"2018-03-23T01:30:20.000Z","volume":1000,"label":" ","price":2.91},{"type":"B","date":"2018-03-23T01:30:28.000Z","volume":7000,"label":" ","price":2.91},{"type":"B","date":"2018-03-23T01:30:28.000Z","volume":187000,"label":" ","price":2.91},{"type":"B","date":"2018-03-23T01:30:28.000Z","volume":313000,"label":" ","price":2.9},{"type":"B","date":"2018-03-23T01:30:32.000Z","volume":6000,"label":" ","price":2.91},{"type":"B","date":"2018-03-23T01:30:32.000Z","volume":10000,"label":" ","price":2.91},{"type":"B","date":"2018-03-23T01:30:37.000Z","volume":40000,"label":" ","price":2.9},{"type":"U","date":"2018-03-23T01:30:37.000Z","volume":10000,"label":" ","price":2.91},{"type":"U","date":"2018-03-23T01:30:38.000Z","volume":23000,"label":" ","price":2.91},{"type":"B","date":"2018-03-23T01:30:38.000Z","volume":30000,"label":" ","price":2.9},{"type":"B","date":"2018-03-23T01:30:43.000Z","volume":50000,"label":" ","price":2.9},{"type":"B","date":"2018-03-23T01:30:54.000Z","volume":9000,"label":" ","price":2.9},{"type":"B","date":"2018-03-23T01:30:58.000Z","volume":4000,"label":" ","price":2.9},{"type":"B","date":"2018-03-23T01:30:59.000Z","volume":20000,"label":" ","price":2.9},{"type":"B","date":"2018-03-23T01:31:00.000Z","volume":4000,"label":" ","price":2.9},{"type":"B","date":"2018-03-23T01:31:02.000Z","volume":90000,"label":" ","price":2.9},{"type":"A","date":"2018-03-23T01:31:08.000Z","volume":180000,"label":" ","price":2.91},{"type":"B","date":"2018-03-23T01:31:10.000Z","volume":15000,"label":" ","price":2.9},{"type":"B","date":"2018-03-23T01:31:20.000Z","volume":1000000,"label":" ","price":2.9},{"type":"B","date":"2018-03-23T01:31:20.000Z","volume":307000,"label":" ","price":2.9},{"type":"B","date":"2018-03-23T01:31:22.000Z","volume":2000,"label":" ","price":2.9},{"type":"U","date":"2018-03-23T01:31:22.000Z","volume":13000,"label":"X","price":2.91},{"type":"A","date":"2018-03-23T01:31:22.000Z","volume":5000,"label":" ","price":2.91},{"type":"B","date":"2018-03-23T01:31:25.000Z","volume":573000,"label":" ","price":2.9},{"type":"A","date":"2018-03-23T01:31:25.000Z","volume":428000,"label":" ","price":2.9},{"type":"A","date":"2018-03-23T01:31:25.000Z","volume":1000,"label":" ","price":2.9},{"type":"B","date":"2018-03-23T01:31:27.000Z","volume":80000,"label":" ","price":2.9},{"type":"B","date":"2018-03-23T01:31:27.000Z","volume":3000,"label":" ","price":2.9},{"type":"B","date":"2018-03-23T01:31:31.000Z","volume":198000,"label":" ","price":2.9},{"type":"A","date":"2018-03-23T01:31:32.000Z","volume":172000,"label":" ","price":2.9},{"type":"B","date":"2018-03-23T01:31:33.000Z","volume":14000,"label":" ","price":2.89},{"type":"B","date":"2018-03-23T01:31:33.000Z","volume":2000,"label":" ","price":2.89},{"type":"B","date":"2018-03-23T01:31:33.000Z","volume":42000,"label":" ","price":2.89},{"type":"B","date":"2018-03-23T01:31:33.000Z","volume":2000,"label":" ","price":2.89},{"type":"B","date":"2018-03-23T01:31:33.000Z","volume":9000,"label":" ","price":2.89},{"type":"B","date":"2018-03-23T01:31:33.000Z","volume":2000,"label":" ","price":2.89},{"type":"B","date":"2018-03-23T01:31:42.000Z","volume":10000,"label":" ","price":2.89},{"type":"B","date":"2018-03-23T01:31:42.000Z","volume":2000,"label":" ","price":2.89},{"type":"A","date":"2018-03-23T01:31:44.000Z","volume":32000,"label":" ","price":2.9},{"type":"B","date":"2018-03-23T01:31:48.000Z","volume":4000,"label":" ","price":2.89},{"type":"B","date":"2018-03-23T01:31:50.000Z","volume":2000,"label":" ","price":2.89},{"type":"B","date":"2018-03-23T01:32:15.000Z","volume":1000,"label":" ","price":2.89},{"type":"B","date":"2018-03-23T01:32:19.000Z","volume":20000,"label":" ","price":2.89},{"type":"B","date":"2018-03-23T01:32:22.000Z","volume":14000,"label":" ","price":2.89},{"type":"B","date":"2018-03-23T01:32:25.000Z","volume":100000,"label":" ","price":2.89},{"type":"B","date":"2018-03-23T01:32:25.000Z","volume":3000,"label":" ","price":2.89},{"type":"B","date":"2018-03-23T01:32:25.000Z","volume":1000,"label":" ","price":2.89},{"type":"B","date":"2018-03-23T01:32:25.000Z","volume":93000,"label":" ","price":2.89},{"type":"U","date":"2018-03-23T01:32:26.000Z","volume":1000,"label":" ","price":2.89},{"type":"A","date":"2018-03-23T01:32:27.000Z","volume":2000,"label":" ","price":2.89},{"type":"A","date":"2018-03-23T01:32:32.000Z","volume":1000,"label":" ","price":2.89},{"type":"B","date":"2018-03-23T01:32:33.000Z","volume":26000,"label":" ","price":2.88},{"type":"B","date":"2018-03-23T01:32:39.000Z","volume":103000,"label":"Y","price":2.88},{"type":"B","date":"2018-03-23T01:32:39.000Z","volume":397000,"label":" ","price":2.88},{"type":"B","date":"2018-03-23T01:32:39.000Z","volume":400000,"label":" ","price":2.88},{"type":"U","date":"2018-03-23T01:32:41.000Z","volume":4000,"label":" ","price":2.88},{"type":"U","date":"2018-03-23T01:32:41.000Z","volume":6000,"label":" ","price":2.88},{"type":"B","date":"2018-03-23T01:32:43.000Z","volume":6000,"label":" ","price":2.87},{"type":"A","date":"2018-03-23T01:32:44.000Z","volume":1000,"label":" ","price":2.88},{"type":"B","date":"2018-03-23T01:32:51.000Z","volume":5000,"label":" ","price":2.87},{"type":"A","date":"2018-03-23T01:32:57.000Z","volume":1000,"label":" ","price":2.88},{"type":"B","date":"2018-03-23T01:32:59.000Z","volume":20000,"label":" ","price":2.87},{"type":"B","date":"2018-03-23T01:33:03.000Z","volume":14000,"label":" ","price":2.87},{"type":"B","date":"2018-03-23T01:33:09.000Z","volume":10000,"label":" ","price":2.87},{"type":"B","date":"2018-03-23T01:33:10.000Z","volume":5000,"label":" ","price":2.87},{"type":"A","date":"2018-03-23T01:33:10.000Z","volume":1000,"label":" ","price":2.88},{"type":"A","date":"2018-03-23T01:33:17.000Z","volume":1000,"label":" ","price":2.88},{"type":"A","date":"2018-03-23T01:33:20.000Z","volume":10000,"label":" ","price":2.88},{"type":"A","date":"2018-03-23T01:33:32.000Z","volume":1000,"label":" ","price":2.88},{"type":"B","date":"2018-03-23T01:33:34.000Z","volume":20000,"label":" ","price":2.87},{"type":"B","date":"2018-03-23T01:33:42.000Z","volume":60000,"label":" ","price":2.87},{"type":"B","date":"2018-03-23T01:33:44.000Z","volume":86000,"label":" ","price":2.87},{"type":"B","date":"2018-03-23T01:33:45.000Z","volume":67000,"label":" ","price":2.87},{"type":"B","date":"2018-03-23T01:33:45.000Z","volume":33000,"label":" ","price":2.87},{"type":"B","date":"2018-03-23T01:33:49.000Z","volume":2000,"label":" ","price":2.87},{"type":"B","date":"2018-03-23T01:33:58.000Z","volume":16000,"label":" ","price":2.87},{"type":"B","date":"2018-03-23T01:34:02.000Z","volume":48000,"label":" ","price":2.87},{"type":"B","date":"2018-03-23T01:34:02.000Z","volume":119000,"label":" ","price":2.87},{"type":"B","date":"2018-03-23T01:34:20.000Z","volume":22000,"label":" ","price":2.87},{"type":"A","date":"2018-03-23T01:34:25.000Z","volume":10000,"label":" ","price":2.88},{"type":"A","date":"2018-03-23T01:34:49.000Z","volume":111000,"label":" ","price":2.88},{"type":"A","date":"2018-03-23T01:34:49.000Z","volume":22000,"label":"Y","price":2.88},{"type":"A","date":"2018-03-23T01:34:49.000Z","volume":631000,"label":" ","price":2.88},{"type":"B","date":"2018-03-23T01:34:51.000Z","volume":11000,"label":" ","price":2.87},{"type":"B","date":"2018-03-23T01:34:54.000Z","volume":28000,"label":" ","price":2.88},{"type":"B","date":"2018-03-23T01:35:03.000Z","volume":13000,"label":" ","price":2.88},{"type":"A","date":"2018-03-23T01:35:23.000Z","volume":3000,"label":"Y","price":2.89},{"type":"A","date":"2018-03-23T01:35:32.000Z","volume":10000,"label":"Y","price":2.89},{"type":"B","date":"2018-03-23T01:35:35.000Z","volume":30000,"label":" ","price":2.88},{"type":"A","date":"2018-03-23T01:35:43.000Z","volume":10000,"label":" ","price":2.89},{"type":"A","date":"2018-03-23T01:35:56.000Z","volume":155000,"label":" ","price":2.89},{"type":"B","date":"2018-03-23T01:36:02.000Z","volume":5000,"label":" ","price":2.88},{"type":"B","date":"2018-03-23T01:36:11.000Z","volume":20000,"label":" ","price":2.88},{"type":"B","date":"2018-03-23T01:36:11.000Z","volume":2000,"label":" ","price":2.88},{"type":"A","date":"2018-03-23T01:36:19.000Z","volume":5000,"label":"Y","price":2.89},{"type":"U","date":"2018-03-23T01:36:23.000Z","volume":730,"label":"D","price":2.92},{"type":"A","date":"2018-03-23T01:36:27.000Z","volume":126000,"label":" ","price":2.89},{"type":"A","date":"2018-03-23T01:36:27.000Z","volume":1000,"label":" ","price":2.89},{"type":"B","date":"2018-03-23T01:36:34.000Z","volume":10000,"label":" ","price":2.88},{"type":"A","date":"2018-03-23T01:36:37.000Z","volume":1000,"label":" ","price":2.89},{"type":"A","date":"2018-03-23T01:36:40.000Z","volume":554000,"label":" ","price":2.89},{"type":"A","date":"2018-03-23T01:36:40.000Z","volume":412000,"label":" ","price":2.89},{"type":"B","date":"2018-03-23T01:36:41.000Z","volume":100000,"label":" ","price":2.89},{"type":"B","date":"2018-03-23T01:36:48.000Z","volume":48000,"label":" ","price":2.89},{"type":"A","date":"2018-03-23T01:36:53.000Z","volume":300000,"label":" ","price":2.9},{"type":"A","date":"2018-03-23T01:37:00.000Z","volume":1000,"label":" ","price":2.9},{"type":"A","date":"2018-03-23T01:37:16.000Z","volume":1000,"label":" ","price":2.9},{"type":"A","date":"2018-03-23T01:37:21.000Z","volume":300000,"label":" ","price":2.9},{"type":"A","date":"2018-03-23T01:37:21.000Z","volume":419000,"label":" ","price":2.9},{"type":"B","date":"2018-03-23T01:37:27.000Z","volume":16000,"label":" ","price":2.9},{"type":"B","date":"2018-03-23T01:37:27.000Z","volume":300000,"label":" ","price":2.9},{"type":"A","date":"2018-03-23T01:37:28.000Z","volume":1000,"label":" ","price":2.9},{"type":"B","date":"2018-03-23T01:38:00.000Z","volume":80000,"label":" ","price":2.89},{"type":"B","date":"2018-03-23T01:38:00.000Z","volume":7000,"label":" ","price":2.89},{"type":"B","date":"2018-03-23T01:38:04.000Z","volume":57000,"label":" ","price":2.89},{"type":"A","date":"2018-03-23T01:38:04.000Z","volume":1000,"label":" ","price":2.9},{"type":"B","date":"2018-03-23T01:38:18.000Z","volume":9000,"label":" ","price":2.89},{"type":"A","date":"2018-03-23T01:38:18.000Z","volume":5000,"label":" ","price":2.9},{"type":"B","date":"2018-03-23T01:38:36.000Z","volume":8000,"label":" ","price":2.89},{"type":"B","date":"2018-03-23T01:38:55.000Z","volume":1000,"label":" ","price":2.89},{"type":"B","date":"2018-03-23T01:38:57.000Z","volume":32000,"label":" ","price":2.89},{"type":"A","date":"2018-03-23T01:39:09.000Z","volume":1000,"label":" ","price":2.9},{"type":"A","date":"2018-03-23T01:39:22.000Z","volume":1000,"label":" ","price":2.9},{"type":"A","date":"2018-03-23T01:39:34.000Z","volume":1000,"label":" ","price":2.9},{"type":"A","date":"2018-03-23T01:39:50.000Z","volume":1000,"label":" ","price":2.9},{"type":"B","date":"2018-03-23T01:40:00.000Z","volume":72000,"label":" ","price":2.89},{"type":"B","date":"2018-03-23T01:40:00.000Z","volume":1000,"label":" ","price":2.89},{"type":"A","date":"2018-03-23T01:40:02.000Z","volume":1000,"label":" ","price":2.9},{"type":"A","date":"2018-03-23T01:40:12.000Z","volume":1000,"label":" ","price":2.9},{"type":"B","date":"2018-03-23T01:40:14.000Z","volume":8000,"label":" ","price":2.89},{"type":"A","date":"2018-03-23T01:40:24.000Z","volume":1000,"label":" ","price":2.9},{"type":"B","date":"2018-03-23T01:40:32.000Z","volume":1000,"label":" ","price":2.89},{"type":"A","date":"2018-03-23T01:40:32.000Z","volume":5000,"label":" ","price":2.9},{"type":"A","date":"2018-03-23T01:40:39.000Z","volume":1000,"label":" ","price":2.9},{"type":"A","date":"2018-03-23T01:40:41.000Z","volume":2000,"label":" ","price":2.9},{"type":"A","date":"2018-03-23T01:40:48.000Z","volume":1000,"label":" ","price":2.9},{"type":"B","date":"2018-03-23T01:40:54.000Z","volume":50000,"label":"Y","price":2.89},{"type":"B","date":"2018-03-23T01:40:54.000Z","volume":320000,"label":" ","price":2.89},{"type":"B","date":"2018-03-23T01:40:54.000Z","volume":5000,"label":" ","price":2.89},{"type":"A","date":"2018-03-23T01:40:57.000Z","volume":15000,"label":" ","price":2.89},{"type":"A","date":"2018-03-23T01:41:04.000Z","volume":1000,"label":" ","price":2.89},{"type":"A","date":"2018-03-23T01:41:04.000Z","volume":49000,"label":" ","price":2.9},{"type":"A","date":"2018-03-23T01:41:24.000Z","volume":2000,"label":" ","price":2.89},{"type":"A","date":"2018-03-23T01:42:01.000Z","volume":1000,"label":" ","price":2.89},{"type":"B","date":"2018-03-23T01:42:07.000Z","volume":20000,"label":" ","price":2.88},{"type":"B","date":"2018-03-23T01:42:18.000Z","volume":232000,"label":"Y","price":2.88},{"type":"B","date":"2018-03-23T01:42:18.000Z","volume":468000,"label":" ","price":2.88},{"type":"A","date":"2018-03-23T01:42:19.000Z","volume":1000,"label":" ","price":2.89},{"type":"B","date":"2018-03-23T01:42:19.000Z","volume":320000,"label":" ","price":2.88},{"type":"B","date":"2018-03-23T01:42:19.000Z","volume":516000,"label":" ","price":2.88},{"type":"A","date":"2018-03-23T01:42:47.000Z","volume":88000,"label":" ","price":2.88},{"type":"A","date":"2018-03-23T01:42:53.000Z","volume":1000,"label":" ","price":2.88},{"type":"A","date":"2018-03-23T01:42:57.000Z","volume":27000,"label":" ","price":2.88},{"type":"A","date":"2018-03-23T01:42:57.000Z","volume":10000,"label":" ","price":2.88},{"type":"A","date":"2018-03-23T01:42:57.000Z","volume":63000,"label":" ","price":2.88},{"type":"U","date":"2018-03-23T01:43:23.000Z","volume":4000,"label":" ","price":2.88},{"type":"A","date":"2018-03-23T01:43:31.000Z","volume":10000,"label":" ","price":2.88},{"type":"A","date":"2018-03-23T01:43:31.000Z","volume":190000,"label":" ","price":2.88},{"type":"U","date":"2018-03-23T01:43:34.000Z","volume":20000,"label":" ","price":2.88},{"type":"B","date":"2018-03-23T01:43:36.000Z","volume":10000,"label":" ","price":2.87},{"type":"U","date":"2018-03-23T01:43:37.000Z","volume":1000,"label":" ","price":2.88},{"type":"A","date":"2018-03-23T01:43:46.000Z","volume":10000,"label":" ","price":2.88},{"type":"A","date":"2018-03-23T01:43:49.000Z","volume":2000,"label":" ","price":2.88},{"type":"A","date":"2018-03-23T01:43:59.000Z","volume":8000,"label":" ","price":2.88},{"type":"B","date":"2018-03-23T01:44:35.000Z","volume":6000,"label":" ","price":2.87},{"type":"B","date":"2018-03-23T01:44:38.000Z","volume":200000,"label":" ","price":2.87},{"type":"B","date":"2018-03-23T01:44:43.000Z","volume":10000,"label":" ","price":2.87},{"type":"A","date":"2018-03-23T01:45:01.000Z","volume":4000,"label":"Y","price":2.88},{"type":"A","date":"2018-03-23T01:45:02.000Z","volume":10000,"label":" ","price":2.88},{"type":"A","date":"2018-03-23T01:45:20.000Z","volume":2000,"label":" ","price":2.88},{"type":"B","date":"2018-03-23T01:45:20.000Z","volume":17000,"label":" ","price":2.87},{"type":"B","date":"2018-03-23T01:48:02.000Z","volume":131000,"label":" ","price":2.87},{"type":"B","date":"2018-03-23T01:48:11.000Z","volume":3000,"label":" ","price":2.87},{"type":"B","date":"2018-03-23T01:48:11.000Z","volume":5000,"label":" ","price":2.87},{"type":"A","date":"2018-03-23T01:48:12.000Z","volume":200000,"label":" ","price":2.88},{"type":"B","date":"2018-03-23T01:48:12.000Z","volume":8000,"label":" ","price":2.87},{"type":"A","date":"2018-03-23T01:48:26.000Z","volume":16000,"label":" ","price":2.88},{"type":"B","date":"2018-03-23T01:48:48.000Z","volume":10000,"label":" ","price":2.87},{"type":"A","date":"2018-03-23T01:48:54.000Z","volume":7000,"label":" ","price":2.88},{"type":"A","date":"2018-03-23T01:48:58.000Z","volume":3000,"label":" ","price":2.88},{"type":"B","date":"2018-03-23T01:51:18.000Z","volume":8000,"label":" ","price":2.87},{"type":"B","date":"2018-03-23T01:51:20.000Z","volume":225000,"label":" ","price":2.87},{"type":"B","date":"2018-03-23T01:51:21.000Z","volume":1000,"label":" ","price":2.87},{"type":"B","date":"2018-03-23T01:51:23.000Z","volume":19000,"label":" ","price":2.87},{"type":"B","date":"2018-03-23T01:51:41.000Z","volume":23000,"label":" ","price":2.87},{"type":"B","date":"2018-03-23T01:51:41.000Z","volume":50000,"label":" ","price":2.87},{"type":"U","date":"2018-03-23T01:51:41.000Z","volume":1000,"label":" ","price":2.87},{"type":"A","date":"2018-03-23T01:51:41.000Z","volume":1000,"label":" ","price":2.87},{"type":"B","date":"2018-03-23T01:51:41.000Z","volume":1000,"label":" ","price":2.87},{"type":"B","date":"2018-03-23T01:51:49.000Z","volume":14000,"label":"Y","price":2.87},{"type":"A","date":"2018-03-23T01:52:03.000Z","volume":20000,"label":" ","price":2.88},{"type":"A","date":"2018-03-23T01:52:16.000Z","volume":14000,"label":" ","price":2.88},{"type":"B","date":"2018-03-23T01:52:19.000Z","volume":3000,"label":" ","price":2.87},{"type":"A","date":"2018-03-23T01:53:13.000Z","volume":500000,"label":" ","price":2.88},{"type":"A","date":"2018-03-23T01:53:23.000Z","volume":500000,"label":" ","price":2.88},{"type":"A","date":"2018-03-23T01:53:30.000Z","volume":3000,"label":" ","price":2.88},{"type":"A","date":"2018-03-23T01:53:31.000Z","volume":10000,"label":" ","price":2.88},{"type":"A","date":"2018-03-23T01:53:56.000Z","volume":1000,"label":" ","price":2.88},{"type":"B","date":"2018-03-23T01:54:16.000Z","volume":6000,"label":" ","price":2.87},{"type":"A","date":"2018-03-23T01:54:17.000Z","volume":26000,"label":" ","price":2.88},{"type":"A","date":"2018-03-23T01:54:30.000Z","volume":30000,"label":" ","price":2.88},{"type":"A","date":"2018-03-23T01:54:44.000Z","volume":30000,"label":" ","price":2.88},{"type":"A","date":"2018-03-23T01:54:45.000Z","volume":10000,"label":" ","price":2.88},{"type":"A","date":"2018-03-23T01:54:58.000Z","volume":10000,"label":" ","price":2.88},{"type":"B","date":"2018-03-23T01:55:06.000Z","volume":5000,"label":" ","price":2.87},{"type":"A","date":"2018-03-23T01:55:17.000Z","volume":16000,"label":"Y","price":2.88},{"type":"A","date":"2018-03-23T01:55:17.000Z","volume":4000,"label":" ","price":2.88},{"type":"A","date":"2018-03-23T01:55:28.000Z","volume":20000,"label":" ","price":2.88},{"type":"A","date":"2018-03-23T01:55:59.000Z","volume":5000,"label":"Y","price":2.88},{"type":"A","date":"2018-03-23T01:56:02.000Z","volume":5000,"label":"Y","price":2.88},{"type":"A","date":"2018-03-23T01:56:04.000Z","volume":4000,"label":" ","price":2.88},{"type":"A","date":"2018-03-23T01:56:07.000Z","volume":30000,"label":" ","price":2.88},{"type":"A","date":"2018-03-23T01:56:08.000Z","volume":4000,"label":"Y","price":2.88},{"type":"A","date":"2018-03-23T01:56:20.000Z","volume":12000,"label":" ","price":2.88},{"type":"A","date":"2018-03-23T01:56:29.000Z","volume":5000,"label":" ","price":2.88},{"type":"A","date":"2018-03-23T01:56:34.000Z","volume":2000,"label":"Y","price":2.88},{"type":"A","date":"2018-03-23T01:56:35.000Z","volume":8000,"label":"Y","price":2.88},{"type":"A","date":"2018-03-23T01:56:57.000Z","volume":35000,"label":"Y","price":2.88},{"type":"A","date":"2018-03-23T01:57:07.000Z","volume":300000,"label":"Y","price":2.88},{"type":"A","date":"2018-03-23T01:57:07.000Z","volume":948000,"label":" ","price":2.88},{"type":"A","date":"2018-03-23T01:57:07.000Z","volume":1000,"label":" ","price":2.88},{"type":"A","date":"2018-03-23T01:57:07.000Z","volume":2000,"label":" ","price":2.88},{"type":"B","date":"2018-03-23T01:57:22.000Z","volume":136000,"label":" ","price":2.88},{"type":"B","date":"2018-03-23T01:57:22.000Z","volume":364000,"label":" ","price":2.87},{"type":"B","date":"2018-03-23T01:57:22.000Z","volume":1000,"label":" ","price":2.88},{"type":"B","date":"2018-03-23T01:57:22.000Z","volume":1000,"label":" ","price":2.88},{"type":"A","date":"2018-03-23T01:57:34.000Z","volume":1000,"label":" ","price":2.89},{"type":"B","date":"2018-03-23T01:57:35.000Z","volume":36000,"label":" ","price":2.88},{"type":"B","date":"2018-03-23T01:57:35.000Z","volume":12000,"label":" ","price":2.87},{"type":"B","date":"2018-03-23T01:57:35.000Z","volume":1000,"label":" ","price":2.88},{"type":"B","date":"2018-03-23T01:57:35.000Z","volume":8000,"label":" ","price":2.87},{"type":"B","date":"2018-03-23T01:57:38.000Z","volume":6000,"label":" ","price":2.88},{"type":"B","date":"2018-03-23T01:57:38.000Z","volume":202000,"label":" ","price":2.88},{"type":"U","date":"2018-03-23T01:57:44.000Z","volume":3000,"label":" ","price":2.88},{"type":"B","date":"2018-03-23T01:57:49.000Z","volume":6000,"label":" ","price":2.88},{"type":"B","date":"2018-03-23T01:58:18.000Z","volume":1000,"label":"Y","price":2.88},{"type":"B","date":"2018-03-23T01:58:18.000Z","volume":7000,"label":" ","price":2.88},{"type":"A","date":"2018-03-23T01:58:43.000Z","volume":1000,"label":" ","price":2.89},{"type":"A","date":"2018-03-23T01:58:57.000Z","volume":1000,"label":" ","price":2.89},{"type":"B","date":"2018-03-23T02:01:33.000Z","volume":7000,"label":" ","price":2.88},{"type":"A","date":"2018-03-23T02:01:58.000Z","volume":1000,"label":" ","price":2.89},{"type":"B","date":"2018-03-23T02:02:10.000Z","volume":30000,"label":" ","price":2.88},{"type":"A","date":"2018-03-23T02:02:43.000Z","volume":2000,"label":" ","price":2.89},{"type":"A","date":"2018-03-23T02:03:15.000Z","volume":2000,"label":" ","price":2.89},{"type":"B","date":"2018-03-23T02:03:21.000Z","volume":200000,"label":" ","price":2.88},{"type":"B","date":"2018-03-23T02:03:54.000Z","volume":430000,"label":" ","price":2.88},{"type":"B","date":"2018-03-23T02:04:03.000Z","volume":9000,"label":" ","price":2.88},{"type":"B","date":"2018-03-23T02:04:12.000Z","volume":2000,"label":" ","price":2.88},{"type":"B","date":"2018-03-23T02:04:14.000Z","volume":15000,"label":" ","price":2.88},{"type":"B","date":"2018-03-23T02:04:19.000Z","volume":5000,"label":" ","price":2.88},{"type":"B","date":"2018-03-23T02:04:19.000Z","volume":5000,"label":" ","price":2.88},{"type":"B","date":"2018-03-23T02:04:20.000Z","volume":1000,"label":" ","price":2.88},{"type":"B","date":"2018-03-23T02:04:29.000Z","volume":14000,"label":" ","price":2.88},{"type":"B","date":"2018-03-23T02:04:41.000Z","volume":3000,"label":" ","price":2.88},{"type":"A","date":"2018-03-23T02:05:12.000Z","volume":119000,"label":" ","price":2.89},{"type":"A","date":"2018-03-23T02:05:13.000Z","volume":26000,"label":" ","price":2.89},{"type":"A","date":"2018-03-23T02:05:13.000Z","volume":148000,"label":" ","price":2.89},{"type":"A","date":"2018-03-23T02:05:13.000Z","volume":226000,"label":" ","price":2.89},{"type":"A","date":"2018-03-23T02:05:13.000Z","volume":31000,"label":" ","price":2.89},{"type":"A","date":"2018-03-23T02:05:14.000Z","volume":1000,"label":" ","price":2.89},{"type":"A","date":"2018-03-23T02:05:14.000Z","volume":66000,"label":" ","price":2.89},{"type":"A","date":"2018-03-23T02:05:14.000Z","volume":121000,"label":" ","price":2.89},{"type":"A","date":"2018-03-23T02:05:14.000Z","volume":170000,"label":" ","price":2.89},{"type":"A","date":"2018-03-23T02:05:14.000Z","volume":247000,"label":" ","price":2.89},{"type":"A","date":"2018-03-23T02:05:14.000Z","volume":755000,"label":" ","price":2.89},{"type":"A","date":"2018-03-23T02:05:14.000Z","volume":16000,"label":" ","price":2.89},{"type":"B","date":"2018-03-23T02:05:19.000Z","volume":8000,"label":" ","price":2.89},{"type":"B","date":"2018-03-23T02:05:48.000Z","volume":8000,"label":"Y","price":2.89},{"type":"A","date":"2018-03-23T02:06:10.000Z","volume":30000,"label":" ","price":2.9},{"type":"B","date":"2018-03-23T02:06:33.000Z","volume":5000,"label":" ","price":2.89},{"type":"B","date":"2018-03-23T02:06:44.000Z","volume":1000,"label":" ","price":2.89},{"type":"B","date":"2018-03-23T02:07:34.000Z","volume":6000,"label":"Y","price":2.89},{"type":"B","date":"2018-03-23T02:07:35.000Z","volume":3000,"label":" ","price":2.89},{"type":"B","date":"2018-03-23T02:07:44.000Z","volume":10000,"label":" ","price":2.89},{"type":"B","date":"2018-03-23T02:08:10.000Z","volume":7000,"label":" ","price":2.89},{"type":"A","date":"2018-03-23T02:08:15.000Z","volume":3000,"label":" ","price":2.9},{"type":"B","date":"2018-03-23T02:08:23.000Z","volume":325000,"label":" ","price":2.89},{"type":"B","date":"2018-03-23T02:08:23.000Z","volume":18000,"label":" ","price":2.89},{"type":"B","date":"2018-03-23T02:08:23.000Z","volume":2000,"label":" ","price":2.89},{"type":"A","date":"2018-03-23T02:09:17.000Z","volume":54000,"label":" ","price":2.89},{"type":"A","date":"2018-03-23T02:10:18.000Z","volume":24000,"label":" ","price":2.89},{"type":"A","date":"2018-03-23T02:10:44.000Z","volume":30000,"label":" ","price":2.89},{"type":"B","date":"2018-03-23T02:12:44.000Z","volume":12000,"label":" ","price":2.88},{"type":"A","date":"2018-03-23T02:12:59.000Z","volume":9000,"label":" ","price":2.89},{"type":"B","date":"2018-03-23T02:13:14.000Z","volume":12000,"label":" ","price":2.88},{"type":"B","date":"2018-03-23T02:13:17.000Z","volume":124000,"label":"Y","price":2.88},{"type":"B","date":"2018-03-23T02:13:17.000Z","volume":24000,"label":" ","price":2.88},{"type":"B","date":"2018-03-23T02:13:40.000Z","volume":4000,"label":" ","price":2.88},{"type":"B","date":"2018-03-23T02:14:03.000Z","volume":112000,"label":" ","price":2.88},{"type":"B","date":"2018-03-23T02:14:03.000Z","volume":425000,"label":" ","price":2.88},{"type":"B","date":"2018-03-23T02:14:03.000Z","volume":458000,"label":" ","price":2.88},{"type":"B","date":"2018-03-23T02:14:03.000Z","volume":1000,"label":" ","price":2.88},{"type":"A","date":"2018-03-23T02:14:09.000Z","volume":8000,"label":" ","price":2.88},{"type":"A","date":"2018-03-23T02:14:09.000Z","volume":8000,"label":" ","price":2.88},{"type":"A","date":"2018-03-23T02:14:42.000Z","volume":2000,"label":" ","price":2.88},{"type":"A","date":"2018-03-23T02:14:46.000Z","volume":20000,"label":" ","price":2.88},{"type":"A","date":"2018-03-23T02:14:46.000Z","volume":2000,"label":"Y","price":2.88},{"type":"A","date":"2018-03-23T02:14:46.000Z","volume":37000,"label":" ","price":2.88},{"type":"B","date":"2018-03-23T02:15:03.000Z","volume":8000,"label":" ","price":2.88},{"type":"A","date":"2018-03-23T02:15:38.000Z","volume":30000,"label":" ","price":2.89},{"type":"B","date":"2018-03-23T02:16:07.000Z","volume":1000,"label":" ","price":2.88},{"type":"B","date":"2018-03-23T02:16:34.000Z","volume":6000,"label":" ","price":2.88},{"type":"A","date":"2018-03-23T02:16:43.000Z","volume":200000,"label":"Y","price":2.89},{"type":"B","date":"2018-03-23T02:17:56.000Z","volume":2000,"label":" ","price":2.88},{"type":"B","date":"2018-03-23T02:19:03.000Z","volume":9000,"label":" ","price":2.88},{"type":"B","date":"2018-03-23T02:19:29.000Z","volume":4000,"label":"Y","price":2.88},{"type":"B","date":"2018-03-23T02:19:29.000Z","volume":9000,"label":" ","price":2.88},{"type":"B","date":"2018-03-23T02:19:33.000Z","volume":30000,"label":"Y","price":2.88},{"type":"B","date":"2018-03-23T02:19:33.000Z","volume":183000,"label":" ","price":2.88},{"type":"B","date":"2018-03-23T02:19:33.000Z","volume":5000,"label":" ","price":2.88},{"type":"A","date":"2018-03-23T02:19:34.000Z","volume":5000,"label":"Y","price":2.89},{"type":"B","date":"2018-03-23T02:20:00.000Z","volume":10000,"label":" ","price":2.88},{"type":"B","date":"2018-03-23T02:20:32.000Z","volume":2000,"label":"Y","price":2.88},{"type":"A","date":"2018-03-23T02:20:42.000Z","volume":15000,"label":" ","price":2.89},{"type":"B","date":"2018-03-23T02:20:43.000Z","volume":6000,"label":" ","price":2.88},{"type":"B","date":"2018-03-23T02:20:46.000Z","volume":6000,"label":" ","price":2.88},{"type":"B","date":"2018-03-23T02:21:06.000Z","volume":6000,"label":" ","price":2.88},{"type":"A","date":"2018-03-23T02:21:18.000Z","volume":50000,"label":" ","price":2.89},{"type":"A","date":"2018-03-23T02:22:10.000Z","volume":100000,"label":" ","price":2.89},{"type":"B","date":"2018-03-23T02:23:15.000Z","volume":10000,"label":" ","price":2.88},{"type":"A","date":"2018-03-23T02:23:23.000Z","volume":2000,"label":"Y","price":2.89},{"type":"A","date":"2018-03-23T02:23:24.000Z","volume":7000,"label":"Y","price":2.89},{"type":"A","date":"2018-03-23T02:25:15.000Z","volume":1000,"label":" ","price":2.89},{"type":"A","date":"2018-03-23T02:25:59.000Z","volume":2000,"label":" ","price":2.89},{"type":"A","date":"2018-03-23T02:26:32.000Z","volume":2000,"label":" ","price":2.89},{"type":"B","date":"2018-03-23T02:26:44.000Z","volume":57000,"label":"Y","price":2.88},{"type":"B","date":"2018-03-23T02:26:44.000Z","volume":43000,"label":" ","price":2.88},{"type":"B","date":"2018-03-23T02:27:09.000Z","volume":2000,"label":" ","price":2.88},{"type":"A","date":"2018-03-23T02:27:10.000Z","volume":3000,"label":" ","price":2.89},{"type":"B","date":"2018-03-23T02:27:38.000Z","volume":3000,"label":" ","price":2.88},{"type":"A","date":"2018-03-23T02:27:48.000Z","volume":1000,"label":" ","price":2.89},{"type":"A","date":"2018-03-23T02:28:17.000Z","volume":3000,"label":"Y","price":2.89},{"type":"A","date":"2018-03-23T02:28:24.000Z","volume":2000,"label":" ","price":2.89},{"type":"B","date":"2018-03-23T02:28:39.000Z","volume":82000,"label":"Y","price":2.88},{"type":"B","date":"2018-03-23T02:28:39.000Z","volume":918000,"label":" ","price":2.88},{"type":"B","date":"2018-03-23T02:28:39.000Z","volume":587000,"label":" ","price":2.88},{"type":"U","date":"2018-03-23T02:28:39.000Z","volume":1000,"label":" ","price":2.88},{"type":"U","date":"2018-03-23T02:28:39.000Z","volume":1000,"label":" ","price":2.88},{"type":"U","date":"2018-03-23T02:28:39.000Z","volume":1000,"label":" ","price":2.88},{"type":"U","date":"2018-03-23T02:28:39.000Z","volume":1000,"label":" ","price":2.88},{"type":"U","date":"2018-03-23T02:28:54.000Z","volume":10000,"label":" ","price":2.88},{"type":"U","date":"2018-03-23T02:29:17.000Z","volume":3000,"label":" ","price":2.88},{"type":"B","date":"2018-03-23T02:29:18.000Z","volume":1000,"label":" ","price":2.88},{"type":"B","date":"2018-03-23T02:29:18.000Z","volume":1000,"label":" ","price":2.88},{"type":"A","date":"2018-03-23T02:29:49.000Z","volume":80000,"label":" ","price":2.88},{"type":"A","date":"2018-03-23T02:30:56.000Z","volume":5000,"label":" ","price":2.88},{"type":"A","date":"2018-03-23T02:31:26.000Z","volume":10000,"label":" ","price":2.88},{"type":"A","date":"2018-03-23T02:31:29.000Z","volume":1000,"label":" ","price":2.88},{"type":"B","date":"2018-03-23T02:31:48.000Z","volume":3000,"label":" ","price":2.87},{"type":"B","date":"2018-03-23T02:32:17.000Z","volume":50000,"label":" ","price":2.87},{"type":"B","date":"2018-03-23T02:32:39.000Z","volume":70000,"label":" ","price":2.87},{"type":"B","date":"2018-03-23T02:33:33.000Z","volume":32000,"label":" ","price":2.87},{"type":"A","date":"2018-03-23T02:34:02.000Z","volume":7000,"label":" ","price":2.88},{"type":"B","date":"2018-03-23T02:34:43.000Z","volume":80000,"label":" ","price":2.87},{"type":"A","date":"2018-03-23T02:35:06.000Z","volume":1000,"label":" ","price":2.88},{"type":"A","date":"2018-03-23T02:35:09.000Z","volume":25000,"label":" ","price":2.88},{"type":"A","date":"2018-03-23T02:35:29.000Z","volume":7000,"label":" ","price":2.88},{"type":"A","date":"2018-03-23T02:35:33.000Z","volume":300000,"label":" ","price":2.88},{"type":"A","date":"2018-03-23T02:36:13.000Z","volume":8000,"label":" ","price":2.88},{"type":"A","date":"2018-03-23T02:36:29.000Z","volume":1000,"label":" ","price":2.88},{"type":"B","date":"2018-03-23T02:36:33.000Z","volume":10000,"label":" ","price":2.87},{"type":"A","date":"2018-03-23T02:36:33.000Z","volume":1000,"label":" ","price":2.88},{"type":"B","date":"2018-03-23T02:36:49.000Z","volume":20000,"label":" ","price":2.87},{"type":"A","date":"2018-03-23T02:37:15.000Z","volume":110000,"label":"Y","price":2.88},{"type":"A","date":"2018-03-23T02:37:15.000Z","volume":90000,"label":" ","price":2.88},{"type":"A","date":"2018-03-23T02:37:18.000Z","volume":2000,"label":" ","price":2.88},{"type":"B","date":"2018-03-23T02:37:51.000Z","volume":60000,"label":" ","price":2.87},{"type":"A","date":"2018-03-23T02:38:05.000Z","volume":2000,"label":" ","price":2.88},{"type":"B","date":"2018-03-23T02:38:08.000Z","volume":4000,"label":" ","price":2.87},{"type":"B","date":"2018-03-23T02:38:16.000Z","volume":3000,"label":" ","price":2.87},{"type":"B","date":"2018-03-23T02:38:25.000Z","volume":356000,"label":" ","price":2.87},{"type":"B","date":"2018-03-23T02:38:25.000Z","volume":117000,"label":" ","price":2.87},{"type":"B","date":"2018-03-23T02:38:26.000Z","volume":121000,"label":" ","price":2.87},{"type":"B","date":"2018-03-23T02:38:37.000Z","volume":1000,"label":" ","price":2.87},{"type":"A","date":"2018-03-23T02:39:30.000Z","volume":2000,"label":" ","price":2.88},{"type":"A","date":"2018-03-23T02:39:58.000Z","volume":40000,"label":" ","price":2.88},{"type":"A","date":"2018-03-23T02:40:15.000Z","volume":2000,"label":" ","price":2.88},{"type":"A","date":"2018-03-23T02:40:43.000Z","volume":3000,"label":" ","price":2.88},{"type":"B","date":"2018-03-23T02:40:45.000Z","volume":4000,"label":" ","price":2.87},{"type":"B","date":"2018-03-23T02:40:54.000Z","volume":50000,"label":" ","price":2.87},{"type":"B","date":"2018-03-23T02:41:11.000Z","volume":500000,"label":" ","price":2.87},{"type":"B","date":"2018-03-23T02:41:18.000Z","volume":8000,"label":" ","price":2.87},{"type":"B","date":"2018-03-23T02:41:18.000Z","volume":29000,"label":" ","price":2.87},{"type":"B","date":"2018-03-23T02:41:19.000Z","volume":5000,"label":" ","price":2.87},{"type":"B","date":"2018-03-23T02:41:19.000Z","volume":38000,"label":" ","price":2.87},{"type":"B","date":"2018-03-23T02:41:19.000Z","volume":6000,"label":" ","price":2.87},{"type":"B","date":"2018-03-23T02:41:19.000Z","volume":3000,"label":" ","price":2.87},{"type":"B","date":"2018-03-23T02:41:19.000Z","volume":106000,"label":" ","price":2.87},{"type":"B","date":"2018-03-23T02:41:19.000Z","volume":579000,"label":" ","price":2.87},{"type":"A","date":"2018-03-23T02:41:23.000Z","volume":100000,"label":" ","price":2.87},{"type":"B","date":"2018-03-23T02:41:46.000Z","volume":4000,"label":" ","price":2.86},{"type":"A","date":"2018-03-23T02:41:48.000Z","volume":10000,"label":" ","price":2.87},{"type":"A","date":"2018-03-23T02:41:49.000Z","volume":21000,"label":" ","price":2.87},{"type":"A","date":"2018-03-23T02:41:53.000Z","volume":10000,"label":" ","price":2.87},{"type":"A","date":"2018-03-23T02:42:05.000Z","volume":1000,"label":" ","price":2.87},{"type":"A","date":"2018-03-23T02:42:31.000Z","volume":20000,"label":" ","price":2.87},{"type":"B","date":"2018-03-23T02:42:44.000Z","volume":4000,"label":" ","price":2.86},{"type":"A","date":"2018-03-23T02:45:35.000Z","volume":2000,"label":" ","price":2.87},{"type":"A","date":"2018-03-23T02:47:30.000Z","volume":1000,"label":" ","price":2.87},{"type":"A","date":"2018-03-23T02:48:31.000Z","volume":10000,"label":" ","price":2.87},{"type":"A","date":"2018-03-23T02:48:35.000Z","volume":24000,"label":" ","price":2.87},{"type":"A","date":"2018-03-23T02:48:48.000Z","volume":8000,"label":" ","price":2.87},{"type":"A","date":"2018-03-23T02:49:05.000Z","volume":1000,"label":" ","price":2.87},{"type":"B","date":"2018-03-23T02:49:23.000Z","volume":5000,"label":" ","price":2.86},{"type":"A","date":"2018-03-23T02:49:48.000Z","volume":3000,"label":" ","price":2.87},{"type":"A","date":"2018-03-23T02:50:50.000Z","volume":2000,"label":" ","price":2.87},{"type":"A","date":"2018-03-23T02:51:09.000Z","volume":10000,"label":" ","price":2.87},{"type":"A","date":"2018-03-23T02:51:28.000Z","volume":8000,"label":" ","price":2.87},{"type":"A","date":"2018-03-23T02:51:40.000Z","volume":1000,"label":" ","price":2.87},{"type":"A","date":"2018-03-23T02:52:00.000Z","volume":100000,"label":" ","price":2.87},{"type":"A","date":"2018-03-23T02:52:08.000Z","volume":20000,"label":" ","price":2.87},{"type":"A","date":"2018-03-23T02:52:25.000Z","volume":2000,"label":" ","price":2.87},{"type":"A","date":"2018-03-23T02:52:50.000Z","volume":2000,"label":" ","price":2.87},{"type":"A","date":"2018-03-23T02:53:01.000Z","volume":1000,"label":" ","price":2.87},{"type":"A","date":"2018-03-23T02:53:30.000Z","volume":2000,"label":" ","price":2.87},{"type":"A","date":"2018-03-23T02:54:01.000Z","volume":9000,"label":" ","price":2.87},{"type":"A","date":"2018-03-23T02:54:10.000Z","volume":2000,"label":" ","price":2.87},{"type":"A","date":"2018-03-23T02:54:55.000Z","volume":2000,"label":" ","price":2.87},{"type":"B","date":"2018-03-23T02:54:58.000Z","volume":5000,"label":" ","price":2.86},{"type":"A","date":"2018-03-23T02:54:59.000Z","volume":210000,"label":" ","price":2.87},{"type":"A","date":"2018-03-23T02:55:00.000Z","volume":5000,"label":" ","price":2.87},{"type":"A","date":"2018-03-23T02:55:06.000Z","volume":1000000,"label":" ","price":2.87},{"type":"A","date":"2018-03-23T02:55:06.000Z","volume":352000,"label":" ","price":2.87},{"type":"A","date":"2018-03-23T02:55:06.000Z","volume":6000,"label":" ","price":2.87},{"type":"A","date":"2018-03-23T02:55:06.000Z","volume":9000,"label":" ","price":2.87},{"type":"B","date":"2018-03-23T02:55:49.000Z","volume":5000,"label":" ","price":2.87},{"type":"A","date":"2018-03-23T02:56:19.000Z","volume":14000,"label":" ","price":2.88},{"type":"B","date":"2018-03-23T02:56:43.000Z","volume":20000,"label":" ","price":2.87},{"type":"A","date":"2018-03-23T02:56:43.000Z","volume":10000,"label":" ","price":2.88},{"type":"B","date":"2018-03-23T02:58:00.000Z","volume":500000,"label":" ","price":2.87},{"type":"B","date":"2018-03-23T02:58:00.000Z","volume":5000,"label":" ","price":2.87},{"type":"B","date":"2018-03-23T02:58:48.000Z","volume":6000,"label":"Y","price":2.87},{"type":"B","date":"2018-03-23T02:58:48.000Z","volume":31000,"label":" ","price":2.87},{"type":"B","date":"2018-03-23T02:58:48.000Z","volume":8000,"label":" ","price":2.87},{"type":"B","date":"2018-03-23T02:59:22.000Z","volume":6000,"label":" ","price":2.87},{"type":"A","date":"2018-03-23T02:59:23.000Z","volume":2000,"label":" ","price":2.88},{"type":"B","date":"2018-03-23T02:59:36.000Z","volume":100000,"label":" ","price":2.87},{"type":"B","date":"2018-03-23T02:59:36.000Z","volume":8000,"label":" ","price":2.87},{"type":"B","date":"2018-03-23T02:59:59.000Z","volume":100000,"label":" ","price":2.87},{"type":"B","date":"2018-03-23T03:00:07.000Z","volume":40000,"label":" ","price":2.87},{"type":"B","date":"2018-03-23T03:00:11.000Z","volume":199000,"label":" ","price":2.87},{"type":"A","date":"2018-03-23T03:00:24.000Z","volume":2000,"label":" ","price":2.87},{"type":"B","date":"2018-03-23T03:00:28.000Z","volume":70000,"label":" ","price":2.86},{"type":"B","date":"2018-03-23T03:00:44.000Z","volume":30000,"label":" ","price":2.86},{"type":"A","date":"2018-03-23T03:03:16.000Z","volume":1000,"label":"Y","price":2.87},{"type":"A","date":"2018-03-23T03:03:16.000Z","volume":449000,"label":" ","price":2.87},{"type":"A","date":"2018-03-23T03:03:16.000Z","volume":318000,"label":" ","price":2.87},{"type":"A","date":"2018-03-23T03:03:16.000Z","volume":41000,"label":" ","price":2.87},{"type":"U","date":"2018-03-23T03:03:16.000Z","volume":1000,"label":" ","price":2.87},{"type":"B","date":"2018-03-23T03:03:34.000Z","volume":6000,"label":"Y","price":2.87},{"type":"B","date":"2018-03-23T03:04:08.000Z","volume":24000,"label":" ","price":2.87},{"type":"B","date":"2018-03-23T03:04:24.000Z","volume":70000,"label":" ","price":2.87},{"type":"A","date":"2018-03-23T03:06:19.000Z","volume":35000,"label":" ","price":2.88},{"type":"A","date":"2018-03-23T03:07:48.000Z","volume":10000,"label":" ","price":2.88},{"type":"B","date":"2018-03-23T03:09:33.000Z","volume":3000,"label":"Y","price":2.87},{"type":"B","date":"2018-03-23T03:09:33.000Z","volume":47000,"label":" ","price":2.87},{"type":"A","date":"2018-03-23T03:11:54.000Z","volume":1000,"label":" ","price":2.88},{"type":"B","date":"2018-03-23T03:12:14.000Z","volume":25000,"label":" ","price":2.87},{"type":"A","date":"2018-03-23T03:12:37.000Z","volume":20000,"label":" ","price":2.88},{"type":"A","date":"2018-03-23T03:12:42.000Z","volume":10000,"label":" ","price":2.88},{"type":"B","date":"2018-03-23T03:13:48.000Z","volume":50000,"label":" ","price":2.87},{"type":"A","date":"2018-03-23T03:13:50.000Z","volume":1000,"label":" ","price":2.88},{"type":"A","date":"2018-03-23T03:14:52.000Z","volume":10000,"label":" ","price":2.88},{"type":"A","date":"2018-03-23T03:15:41.000Z","volume":20000,"label":" ","price":2.88},{"type":"B","date":"2018-03-23T03:16:33.000Z","volume":12000,"label":"Y","price":2.87},{"type":"B","date":"2018-03-23T03:16:33.000Z","volume":18000,"label":" ","price":2.87},{"type":"A","date":"2018-03-23T03:17:55.000Z","volume":1000,"label":" ","price":2.88},{"type":"A","date":"2018-03-23T03:18:20.000Z","volume":10000,"label":" ","price":2.88},{"type":"A","date":"2018-03-23T03:18:27.000Z","volume":2000,"label":" ","price":2.88},{"type":"A","date":"2018-03-23T03:18:58.000Z","volume":2000,"label":" ","price":2.88},{"type":"B","date":"2018-03-23T03:19:11.000Z","volume":500000,"label":" ","price":2.87},{"type":"B","date":"2018-03-23T03:19:22.000Z","volume":5000,"label":" ","price":2.87},{"type":"A","date":"2018-03-23T03:20:02.000Z","volume":20000,"label":" ","price":2.88},{"type":"A","date":"2018-03-23T03:20:05.000Z","volume":20000,"label":" ","price":2.88},{"type":"A","date":"2018-03-23T03:20:35.000Z","volume":8000,"label":" ","price":2.88},{"type":"A","date":"2018-03-23T03:20:49.000Z","volume":8000,"label":" ","price":2.88},{"type":"A","date":"2018-03-23T03:20:49.000Z","volume":10000,"label":" ","price":2.88},{"type":"A","date":"2018-03-23T03:21:13.000Z","volume":10000,"label":" ","price":2.88},{"type":"A","date":"2018-03-23T03:22:18.000Z","volume":10000,"label":" ","price":2.88},{"type":"B","date":"2018-03-23T03:22:34.000Z","volume":200000,"label":" ","price":2.87},{"type":"B","date":"2018-03-23T03:22:53.000Z","volume":2000,"label":" ","price":2.87},{"type":"A","date":"2018-03-23T03:23:22.000Z","volume":100000,"label":" ","price":2.88},{"type":"A","date":"2018-03-23T03:23:24.000Z","volume":10000,"label":" ","price":2.88},{"type":"A","date":"2018-03-23T03:23:39.000Z","volume":10000,"label":" ","price":2.88},{"type":"A","date":"2018-03-23T03:23:39.000Z","volume":3000,"label":" ","price":2.88},{"type":"A","date":"2018-03-23T03:24:34.000Z","volume":2000,"label":" ","price":2.88},{"type":"A","date":"2018-03-23T03:24:59.000Z","volume":14000,"label":" ","price":2.88},{"type":"A","date":"2018-03-23T03:25:27.000Z","volume":2000,"label":" ","price":2.88},{"type":"B","date":"2018-03-23T03:25:51.000Z","volume":3000,"label":" ","price":2.87},{"type":"B","date":"2018-03-23T03:25:58.000Z","volume":20000,"label":" ","price":2.87},{"type":"A","date":"2018-03-23T03:26:30.000Z","volume":2000,"label":" ","price":2.88},{"type":"A","date":"2018-03-23T03:26:35.000Z","volume":1000,"label":" ","price":2.88},{"type":"A","date":"2018-03-23T03:26:59.000Z","volume":14000,"label":" ","price":2.88},{"type":"A","date":"2018-03-23T03:27:22.000Z","volume":60000,"label":" ","price":2.88},{"type":"A","date":"2018-03-23T03:27:30.000Z","volume":2000,"label":" ","price":2.88},{"type":"A","date":"2018-03-23T03:28:07.000Z","volume":8000,"label":" ","price":2.88},{"type":"A","date":"2018-03-23T03:28:21.000Z","volume":2000,"label":" ","price":2.88},{"type":"A","date":"2018-03-23T03:29:10.000Z","volume":2000,"label":" ","price":2.88},{"type":"A","date":"2018-03-23T03:29:23.000Z","volume":9000,"label":" ","price":2.88},{"type":"A","date":"2018-03-23T03:29:43.000Z","volume":2000,"label":" ","price":2.88},{"type":"B","date":"2018-03-23T03:29:58.000Z","volume":10000,"label":" ","price":2.87},{"type":"A","date":"2018-03-23T03:30:07.000Z","volume":1000,"label":" ","price":2.88},{"type":"A","date":"2018-03-23T03:30:25.000Z","volume":6000,"label":" ","price":2.88},{"type":"A","date":"2018-03-23T03:30:40.000Z","volume":2000,"label":" ","price":2.88},{"type":"A","date":"2018-03-23T03:30:50.000Z","volume":9000,"label":" ","price":2.88},{"type":"B","date":"2018-03-23T03:31:26.000Z","volume":200000,"label":" ","price":2.87},{"type":"B","date":"2018-03-23T03:31:26.000Z","volume":500000,"label":" ","price":2.87},{"type":"B","date":"2018-03-23T03:31:26.000Z","volume":4000,"label":" ","price":2.87},{"type":"B","date":"2018-03-23T03:31:28.000Z","volume":40000,"label":" ","price":2.87},{"type":"B","date":"2018-03-23T03:33:00.000Z","volume":280000,"label":" ","price":2.87},{"type":"B","date":"2018-03-23T03:34:25.000Z","volume":200000,"label":" ","price":2.87},{"type":"B","date":"2018-03-23T03:35:03.000Z","volume":8000,"label":" ","price":2.87},{"type":"B","date":"2018-03-23T03:35:03.000Z","volume":8000,"label":" ","price":2.87},{"type":"B","date":"2018-03-23T03:35:03.000Z","volume":8000,"label":" ","price":2.87},{"type":"B","date":"2018-03-23T03:35:03.000Z","volume":8000,"label":" ","price":2.87},{"type":"B","date":"2018-03-23T03:35:04.000Z","volume":5000,"label":" ","price":2.87},{"type":"B","date":"2018-03-23T03:35:04.000Z","volume":1000,"label":" ","price":2.87},{"type":"B","date":"2018-03-23T03:35:04.000Z","volume":6000,"label":" ","price":2.87},{"type":"B","date":"2018-03-23T03:35:04.000Z","volume":5000,"label":" ","price":2.87},{"type":"B","date":"2018-03-23T03:35:04.000Z","volume":5000,"label":" ","price":2.87},{"type":"B","date":"2018-03-23T03:35:04.000Z","volume":5000,"label":" ","price":2.87},{"type":"B","date":"2018-03-23T03:35:06.000Z","volume":1000,"label":" ","price":2.87},{"type":"A","date":"2018-03-23T03:35:17.000Z","volume":40000,"label":" ","price":2.88},{"type":"A","date":"2018-03-23T03:35:38.000Z","volume":107000,"label":"Y","price":2.88},{"type":"A","date":"2018-03-23T03:35:38.000Z","volume":893000,"label":" ","price":2.88},{"type":"A","date":"2018-03-23T03:35:38.000Z","volume":655000,"label":" ","price":2.88},{"type":"B","date":"2018-03-23T03:35:38.000Z","volume":217000,"label":" ","price":2.87},{"type":"B","date":"2018-03-23T03:35:38.000Z","volume":183000,"label":" ","price":2.87},{"type":"B","date":"2018-03-23T03:36:37.000Z","volume":80000,"label":" ","price":2.87},{"type":"A","date":"2018-03-23T03:37:06.000Z","volume":11000,"label":" ","price":2.87},{"type":"A","date":"2018-03-23T03:37:28.000Z","volume":200000,"label":" ","price":2.87},{"type":"A","date":"2018-03-23T03:38:36.000Z","volume":10000,"label":" ","price":2.87},{"type":"A","date":"2018-03-23T03:38:38.000Z","volume":10000,"label":" ","price":2.87},{"type":"A","date":"2018-03-23T03:39:06.000Z","volume":7000,"label":" ","price":2.87},{"type":"B","date":"2018-03-23T03:39:13.000Z","volume":20000,"label":"Y","price":2.86},{"type":"B","date":"2018-03-23T03:39:13.000Z","volume":30000,"label":" ","price":2.86},{"type":"A","date":"2018-03-23T03:40:13.000Z","volume":10000,"label":" ","price":2.87},{"type":"A","date":"2018-03-23T03:40:35.000Z","volume":10000,"label":" ","price":2.87},{"type":"A","date":"2018-03-23T03:40:54.000Z","volume":423000,"label":" ","price":2.87},{"type":"A","date":"2018-03-23T03:40:54.000Z","volume":2000,"label":" ","price":2.87},{"type":"B","date":"2018-03-23T03:41:22.000Z","volume":4000,"label":" ","price":2.87},{"type":"A","date":"2018-03-23T03:41:51.000Z","volume":20000,"label":" ","price":2.88},{"type":"A","date":"2018-03-23T03:43:57.000Z","volume":10000,"label":" ","price":2.88},{"type":"B","date":"2018-03-23T03:44:54.000Z","volume":13000,"label":" ","price":2.87},{"type":"B","date":"2018-03-23T03:44:56.000Z","volume":10000,"label":" ","price":2.87},{"type":"B","date":"2018-03-23T03:45:35.000Z","volume":23000,"label":" ","price":2.87},{"type":"B","date":"2018-03-23T03:49:35.000Z","volume":28000,"label":" ","price":2.87},{"type":"A","date":"2018-03-23T03:53:01.000Z","volume":10000,"label":" ","price":2.88},{"type":"A","date":"2018-03-23T03:53:51.000Z","volume":30000,"label":" ","price":2.88},{"type":"A","date":"2018-03-23T03:54:50.000Z","volume":2000,"label":" ","price":2.88},{"type":"A","date":"2018-03-23T03:55:30.000Z","volume":2000,"label":" ","price":2.88},{"type":"B","date":"2018-03-23T03:55:37.000Z","volume":206000,"label":" ","price":2.87},{"type":"B","date":"2018-03-23T03:55:43.000Z","volume":70000,"label":" ","price":2.87},{"type":"B","date":"2018-03-23T03:56:20.000Z","volume":1000,"label":" ","price":2.87},{"type":"B","date":"2018-03-23T03:56:20.000Z","volume":1000,"label":" ","price":2.87},{"type":"A","date":"2018-03-23T03:56:25.000Z","volume":2000,"label":" ","price":2.88},{"type":"B","date":"2018-03-23T03:56:33.000Z","volume":1000,"label":" ","price":2.87},{"type":"B","date":"2018-03-23T03:56:33.000Z","volume":1000,"label":" ","price":2.87},{"type":"B","date":"2018-03-23T03:57:33.000Z","volume":3000,"label":" ","price":2.87},{"type":"B","date":"2018-03-23T03:57:35.000Z","volume":2000,"label":" ","price":2.87},{"type":"B","date":"2018-03-23T03:57:52.000Z","volume":39000,"label":" ","price":2.87},{"type":"B","date":"2018-03-23T03:57:57.000Z","volume":37000,"label":" ","price":2.87},{"type":"B","date":"2018-03-23T03:58:22.000Z","volume":78000,"label":" ","price":2.87},{"type":"A","date":"2018-03-23T03:58:40.000Z","volume":2000,"label":" ","price":2.88},{"type":"B","date":"2018-03-23T03:59:05.000Z","volume":1000,"label":" ","price":2.87},{"type":"A","date":"2018-03-23T03:59:06.000Z","volume":34000,"label":" ","price":2.88},{"type":"B","date":"2018-03-23T03:59:18.000Z","volume":1000,"label":" ","price":2.87},{"type":"A","date":"2018-03-23T03:59:31.000Z","volume":19000,"label":" ","price":2.88},{"type":"U","date":"2018-03-23T03:59:46.000Z","volume":49000,"label":"X","price":2.88},{"type":"A","date":"2018-03-23T05:00:00.000Z","volume":10000,"label":" ","price":2.88},{"type":"A","date":"2018-03-23T05:00:00.000Z","volume":1000,"label":" ","price":2.88},{"type":"A","date":"2018-03-23T05:00:02.000Z","volume":2000,"label":" ","price":2.88},{"type":"A","date":"2018-03-23T05:00:02.000Z","volume":44000,"label":" ","price":2.88},{"type":"A","date":"2018-03-23T05:00:02.000Z","volume":2000,"label":" ","price":2.88},{"type":"A","date":"2018-03-23T05:00:02.000Z","volume":14000,"label":" ","price":2.88},{"type":"A","date":"2018-03-23T05:00:03.000Z","volume":9000,"label":" ","price":2.88},{"type":"A","date":"2018-03-23T05:00:04.000Z","volume":354000,"label":" ","price":2.88},{"type":"A","date":"2018-03-23T05:00:04.000Z","volume":15000,"label":" ","price":2.88},{"type":"B","date":"2018-03-23T05:00:05.000Z","volume":2000,"label":" ","price":2.88},{"type":"B","date":"2018-03-23T05:00:06.000Z","volume":1000,"label":" ","price":2.88},{"type":"B","date":"2018-03-23T05:00:08.000Z","volume":21000,"label":" ","price":2.88},{"type":"B","date":"2018-03-23T05:00:11.000Z","volume":92000,"label":" ","price":2.88},{"type":"B","date":"2018-03-23T05:00:11.000Z","volume":24000,"label":" ","price":2.88},{"type":"B","date":"2018-03-23T05:00:21.000Z","volume":58000,"label":" ","price":2.88},{"type":"B","date":"2018-03-23T05:00:21.000Z","volume":1000,"label":" ","price":2.88},{"type":"B","date":"2018-03-23T05:00:42.000Z","volume":34000,"label":" ","price":2.88},{"type":"B","date":"2018-03-23T05:00:57.000Z","volume":45000,"label":" ","price":2.87},{"type":"A","date":"2018-03-23T05:01:33.000Z","volume":3000,"label":" ","price":2.88},{"type":"A","date":"2018-03-23T05:01:43.000Z","volume":3000,"label":" ","price":2.88},{"type":"A","date":"2018-03-23T05:02:08.000Z","volume":350000,"label":" ","price":2.88},{"type":"A","date":"2018-03-23T05:02:08.000Z","volume":334000,"label":" ","price":2.88},{"type":"A","date":"2018-03-23T05:02:08.000Z","volume":21000,"label":" ","price":2.88},{"type":"U","date":"2018-03-23T05:02:08.000Z","volume":2000,"label":" ","price":2.88},{"type":"U","date":"2018-03-23T05:02:08.000Z","volume":2000,"label":" ","price":2.88},{"type":"U","date":"2018-03-23T05:02:31.000Z","volume":10000,"label":" ","price":2.88},{"type":"A","date":"2018-03-23T05:02:37.000Z","volume":10000,"label":" ","price":2.88},{"type":"A","date":"2018-03-23T05:03:09.000Z","volume":6000,"label":" ","price":2.88},{"type":"A","date":"2018-03-23T05:03:37.000Z","volume":1000,"label":" ","price":2.88},{"type":"A","date":"2018-03-23T05:03:53.000Z","volume":65000,"label":" ","price":2.88},{"type":"A","date":"2018-03-23T05:03:53.000Z","volume":35000,"label":" ","price":2.88},{"type":"B","date":"2018-03-23T05:03:54.000Z","volume":42000,"label":" ","price":2.87},{"type":"A","date":"2018-03-23T05:05:37.000Z","volume":11000,"label":" ","price":2.88},{"type":"B","date":"2018-03-23T05:05:53.000Z","volume":10000,"label":" ","price":2.87},{"type":"A","date":"2018-03-23T05:07:07.000Z","volume":9000,"label":" ","price":2.88},{"type":"B","date":"2018-03-23T05:07:18.000Z","volume":91000,"label":" ","price":2.87},{"type":"A","date":"2018-03-23T05:08:59.000Z","volume":1000,"label":" ","price":2.88},{"type":"U","date":"2018-03-23T05:10:17.000Z","volume":717,"label":"D","price":2.84},{"type":"B","date":"2018-03-23T05:10:47.000Z","volume":10000,"label":" ","price":2.87},{"type":"A","date":"2018-03-23T05:11:08.000Z","volume":20000,"label":" ","price":2.88},{"type":"B","date":"2018-03-23T05:11:26.000Z","volume":10000,"label":" ","price":2.87},{"type":"A","date":"2018-03-23T05:11:39.000Z","volume":6000,"label":" ","price":2.88},{"type":"A","date":"2018-03-23T05:13:18.000Z","volume":7000,"label":" ","price":2.88},{"type":"B","date":"2018-03-23T05:13:23.000Z","volume":31000,"label":" ","price":2.87},{"type":"B","date":"2018-03-23T05:13:37.000Z","volume":8000,"label":" ","price":2.87},{"type":"B","date":"2018-03-23T05:14:00.000Z","volume":10000,"label":" ","price":2.87},{"type":"A","date":"2018-03-23T05:14:31.000Z","volume":150000,"label":" ","price":2.88},{"type":"A","date":"2018-03-23T05:14:45.000Z","volume":5000,"label":" ","price":2.88},{"type":"A","date":"2018-03-23T05:14:48.000Z","volume":1000,"label":" ","price":2.88},{"type":"B","date":"2018-03-23T05:14:57.000Z","volume":1000,"label":" ","price":2.87},{"type":"B","date":"2018-03-23T05:15:14.000Z","volume":1000,"label":" ","price":2.87},{"type":"B","date":"2018-03-23T05:15:31.000Z","volume":1000,"label":" ","price":2.87},{"type":"A","date":"2018-03-23T05:15:46.000Z","volume":100000,"label":" ","price":2.88},{"type":"A","date":"2018-03-23T05:15:46.000Z","volume":16000,"label":" ","price":2.88},{"type":"U","date":"2018-03-23T05:15:48.000Z","volume":29000,"label":"X","price":2.88},{"type":"B","date":"2018-03-23T05:15:49.000Z","volume":1000,"label":" ","price":2.87},{"type":"B","date":"2018-03-23T05:16:06.000Z","volume":1000,"label":" ","price":2.87},{"type":"B","date":"2018-03-23T05:16:23.000Z","volume":1000,"label":" ","price":2.87},{"type":"U","date":"2018-03-23T05:16:25.000Z","volume":10000,"label":"X","price":2.88},{"type":"B","date":"2018-03-23T05:16:29.000Z","volume":40000,"label":" ","price":2.87},{"type":"B","date":"2018-03-23T05:16:41.000Z","volume":1000,"label":" ","price":2.87},{"type":"B","date":"2018-03-23T05:16:56.000Z","volume":1000,"label":" ","price":2.87},{"type":"U","date":"2018-03-23T05:16:57.000Z","volume":1000,"label":"X","price":2.88},{"type":"B","date":"2018-03-23T05:17:14.000Z","volume":1000,"label":" ","price":2.87},{"type":"B","date":"2018-03-23T05:17:30.000Z","volume":1000,"label":" ","price":2.87},{"type":"A","date":"2018-03-23T05:17:38.000Z","volume":19000,"label":" ","price":2.88},{"type":"B","date":"2018-03-23T05:17:47.000Z","volume":1000,"label":" ","price":2.87},{"type":"B","date":"2018-03-23T05:18:05.000Z","volume":1000,"label":" ","price":2.87},{"type":"B","date":"2018-03-23T05:18:21.000Z","volume":1000,"label":" ","price":2.87},{"type":"A","date":"2018-03-23T05:18:37.000Z","volume":10000,"label":" ","price":2.88},{"type":"B","date":"2018-03-23T05:18:39.000Z","volume":1000,"label":" ","price":2.87},{"type":"B","date":"2018-03-23T05:18:55.000Z","volume":1000,"label":" ","price":2.87},{"type":"B","date":"2018-03-23T05:19:05.000Z","volume":19000,"label":" ","price":2.87},{"type":"B","date":"2018-03-23T05:19:08.000Z","volume":40000,"label":" ","price":2.87},{"type":"B","date":"2018-03-23T05:19:12.000Z","volume":1000,"label":" ","price":2.87},{"type":"A","date":"2018-03-23T05:19:21.000Z","volume":1000,"label":" ","price":2.88},{"type":"A","date":"2018-03-23T05:19:24.000Z","volume":1000,"label":" ","price":2.88},{"type":"B","date":"2018-03-23T05:19:30.000Z","volume":1000,"label":" ","price":2.87},{"type":"B","date":"2018-03-23T05:19:47.000Z","volume":1000,"label":" ","price":2.87},{"type":"B","date":"2018-03-23T05:20:04.000Z","volume":1000,"label":" ","price":2.87},{"type":"A","date":"2018-03-23T05:20:08.000Z","volume":11000,"label":" ","price":2.88},{"type":"B","date":"2018-03-23T05:20:20.000Z","volume":1000,"label":" ","price":2.87},{"type":"B","date":"2018-03-23T05:20:38.000Z","volume":1000,"label":" ","price":2.87},{"type":"A","date":"2018-03-23T05:20:40.000Z","volume":6000,"label":" ","price":2.88},{"type":"B","date":"2018-03-23T05:20:54.000Z","volume":1000,"label":" ","price":2.87},{"type":"B","date":"2018-03-23T05:21:12.000Z","volume":1000,"label":" ","price":2.87},{"type":"B","date":"2018-03-23T05:21:16.000Z","volume":34000,"label":" ","price":2.87},{"type":"A","date":"2018-03-23T05:21:26.000Z","volume":10000,"label":" ","price":2.88},{"type":"B","date":"2018-03-23T05:21:29.000Z","volume":1000,"label":" ","price":2.87},{"type":"A","date":"2018-03-23T05:21:34.000Z","volume":20000,"label":" ","price":2.88},{"type":"B","date":"2018-03-23T05:21:45.000Z","volume":1000,"label":" ","price":2.87},{"type":"B","date":"2018-03-23T05:22:03.000Z","volume":1000,"label":" ","price":2.87},{"type":"B","date":"2018-03-23T05:22:20.000Z","volume":1000,"label":" ","price":2.87},{"type":"B","date":"2018-03-23T05:22:37.000Z","volume":1000,"label":" ","price":2.87},{"type":"B","date":"2018-03-23T05:22:54.000Z","volume":1000,"label":" ","price":2.87},{"type":"A","date":"2018-03-23T05:23:08.000Z","volume":10000,"label":" ","price":2.88},{"type":"B","date":"2018-03-23T05:23:11.000Z","volume":1000,"label":" ","price":2.87},{"type":"B","date":"2018-03-23T05:23:28.000Z","volume":1000,"label":" ","price":2.87},{"type":"A","date":"2018-03-23T05:23:36.000Z","volume":5000,"label":" ","price":2.88},{"type":"A","date":"2018-03-23T05:23:40.000Z","volume":6000,"label":" ","price":2.88},{"type":"B","date":"2018-03-23T05:23:44.000Z","volume":1000,"label":" ","price":2.87},{"type":"A","date":"2018-03-23T05:24:00.000Z","volume":1000,"label":" ","price":2.88},{"type":"B","date":"2018-03-23T05:24:02.000Z","volume":1000,"label":" ","price":2.87},{"type":"B","date":"2018-03-23T05:24:07.000Z","volume":50000,"label":" ","price":2.87},{"type":"B","date":"2018-03-23T05:24:19.000Z","volume":2000,"label":" ","price":2.87},{"type":"B","date":"2018-03-23T05:24:21.000Z","volume":7000,"label":" ","price":2.87},{"type":"B","date":"2018-03-23T05:24:36.000Z","volume":1000,"label":" ","price":2.87},{"type":"B","date":"2018-03-23T05:24:53.000Z","volume":1000,"label":" ","price":2.87},{"type":"B","date":"2018-03-23T05:25:10.000Z","volume":1000,"label":" ","price":2.87},{"type":"B","date":"2018-03-23T05:25:27.000Z","volume":1000,"label":" ","price":2.87},{"type":"B","date":"2018-03-23T05:25:44.000Z","volume":1000,"label":" ","price":2.87},{"type":"B","date":"2018-03-23T05:26:01.000Z","volume":1000,"label":" ","price":2.87},{"type":"B","date":"2018-03-23T05:26:18.000Z","volume":1000,"label":" ","price":2.87},{"type":"B","date":"2018-03-23T05:26:35.000Z","volume":1000,"label":" ","price":2.87},{"type":"A","date":"2018-03-23T05:26:41.000Z","volume":10000,"label":" ","price":2.88},{"type":"B","date":"2018-03-23T05:26:52.000Z","volume":1000,"label":" ","price":2.87},{"type":"B","date":"2018-03-23T05:27:09.000Z","volume":1000,"label":" ","price":2.87},{"type":"B","date":"2018-03-23T05:27:26.000Z","volume":1000,"label":" ","price":2.87},{"type":"B","date":"2018-03-23T05:27:43.000Z","volume":1000,"label":" ","price":2.87},{"type":"B","date":"2018-03-23T05:27:52.000Z","volume":10000,"label":" ","price":2.87},{"type":"B","date":"2018-03-23T05:28:00.000Z","volume":1000,"label":" ","price":2.87},{"type":"B","date":"2018-03-23T05:28:17.000Z","volume":1000,"label":" ","price":2.87},{"type":"A","date":"2018-03-23T05:28:20.000Z","volume":2000,"label":" ","price":2.88},{"type":"A","date":"2018-03-23T05:28:30.000Z","volume":1000,"label":" ","price":2.88},{"type":"B","date":"2018-03-23T05:28:34.000Z","volume":1000,"label":" ","price":2.87},{"type":"B","date":"2018-03-23T05:28:51.000Z","volume":1000,"label":" ","price":2.87},{"type":"B","date":"2018-03-23T05:29:08.000Z","volume":1000,"label":" ","price":2.87},{"type":"B","date":"2018-03-23T05:29:24.000Z","volume":10000,"label":" ","price":2.87},{"type":"B","date":"2018-03-23T05:29:25.000Z","volume":1000,"label":" ","price":2.87},{"type":"A","date":"2018-03-23T05:29:26.000Z","volume":30000,"label":" ","price":2.88},{"type":"B","date":"2018-03-23T05:29:43.000Z","volume":1000,"label":" ","price":2.87},{"type":"B","date":"2018-03-23T05:29:59.000Z","volume":1000,"label":" ","price":2.87},{"type":"A","date":"2018-03-23T05:29:59.000Z","volume":2000,"label":" ","price":2.88},{"type":"A","date":"2018-03-23T05:30:10.000Z","volume":6000,"label":" ","price":2.88},{"type":"A","date":"2018-03-23T05:30:11.000Z","volume":53000,"label":" ","price":2.88},{"type":"B","date":"2018-03-23T05:30:16.000Z","volume":1000,"label":" ","price":2.87},{"type":"B","date":"2018-03-23T05:30:33.000Z","volume":1000,"label":" ","price":2.87},{"type":"U","date":"2018-03-23T05:30:48.000Z","volume":1000,"label":"X","price":2.88},{"type":"B","date":"2018-03-23T05:30:50.000Z","volume":1000,"label":" ","price":2.87},{"type":"A","date":"2018-03-23T05:31:05.000Z","volume":7000,"label":" ","price":2.88},{"type":"B","date":"2018-03-23T05:31:07.000Z","volume":1000,"label":" ","price":2.87},{"type":"A","date":"2018-03-23T05:31:07.000Z","volume":2000,"label":" ","price":2.88},{"type":"B","date":"2018-03-23T05:31:10.000Z","volume":54000,"label":" ","price":2.87},{"type":"U","date":"2018-03-23T05:31:19.000Z","volume":115000,"label":"X","price":2.88},{"type":"B","date":"2018-03-23T05:31:41.000Z","volume":2000,"label":" ","price":2.87},{"type":"A","date":"2018-03-23T05:31:55.000Z","volume":3000,"label":" ","price":2.88},{"type":"U","date":"2018-03-23T05:31:55.000Z","volume":19000,"label":"X","price":2.88},{"type":"B","date":"2018-03-23T05:32:01.000Z","volume":10000,"label":" ","price":2.87},{"type":"B","date":"2018-03-23T05:32:15.000Z","volume":1000,"label":" ","price":2.87},{"type":"A","date":"2018-03-23T05:32:26.000Z","volume":1000,"label":" ","price":2.88},{"type":"B","date":"2018-03-23T05:32:32.000Z","volume":2000,"label":" ","price":2.87},{"type":"A","date":"2018-03-23T05:32:45.000Z","volume":2000,"label":" ","price":2.88},{"type":"B","date":"2018-03-23T05:32:49.000Z","volume":1000,"label":" ","price":2.87},{"type":"B","date":"2018-03-23T05:33:06.000Z","volume":1000,"label":" ","price":2.87},{"type":"B","date":"2018-03-23T05:33:10.000Z","volume":3000,"label":" ","price":2.87},{"type":"A","date":"2018-03-23T05:33:20.000Z","volume":2000,"label":" ","price":2.88},{"type":"B","date":"2018-03-23T05:33:40.000Z","volume":1000,"label":" ","price":2.87},{"type":"A","date":"2018-03-23T05:33:49.000Z","volume":2000,"label":" ","price":2.88},{"type":"B","date":"2018-03-23T05:33:51.000Z","volume":10000,"label":" ","price":2.87},{"type":"B","date":"2018-03-23T05:33:57.000Z","volume":1000,"label":" ","price":2.87},{"type":"B","date":"2018-03-23T05:34:14.000Z","volume":1000,"label":" ","price":2.87},{"type":"B","date":"2018-03-23T05:34:31.000Z","volume":2000,"label":" ","price":2.87},{"type":"A","date":"2018-03-23T05:34:35.000Z","volume":2000,"label":" ","price":2.88},{"type":"B","date":"2018-03-23T05:34:48.000Z","volume":1000,"label":" ","price":2.87},{"type":"B","date":"2018-03-23T05:35:06.000Z","volume":1000,"label":" ","price":2.87},{"type":"B","date":"2018-03-23T05:35:22.000Z","volume":1000,"label":" ","price":2.87},{"type":"A","date":"2018-03-23T05:35:26.000Z","volume":2000,"label":" ","price":2.88},{"type":"B","date":"2018-03-23T05:35:34.000Z","volume":77000,"label":" ","price":2.87},{"type":"A","date":"2018-03-23T05:35:35.000Z","volume":1000,"label":" ","price":2.88},{"type":"B","date":"2018-03-23T05:35:51.000Z","volume":45000,"label":" ","price":2.87},{"type":"B","date":"2018-03-23T05:35:56.000Z","volume":1000,"label":" ","price":2.87},{"type":"B","date":"2018-03-23T05:36:13.000Z","volume":1000,"label":" ","price":2.87},{"type":"A","date":"2018-03-23T05:36:25.000Z","volume":2000,"label":" ","price":2.88},{"type":"B","date":"2018-03-23T05:36:30.000Z","volume":93000,"label":" ","price":2.87},{"type":"B","date":"2018-03-23T05:36:30.000Z","volume":1000,"label":" ","price":2.87},{"type":"B","date":"2018-03-23T05:36:47.000Z","volume":1000,"label":" ","price":2.87},{"type":"B","date":"2018-03-23T05:37:04.000Z","volume":1000,"label":" ","price":2.87},{"type":"B","date":"2018-03-23T05:37:21.000Z","volume":1000,"label":" ","price":2.87},{"type":"A","date":"2018-03-23T05:37:29.000Z","volume":1000,"label":" ","price":2.88},{"type":"B","date":"2018-03-23T05:37:38.000Z","volume":1000,"label":" ","price":2.87},{"type":"A","date":"2018-03-23T05:37:53.000Z","volume":2000,"label":" ","price":2.88},{"type":"B","date":"2018-03-23T05:37:56.000Z","volume":1000,"label":" ","price":2.87},{"type":"A","date":"2018-03-23T05:38:00.000Z","volume":13000,"label":" ","price":2.88},{"type":"B","date":"2018-03-23T05:38:12.000Z","volume":1000,"label":" ","price":2.87},{"type":"B","date":"2018-03-23T05:38:29.000Z","volume":1000,"label":" ","price":2.87},{"type":"B","date":"2018-03-23T05:38:47.000Z","volume":1000,"label":" ","price":2.87},{"type":"A","date":"2018-03-23T05:38:48.000Z","volume":1000,"label":" ","price":2.88},{"type":"B","date":"2018-03-23T05:39:03.000Z","volume":1000,"label":" ","price":2.87},{"type":"A","date":"2018-03-23T05:39:03.000Z","volume":2000,"label":" ","price":2.88},{"type":"B","date":"2018-03-23T05:39:20.000Z","volume":1000,"label":" ","price":2.87},{"type":"B","date":"2018-03-23T05:39:39.000Z","volume":3000,"label":" ","price":2.87},{"type":"B","date":"2018-03-23T05:39:54.000Z","volume":2000,"label":" ","price":2.87},{"type":"U","date":"2018-03-23T05:39:58.000Z","volume":1000,"label":"X","price":2.88},{"type":"A","date":"2018-03-23T05:40:02.000Z","volume":9000,"label":" ","price":2.88},{"type":"A","date":"2018-03-23T05:40:07.000Z","volume":2000,"label":" ","price":2.88},{"type":"B","date":"2018-03-23T05:40:11.000Z","volume":1000,"label":" ","price":2.87},{"type":"B","date":"2018-03-23T05:40:28.000Z","volume":1000,"label":" ","price":2.87},{"type":"B","date":"2018-03-23T05:40:33.000Z","volume":9000,"label":" ","price":2.87},{"type":"A","date":"2018-03-23T05:40:40.000Z","volume":2000,"label":" ","price":2.88},{"type":"A","date":"2018-03-23T05:40:44.000Z","volume":7000,"label":" ","price":2.88},{"type":"B","date":"2018-03-23T05:40:45.000Z","volume":1000,"label":" ","price":2.87},{"type":"B","date":"2018-03-23T05:41:02.000Z","volume":1000,"label":" ","price":2.87},{"type":"A","date":"2018-03-23T05:41:11.000Z","volume":2000,"label":" ","price":2.88},{"type":"A","date":"2018-03-23T05:41:12.000Z","volume":34000,"label":" ","price":2.88},{"type":"B","date":"2018-03-23T05:41:19.000Z","volume":1000,"label":" ","price":2.87},{"type":"A","date":"2018-03-23T05:41:34.000Z","volume":20000,"label":" ","price":2.88},{"type":"B","date":"2018-03-23T05:41:43.000Z","volume":150000,"label":"Y","price":2.87},{"type":"B","date":"2018-03-23T05:41:43.000Z","volume":20000,"label":" ","price":2.87},{"type":"A","date":"2018-03-23T05:41:43.000Z","volume":2000,"label":" ","price":2.88},{"type":"B","date":"2018-03-23T05:41:50.000Z","volume":175000,"label":" ","price":2.87},{"type":"B","date":"2018-03-23T05:41:53.000Z","volume":1000,"label":" ","price":2.87},{"type":"B","date":"2018-03-23T05:42:10.000Z","volume":1000,"label":" ","price":2.87},{"type":"A","date":"2018-03-23T05:42:19.000Z","volume":460000,"label":" ","price":2.88},{"type":"B","date":"2018-03-23T05:42:19.000Z","volume":275000,"label":" ","price":2.87},{"type":"A","date":"2018-03-23T05:42:20.000Z","volume":29000,"label":" ","price":2.88},{"type":"A","date":"2018-03-23T05:42:20.000Z","volume":2000,"label":" ","price":2.88},{"type":"A","date":"2018-03-23T05:42:21.000Z","volume":1000,"label":" ","price":2.88},{"type":"B","date":"2018-03-23T05:42:27.000Z","volume":1000,"label":" ","price":2.87},{"type":"B","date":"2018-03-23T05:42:44.000Z","volume":1000,"label":" ","price":2.87},{"type":"B","date":"2018-03-23T05:43:01.000Z","volume":1000,"label":" ","price":2.87},{"type":"A","date":"2018-03-23T05:43:05.000Z","volume":2000,"label":" ","price":2.88},{"type":"A","date":"2018-03-23T05:43:18.000Z","volume":218000,"label":"Y","price":2.88},{"type":"A","date":"2018-03-23T05:43:18.000Z","volume":782000,"label":" ","price":2.88},{"type":"A","date":"2018-03-23T05:43:18.000Z","volume":369000,"label":" ","price":2.88},{"type":"U","date":"2018-03-23T05:43:18.000Z","volume":5000,"label":" ","price":2.88},{"type":"U","date":"2018-03-23T05:43:18.000Z","volume":44000,"label":" ","price":2.88},{"type":"U","date":"2018-03-23T05:43:18.000Z","volume":5000,"label":" ","price":2.88},{"type":"U","date":"2018-03-23T05:43:18.000Z","volume":8000,"label":" ","price":2.88},{"type":"B","date":"2018-03-23T05:43:18.000Z","volume":329000,"label":" ","price":2.87},{"type":"B","date":"2018-03-23T05:43:18.000Z","volume":2000,"label":" ","price":2.87},{"type":"A","date":"2018-03-23T05:43:29.000Z","volume":17000,"label":" ","price":2.88},{"type":"B","date":"2018-03-23T05:43:34.000Z","volume":94000,"label":" ","price":2.87},{"type":"B","date":"2018-03-23T05:43:35.000Z","volume":1000,"label":" ","price":2.87},{"type":"A","date":"2018-03-23T05:43:41.000Z","volume":2000,"label":" ","price":2.88},{"type":"B","date":"2018-03-23T05:43:52.000Z","volume":1000,"label":" ","price":2.87},{"type":"B","date":"2018-03-23T05:44:10.000Z","volume":1000,"label":" ","price":2.87},{"type":"A","date":"2018-03-23T05:44:20.000Z","volume":2000,"label":" ","price":2.88},{"type":"B","date":"2018-03-23T05:44:27.000Z","volume":1000,"label":" ","price":2.87},{"type":"A","date":"2018-03-23T05:45:00.000Z","volume":2000,"label":" ","price":2.88},{"type":"A","date":"2018-03-23T05:45:38.000Z","volume":1000,"label":" ","price":2.88},{"type":"A","date":"2018-03-23T05:46:25.000Z","volume":2000,"label":" ","price":2.88},{"type":"U","date":"2018-03-23T05:46:28.000Z","volume":1000,"label":"X","price":2.88},{"type":"A","date":"2018-03-23T05:46:28.000Z","volume":2000,"label":" ","price":2.88},{"type":"A","date":"2018-03-23T05:46:53.000Z","volume":6000,"label":" ","price":2.88},{"type":"A","date":"2018-03-23T05:47:02.000Z","volume":7000,"label":" ","price":2.88},{"type":"A","date":"2018-03-23T05:47:08.000Z","volume":6000,"label":" ","price":2.88},{"type":"A","date":"2018-03-23T05:47:09.000Z","volume":10000,"label":" ","price":2.88},{"type":"B","date":"2018-03-23T05:47:22.000Z","volume":19000,"label":" ","price":2.87},{"type":"A","date":"2018-03-23T05:47:55.000Z","volume":2000,"label":" ","price":2.88},{"type":"A","date":"2018-03-23T05:48:02.000Z","volume":8000,"label":" ","price":2.88},{"type":"A","date":"2018-03-23T05:48:53.000Z","volume":1000,"label":" ","price":2.88},{"type":"A","date":"2018-03-23T05:49:29.000Z","volume":10000,"label":" ","price":2.88},{"type":"A","date":"2018-03-23T05:49:29.000Z","volume":2000,"label":" ","price":2.88},{"type":"A","date":"2018-03-23T05:49:32.000Z","volume":7000,"label":" ","price":2.88},{"type":"A","date":"2018-03-23T05:49:39.000Z","volume":9000,"label":" ","price":2.88},{"type":"A","date":"2018-03-23T05:50:45.000Z","volume":1000,"label":" ","price":2.88},{"type":"A","date":"2018-03-23T05:51:01.000Z","volume":2000,"label":" ","price":2.88},{"type":"B","date":"2018-03-23T05:51:14.000Z","volume":40000,"label":" ","price":2.87},{"type":"A","date":"2018-03-23T05:51:39.000Z","volume":12000,"label":" ","price":2.88},{"type":"A","date":"2018-03-23T05:52:18.000Z","volume":2000,"label":" ","price":2.88},{"type":"A","date":"2018-03-23T05:52:52.000Z","volume":21000,"label":" ","price":2.88},{"type":"U","date":"2018-03-23T05:52:56.000Z","volume":11000,"label":"X","price":2.88},{"type":"U","date":"2018-03-23T05:52:58.000Z","volume":1000,"label":"X","price":2.88},{"type":"A","date":"2018-03-23T05:53:22.000Z","volume":1000,"label":" ","price":2.88},{"type":"A","date":"2018-03-23T05:53:25.000Z","volume":2000,"label":" ","price":2.88},{"type":"A","date":"2018-03-23T05:54:00.000Z","volume":1000,"label":" ","price":2.88},{"type":"A","date":"2018-03-23T05:54:39.000Z","volume":11000,"label":" ","price":2.88},{"type":"A","date":"2018-03-23T05:54:55.000Z","volume":2000,"label":" ","price":2.88},{"type":"A","date":"2018-03-23T05:55:24.000Z","volume":3000,"label":" ","price":2.88},{"type":"A","date":"2018-03-23T05:56:13.000Z","volume":1000,"label":" ","price":2.88},{"type":"A","date":"2018-03-23T05:56:25.000Z","volume":2000,"label":" ","price":2.88},{"type":"B","date":"2018-03-23T05:56:28.000Z","volume":200000,"label":" ","price":2.87},{"type":"A","date":"2018-03-23T05:57:00.000Z","volume":1000,"label":" ","price":2.88},{"type":"B","date":"2018-03-23T05:57:28.000Z","volume":20000,"label":" ","price":2.87},{"type":"B","date":"2018-03-23T05:57:32.000Z","volume":22000,"label":" ","price":2.87},{"type":"A","date":"2018-03-23T05:57:39.000Z","volume":13000,"label":" ","price":2.88},{"type":"B","date":"2018-03-23T05:57:47.000Z","volume":7000,"label":" ","price":2.87},{"type":"A","date":"2018-03-23T05:59:01.000Z","volume":1000,"label":" ","price":2.88},{"type":"B","date":"2018-03-23T05:59:25.000Z","volume":5000,"label":" ","price":2.87},{"type":"B","date":"2018-03-23T05:59:30.000Z","volume":87000,"label":" ","price":2.87},{"type":"A","date":"2018-03-23T05:59:40.000Z","volume":21000,"label":" ","price":2.88},{"type":"B","date":"2018-03-23T05:59:40.000Z","volume":21000,"label":" ","price":2.87},{"type":"A","date":"2018-03-23T05:59:42.000Z","volume":6000,"label":" ","price":2.88},{"type":"B","date":"2018-03-23T05:59:42.000Z","volume":6000,"label":" ","price":2.87},{"type":"B","date":"2018-03-23T06:00:34.000Z","volume":10000,"label":" ","price":2.87},{"type":"A","date":"2018-03-23T06:00:39.000Z","volume":13000,"label":" ","price":2.88},{"type":"A","date":"2018-03-23T06:01:00.000Z","volume":1000,"label":" ","price":2.88},{"type":"B","date":"2018-03-23T06:01:06.000Z","volume":4000,"label":" ","price":2.87},{"type":"U","date":"2018-03-23T06:01:26.000Z","volume":1000,"label":"X","price":2.88},{"type":"B","date":"2018-03-23T06:03:22.000Z","volume":7000,"label":" ","price":2.87},{"type":"A","date":"2018-03-23T06:03:39.000Z","volume":13000,"label":" ","price":2.88},{"type":"B","date":"2018-03-23T06:04:03.000Z","volume":10000,"label":" ","price":2.87},{"type":"B","date":"2018-03-23T06:04:23.000Z","volume":1000,"label":" ","price":2.87},{"type":"U","date":"2018-03-23T06:04:56.000Z","volume":10000,"label":"X","price":2.88},{"type":"A","date":"2018-03-23T06:06:00.000Z","volume":2000,"label":" ","price":2.88},{"type":"A","date":"2018-03-23T06:06:12.000Z","volume":6000,"label":" ","price":2.88},{"type":"A","date":"2018-03-23T06:06:24.000Z","volume":15000,"label":" ","price":2.88},{"type":"B","date":"2018-03-23T06:06:28.000Z","volume":50000,"label":" ","price":2.87},{"type":"B","date":"2018-03-23T06:06:30.000Z","volume":8000,"label":" ","price":2.87},{"type":"B","date":"2018-03-23T06:06:34.000Z","volume":20000,"label":" ","price":2.87},{"type":"A","date":"2018-03-23T06:06:40.000Z","volume":2000,"label":" ","price":2.88},{"type":"A","date":"2018-03-23T06:06:58.000Z","volume":3000,"label":" ","price":2.88},{"type":"B","date":"2018-03-23T06:06:58.000Z","volume":1000,"label":" ","price":2.87},{"type":"A","date":"2018-03-23T06:07:09.000Z","volume":10000,"label":" ","price":2.88},{"type":"A","date":"2018-03-23T06:07:20.000Z","volume":2000,"label":" ","price":2.88},{"type":"A","date":"2018-03-23T06:07:21.000Z","volume":10000,"label":" ","price":2.88},{"type":"B","date":"2018-03-23T06:07:40.000Z","volume":3000,"label":" ","price":2.87},{"type":"B","date":"2018-03-23T06:08:02.000Z","volume":20000,"label":" ","price":2.87},{"type":"B","date":"2018-03-23T06:08:04.000Z","volume":30000,"label":" ","price":2.87},{"type":"A","date":"2018-03-23T06:08:04.000Z","volume":2000,"label":" ","price":2.88},{"type":"U","date":"2018-03-23T06:08:21.000Z","volume":10000,"label":"X","price":2.88},{"type":"B","date":"2018-03-23T06:08:26.000Z","volume":6000,"label":" ","price":2.87},{"type":"B","date":"2018-03-23T06:08:33.000Z","volume":10000,"label":" ","price":2.87},{"type":"A","date":"2018-03-23T06:08:55.000Z","volume":2000,"label":" ","price":2.88},{"type":"A","date":"2018-03-23T06:09:00.000Z","volume":1000,"label":" ","price":2.88},{"type":"A","date":"2018-03-23T06:09:10.000Z","volume":13000,"label":" ","price":2.88},{"type":"A","date":"2018-03-23T06:09:12.000Z","volume":19000,"label":" ","price":2.88},{"type":"B","date":"2018-03-23T06:09:42.000Z","volume":1000,"label":" ","price":2.87},{"type":"A","date":"2018-03-23T06:09:45.000Z","volume":3000,"label":" ","price":2.88},{"type":"U","date":"2018-03-23T06:09:51.000Z","volume":14000,"label":"X","price":2.88},{"type":"A","date":"2018-03-23T06:10:12.000Z","volume":10000,"label":" ","price":2.88},{"type":"B","date":"2018-03-23T06:10:17.000Z","volume":6000,"label":" ","price":2.87},{"type":"B","date":"2018-03-23T06:10:17.000Z","volume":5000,"label":" ","price":2.87},{"type":"A","date":"2018-03-23T06:10:25.000Z","volume":2000,"label":" ","price":2.88},{"type":"U","date":"2018-03-23T06:10:33.000Z","volume":13000,"label":"X","price":2.88},{"type":"U","date":"2018-03-23T06:11:21.000Z","volume":11000,"label":"X","price":2.88},{"type":"A","date":"2018-03-23T06:11:22.000Z","volume":6000,"label":" ","price":2.88},{"type":"A","date":"2018-03-23T06:11:26.000Z","volume":4000,"label":" ","price":2.88},{"type":"U","date":"2018-03-23T06:11:26.000Z","volume":1000,"label":"X","price":2.88},{"type":"A","date":"2018-03-23T06:11:28.000Z","volume":2000,"label":" ","price":2.88},{"type":"U","date":"2018-03-23T06:11:28.000Z","volume":1000,"label":"X","price":2.88},{"type":"A","date":"2018-03-23T06:11:32.000Z","volume":7000,"label":" ","price":2.88},{"type":"B","date":"2018-03-23T06:11:59.000Z","volume":4000,"label":" ","price":2.87},{"type":"B","date":"2018-03-23T06:12:05.000Z","volume":20000,"label":" ","price":2.87},{"type":"A","date":"2018-03-23T06:12:10.000Z","volume":9000,"label":" ","price":2.88},{"type":"A","date":"2018-03-23T06:12:12.000Z","volume":6000,"label":" ","price":2.88},{"type":"A","date":"2018-03-23T06:12:32.000Z","volume":2000,"label":" ","price":2.88},{"type":"B","date":"2018-03-23T06:12:42.000Z","volume":5000,"label":" ","price":2.87},{"type":"B","date":"2018-03-23T06:12:42.000Z","volume":446000,"label":" ","price":2.87},{"type":"B","date":"2018-03-23T06:12:42.000Z","volume":1056000,"label":" ","price":2.87},{"type":"B","date":"2018-03-23T06:12:42.000Z","volume":309000,"label":" ","price":2.87},{"type":"B","date":"2018-03-23T06:12:42.000Z","volume":1000,"label":" ","price":2.86},{"type":"A","date":"2018-03-23T06:12:43.000Z","volume":1000,"label":" ","price":2.87},{"type":"A","date":"2018-03-23T06:13:00.000Z","volume":1000,"label":" ","price":2.87},{"type":"B","date":"2018-03-23T06:13:40.000Z","volume":80000,"label":" ","price":2.86},{"type":"B","date":"2018-03-23T06:14:51.000Z","volume":3000,"label":" ","price":2.86},{"type":"A","date":"2018-03-23T06:15:10.000Z","volume":280000,"label":" ","price":2.87},{"type":"B","date":"2018-03-23T06:15:37.000Z","volume":1000,"label":" ","price":2.86},{"type":"B","date":"2018-03-23T06:16:55.000Z","volume":60000,"label":" ","price":2.86},{"type":"A","date":"2018-03-23T06:17:00.000Z","volume":1000,"label":" ","price":2.87},{"type":"B","date":"2018-03-23T06:18:02.000Z","volume":8000,"label":" ","price":2.86},{"type":"B","date":"2018-03-23T06:18:26.000Z","volume":31000,"label":" ","price":2.86},{"type":"B","date":"2018-03-23T06:18:40.000Z","volume":3000,"label":" ","price":2.86},{"type":"B","date":"2018-03-23T06:19:20.000Z","volume":7000,"label":"Y","price":2.86},{"type":"B","date":"2018-03-23T06:19:20.000Z","volume":123000,"label":" ","price":2.86},{"type":"B","date":"2018-03-23T06:19:35.000Z","volume":2000,"label":" ","price":2.86},{"type":"A","date":"2018-03-23T06:19:48.000Z","volume":6000,"label":" ","price":2.87},{"type":"B","date":"2018-03-23T06:19:48.000Z","volume":1000,"label":"Y","price":2.86},{"type":"B","date":"2018-03-23T06:19:48.000Z","volume":23000,"label":" ","price":2.86},{"type":"B","date":"2018-03-23T06:20:05.000Z","volume":9000,"label":" ","price":2.86},{"type":"A","date":"2018-03-23T06:20:20.000Z","volume":2000,"label":" ","price":2.87},{"type":"B","date":"2018-03-23T06:20:45.000Z","volume":40000,"label":" ","price":2.86},{"type":"A","date":"2018-03-23T06:21:00.000Z","volume":1000,"label":" ","price":2.87},{"type":"A","date":"2018-03-23T06:21:13.000Z","volume":5000,"label":" ","price":2.87},{"type":"B","date":"2018-03-23T06:21:40.000Z","volume":1000,"label":" ","price":2.86},{"type":"B","date":"2018-03-23T06:21:54.000Z","volume":40000,"label":" ","price":2.86},{"type":"B","date":"2018-03-23T06:22:32.000Z","volume":20000,"label":" ","price":2.86},{"type":"B","date":"2018-03-23T06:22:33.000Z","volume":6000,"label":" ","price":2.86},{"type":"A","date":"2018-03-23T06:23:00.000Z","volume":1000,"label":" ","price":2.87},{"type":"B","date":"2018-03-23T06:23:01.000Z","volume":280000,"label":" ","price":2.86},{"type":"B","date":"2018-03-23T06:23:15.000Z","volume":75000,"label":"Y","price":2.86},{"type":"B","date":"2018-03-23T06:23:15.000Z","volume":19000,"label":" ","price":2.86},{"type":"B","date":"2018-03-23T06:23:17.000Z","volume":10000,"label":" ","price":2.86},{"type":"A","date":"2018-03-23T06:23:27.000Z","volume":6000,"label":" ","price":2.87},{"type":"B","date":"2018-03-23T06:23:32.000Z","volume":5000,"label":" ","price":2.86},{"type":"B","date":"2018-03-23T06:23:45.000Z","volume":7000,"label":" ","price":2.86},{"type":"B","date":"2018-03-23T06:23:59.000Z","volume":21000,"label":"Y","price":2.86},{"type":"B","date":"2018-03-23T06:24:07.000Z","volume":3000,"label":" ","price":2.86},{"type":"B","date":"2018-03-23T06:24:09.000Z","volume":5000,"label":" ","price":2.86},{"type":"B","date":"2018-03-23T06:24:15.000Z","volume":9000,"label":" ","price":2.86},{"type":"B","date":"2018-03-23T06:24:29.000Z","volume":5000,"label":" ","price":2.86},{"type":"B","date":"2018-03-23T06:25:02.000Z","volume":8000,"label":" ","price":2.86},{"type":"B","date":"2018-03-23T06:25:20.000Z","volume":6000,"label":" ","price":2.86},{"type":"A","date":"2018-03-23T06:25:22.000Z","volume":1000,"label":" ","price":2.87},{"type":"B","date":"2018-03-23T06:26:04.000Z","volume":34000,"label":" ","price":2.86},{"type":"A","date":"2018-03-23T06:26:05.000Z","volume":4000,"label":" ","price":2.87},{"type":"B","date":"2018-03-23T06:26:15.000Z","volume":4000,"label":"Y","price":2.86},{"type":"B","date":"2018-03-23T06:26:15.000Z","volume":16000,"label":" ","price":2.86},{"type":"A","date":"2018-03-23T06:26:15.000Z","volume":5000,"label":" ","price":2.87},{"type":"B","date":"2018-03-23T06:26:16.000Z","volume":1000,"label":"Y","price":2.86},{"type":"A","date":"2018-03-23T06:26:16.000Z","volume":1000,"label":" ","price":2.87},{"type":"B","date":"2018-03-23T06:26:40.000Z","volume":1000,"label":" ","price":2.86},{"type":"B","date":"2018-03-23T06:26:46.000Z","volume":21000,"label":"Y","price":2.86},{"type":"B","date":"2018-03-23T06:26:46.000Z","volume":279000,"label":" ","price":2.86},{"type":"A","date":"2018-03-23T06:26:46.000Z","volume":79000,"label":" ","price":2.87},{"type":"A","date":"2018-03-23T06:26:46.000Z","volume":1000,"label":" ","price":2.87},{"type":"A","date":"2018-03-23T06:26:53.000Z","volume":2000,"label":" ","price":2.87},{"type":"B","date":"2018-03-23T06:27:00.000Z","volume":128000,"label":" ","price":2.86},{"type":"A","date":"2018-03-23T06:27:00.000Z","volume":3000,"label":" ","price":2.87},{"type":"B","date":"2018-03-23T06:27:01.000Z","volume":1000,"label":" ","price":2.86},{"type":"B","date":"2018-03-23T06:27:02.000Z","volume":5000,"label":" ","price":2.86},{"type":"A","date":"2018-03-23T06:27:53.000Z","volume":6000,"label":" ","price":2.87},{"type":"A","date":"2018-03-23T06:28:00.000Z","volume":1000,"label":" ","price":2.87},{"type":"U","date":"2018-03-23T06:28:27.000Z","volume":13000,"label":"X","price":2.865},{"type":"B","date":"2018-03-23T06:28:32.000Z","volume":8000,"label":" ","price":2.86},{"type":"B","date":"2018-03-23T06:28:32.000Z","volume":20000,"label":" ","price":2.86},{"type":"B","date":"2018-03-23T06:28:40.000Z","volume":52000,"label":" ","price":2.86},{"type":"B","date":"2018-03-23T06:28:46.000Z","volume":31000,"label":" ","price":2.86},{"type":"B","date":"2018-03-23T06:28:49.000Z","volume":100000,"label":" ","price":2.86},{"type":"U","date":"2018-03-23T06:28:56.000Z","volume":1000,"label":"X","price":2.865},{"type":"B","date":"2018-03-23T06:29:00.000Z","volume":33000,"label":" ","price":2.86},{"type":"U","date":"2018-03-23T06:29:41.000Z","volume":1000,"label":"X","price":2.865},{"type":"B","date":"2018-03-23T06:29:50.000Z","volume":42000,"label":" ","price":2.86},{"type":"A","date":"2018-03-23T06:30:00.000Z","volume":1000,"label":" ","price":2.87},{"type":"B","date":"2018-03-23T06:30:06.000Z","volume":8000,"label":" ","price":2.86},{"type":"U","date":"2018-03-23T06:30:15.000Z","volume":1000,"label":"X","price":2.865},{"type":"B","date":"2018-03-23T06:30:17.000Z","volume":5000,"label":" ","price":2.86},{"type":"B","date":"2018-03-23T06:30:26.000Z","volume":20000,"label":" ","price":2.86},{"type":"B","date":"2018-03-23T06:30:35.000Z","volume":2000,"label":" ","price":2.86},{"type":"B","date":"2018-03-23T06:30:44.000Z","volume":7000,"label":" ","price":2.86},{"type":"B","date":"2018-03-23T06:30:45.000Z","volume":42000,"label":" ","price":2.86},{"type":"U","date":"2018-03-23T06:30:45.000Z","volume":1000,"label":"X","price":2.865},{"type":"B","date":"2018-03-23T06:31:05.000Z","volume":2000,"label":" ","price":2.86},{"type":"U","date":"2018-03-23T06:31:19.000Z","volume":1000,"label":"X","price":2.865},{"type":"B","date":"2018-03-23T06:31:30.000Z","volume":20000,"label":" ","price":2.86},{"type":"B","date":"2018-03-23T06:31:31.000Z","volume":2000,"label":" ","price":2.86},{"type":"A","date":"2018-03-23T06:31:42.000Z","volume":6000,"label":" ","price":2.87},{"type":"B","date":"2018-03-23T06:31:45.000Z","volume":150000,"label":" ","price":2.86},{"type":"B","date":"2018-03-23T06:31:50.000Z","volume":98000,"label":" ","price":2.86},{"type":"B","date":"2018-03-23T06:31:50.000Z","volume":1000,"label":" ","price":2.86},{"type":"U","date":"2018-03-23T06:31:52.000Z","volume":1000,"label":"X","price":2.865},{"type":"B","date":"2018-03-23T06:32:05.000Z","volume":1000,"label":" ","price":2.86},{"type":"B","date":"2018-03-23T06:32:14.000Z","volume":1000,"label":" ","price":2.86},{"type":"B","date":"2018-03-23T06:32:17.000Z","volume":1000,"label":" ","price":2.86},{"type":"B","date":"2018-03-23T06:32:18.000Z","volume":1000,"label":" ","price":2.86},{"type":"U","date":"2018-03-23T06:32:26.000Z","volume":1000,"label":"X","price":2.865},{"type":"B","date":"2018-03-23T06:32:36.000Z","volume":2000,"label":" ","price":2.86},{"type":"U","date":"2018-03-23T06:32:45.000Z","volume":1000,"label":"X","price":2.865},{"type":"B","date":"2018-03-23T06:32:53.000Z","volume":51000,"label":" ","price":2.86},{"type":"B","date":"2018-03-23T06:32:54.000Z","volume":1000,"label":" ","price":2.86},{"type":"A","date":"2018-03-23T06:33:00.000Z","volume":1000,"label":" ","price":2.87},{"type":"B","date":"2018-03-23T06:33:02.000Z","volume":8000,"label":" ","price":2.86},{"type":"U","date":"2018-03-23T06:33:03.000Z","volume":1000,"label":"X","price":2.865},{"type":"B","date":"2018-03-23T06:33:14.000Z","volume":1000,"label":" ","price":2.86},{"type":"B","date":"2018-03-23T06:33:15.000Z","volume":2000,"label":" ","price":2.86},{"type":"B","date":"2018-03-23T06:33:16.000Z","volume":3000,"label":" ","price":2.86},{"type":"U","date":"2018-03-23T06:33:24.000Z","volume":1000,"label":"X","price":2.865},{"type":"A","date":"2018-03-23T06:33:25.000Z","volume":6000,"label":" ","price":2.87},{"type":"B","date":"2018-03-23T06:33:35.000Z","volume":1000,"label":" ","price":2.86},{"type":"U","date":"2018-03-23T06:33:45.000Z","volume":1000,"label":"X","price":2.865},{"type":"B","date":"2018-03-23T06:33:46.000Z","volume":1000,"label":" ","price":2.86},{"type":"B","date":"2018-03-23T06:33:51.000Z","volume":1000,"label":" ","price":2.86},{"type":"U","date":"2018-03-23T06:33:55.000Z","volume":1000,"label":"X","price":2.865},{"type":"B","date":"2018-03-23T06:33:56.000Z","volume":51000,"label":" ","price":2.86},{"type":"U","date":"2018-03-23T06:34:05.000Z","volume":1000,"label":"X","price":2.865},{"type":"B","date":"2018-03-23T06:34:05.000Z","volume":2000,"label":" ","price":2.86},{"type":"A","date":"2018-03-23T06:34:06.000Z","volume":56000,"label":" ","price":2.87},{"type":"U","date":"2018-03-23T06:34:16.000Z","volume":2000,"label":"X","price":2.865},{"type":"A","date":"2018-03-23T06:34:21.000Z","volume":18000,"label":" ","price":2.87},{"type":"U","date":"2018-03-23T06:34:28.000Z","volume":1000,"label":"X","price":2.865},{"type":"B","date":"2018-03-23T06:34:29.000Z","volume":2000,"label":" ","price":2.86},{"type":"U","date":"2018-03-23T06:34:42.000Z","volume":1000,"label":"X","price":2.865},{"type":"A","date":"2018-03-23T06:34:45.000Z","volume":11000,"label":" ","price":2.87},{"type":"B","date":"2018-03-23T06:34:47.000Z","volume":33000,"label":" ","price":2.86},{"type":"B","date":"2018-03-23T06:34:48.000Z","volume":4000,"label":" ","price":2.86},{"type":"B","date":"2018-03-23T06:34:50.000Z","volume":1000,"label":" ","price":2.86},{"type":"A","date":"2018-03-23T06:34:57.000Z","volume":6000,"label":" ","price":2.87},{"type":"A","date":"2018-03-23T06:35:00.000Z","volume":1000,"label":" ","price":2.87},{"type":"B","date":"2018-03-23T06:35:01.000Z","volume":1000,"label":" ","price":2.86},{"type":"B","date":"2018-03-23T06:35:05.000Z","volume":1000,"label":" ","price":2.86},{"type":"B","date":"2018-03-23T06:35:10.000Z","volume":1000,"label":" ","price":2.86},{"type":"U","date":"2018-03-23T06:35:15.000Z","volume":1000,"label":"X","price":2.865},{"type":"A","date":"2018-03-23T06:35:16.000Z","volume":6000,"label":" ","price":2.87},{"type":"B","date":"2018-03-23T06:35:16.000Z","volume":1000,"label":" ","price":2.86},{"type":"U","date":"2018-03-23T06:35:29.000Z","volume":1000,"label":"X","price":2.87},{"type":"B","date":"2018-03-23T06:35:30.000Z","volume":1000,"label":" ","price":2.86},{"type":"B","date":"2018-03-23T06:35:39.000Z","volume":3000,"label":" ","price":2.86},{"type":"U","date":"2018-03-23T06:35:47.000Z","volume":1000,"label":"X","price":2.865},{"type":"B","date":"2018-03-23T06:35:47.000Z","volume":6000,"label":" ","price":2.86},{"type":"B","date":"2018-03-23T06:35:48.000Z","volume":2000,"label":" ","price":2.86},{"type":"B","date":"2018-03-23T06:35:53.000Z","volume":53000,"label":" ","price":2.86},{"type":"B","date":"2018-03-23T06:35:53.000Z","volume":7000,"label":" ","price":2.86},{"type":"B","date":"2018-03-23T06:35:54.000Z","volume":1000,"label":" ","price":2.86},{"type":"A","date":"2018-03-23T06:36:10.000Z","volume":14000,"label":" ","price":2.87},{"type":"B","date":"2018-03-23T06:36:12.000Z","volume":1000,"label":" ","price":2.86},{"type":"U","date":"2018-03-23T06:36:13.000Z","volume":1000,"label":"X","price":2.865},{"type":"A","date":"2018-03-23T06:36:18.000Z","volume":8000,"label":" ","price":2.87},{"type":"B","date":"2018-03-23T06:36:20.000Z","volume":1000,"label":" ","price":2.86},{"type":"B","date":"2018-03-23T06:36:35.000Z","volume":1000,"label":" ","price":2.86},{"type":"B","date":"2018-03-23T06:36:37.000Z","volume":2034000,"label":" ","price":2.86},{"type":"B","date":"2018-03-23T06:36:53.000Z","volume":39000,"label":" ","price":2.85},{"type":"A","date":"2018-03-23T06:37:00.000Z","volume":1000,"label":" ","price":2.86},{"type":"A","date":"2018-03-23T06:37:01.000Z","volume":1000,"label":" ","price":2.86},{"type":"B","date":"2018-03-23T06:37:06.000Z","volume":4000,"label":" ","price":2.85},{"type":"B","date":"2018-03-23T06:37:09.000Z","volume":2000,"label":" ","price":2.85},{"type":"U","date":"2018-03-23T06:37:20.000Z","volume":1000,"label":"X","price":2.855},{"type":"B","date":"2018-03-23T06:37:54.000Z","volume":2000,"label":" ","price":2.85},{"type":"A","date":"2018-03-23T06:38:00.000Z","volume":1000,"label":" ","price":2.86},{"type":"B","date":"2018-03-23T06:38:05.000Z","volume":1000,"label":" ","price":2.85},{"type":"B","date":"2018-03-23T06:38:06.000Z","volume":2000,"label":" ","price":2.85},{"type":"U","date":"2018-03-23T06:38:09.000Z","volume":1000,"label":"X","price":2.855},{"type":"B","date":"2018-03-23T06:38:31.000Z","volume":2000,"label":" ","price":2.85},{"type":"B","date":"2018-03-23T06:38:36.000Z","volume":2000,"label":" ","price":2.85},{"type":"U","date":"2018-03-23T06:38:43.000Z","volume":1000,"label":"X","price":2.855},{"type":"B","date":"2018-03-23T06:38:44.000Z","volume":67000,"label":" ","price":2.85},{"type":"A","date":"2018-03-23T06:38:55.000Z","volume":300000,"label":" ","price":2.86},{"type":"B","date":"2018-03-23T06:38:56.000Z","volume":1000,"label":" ","price":2.85},{"type":"U","date":"2018-03-23T06:39:13.000Z","volume":1000,"label":"X","price":2.855},{"type":"B","date":"2018-03-23T06:39:14.000Z","volume":2000,"label":" ","price":2.85},{"type":"B","date":"2018-03-23T06:39:19.000Z","volume":10000,"label":" ","price":2.85},{"type":"B","date":"2018-03-23T06:39:21.000Z","volume":25000,"label":" ","price":2.85},{"type":"B","date":"2018-03-23T06:39:35.000Z","volume":1000,"label":" ","price":2.85},{"type":"U","date":"2018-03-23T06:39:43.000Z","volume":1000,"label":"X","price":2.855},{"type":"B","date":"2018-03-23T06:39:50.000Z","volume":1000,"label":" ","price":2.85},{"type":"B","date":"2018-03-23T06:39:51.000Z","volume":1000,"label":" ","price":2.85},{"type":"B","date":"2018-03-23T06:40:05.000Z","volume":2000,"label":" ","price":2.85},{"type":"A","date":"2018-03-23T06:40:14.000Z","volume":23000,"label":" ","price":2.86},{"type":"U","date":"2018-03-23T06:40:20.000Z","volume":1000,"label":"X","price":2.855},{"type":"B","date":"2018-03-23T06:40:20.000Z","volume":1000,"label":" ","price":2.85},{"type":"B","date":"2018-03-23T06:40:21.000Z","volume":2000,"label":" ","price":2.85},{"type":"B","date":"2018-03-23T06:40:50.000Z","volume":1000,"label":" ","price":2.85},{"type":"A","date":"2018-03-23T06:41:00.000Z","volume":1000,"label":" ","price":2.86},{"type":"U","date":"2018-03-23T06:41:03.000Z","volume":1000,"label":"X","price":2.855},{"type":"B","date":"2018-03-23T06:41:05.000Z","volume":1000,"label":" ","price":2.85},{"type":"B","date":"2018-03-23T06:41:20.000Z","volume":1000,"label":" ","price":2.85},{"type":"B","date":"2018-03-23T06:41:35.000Z","volume":2000,"label":" ","price":2.85},{"type":"U","date":"2018-03-23T06:41:40.000Z","volume":1000,"label":"X","price":2.855},{"type":"B","date":"2018-03-23T06:41:47.000Z","volume":8000,"label":" ","price":2.85},{"type":"B","date":"2018-03-23T06:41:51.000Z","volume":2000,"label":" ","price":2.85},{"type":"U","date":"2018-03-23T06:42:10.000Z","volume":1000,"label":"X","price":2.855},{"type":"B","date":"2018-03-23T06:42:17.000Z","volume":5000,"label":" ","price":2.85},{"type":"B","date":"2018-03-23T06:42:21.000Z","volume":2000,"label":"Y","price":2.85},{"type":"B","date":"2018-03-23T06:42:39.000Z","volume":48000,"label":" ","price":2.85},{"type":"B","date":"2018-03-23T06:42:50.000Z","volume":1000,"label":" ","price":2.85},{"type":"B","date":"2018-03-23T06:42:54.000Z","volume":20000,"label":" ","price":2.85},{"type":"U","date":"2018-03-23T06:42:59.000Z","volume":1000,"label":"X","price":2.855},{"type":"A","date":"2018-03-23T06:43:00.000Z","volume":1000,"label":" ","price":2.86},{"type":"B","date":"2018-03-23T06:43:01.000Z","volume":1000,"label":" ","price":2.85},{"type":"A","date":"2018-03-23T06:43:14.000Z","volume":20000,"label":" ","price":2.86},{"type":"B","date":"2018-03-23T06:43:16.000Z","volume":2000,"label":" ","price":2.85},{"type":"B","date":"2018-03-23T06:43:16.000Z","volume":1000,"label":" ","price":2.85},{"type":"B","date":"2018-03-23T06:43:16.000Z","volume":100000,"label":" ","price":2.85},{"type":"A","date":"2018-03-23T06:43:24.000Z","volume":6000,"label":" ","price":2.86},{"type":"B","date":"2018-03-23T06:43:32.000Z","volume":100000,"label":" ","price":2.85},{"type":"U","date":"2018-03-23T06:43:35.000Z","volume":1000,"label":"X","price":2.855},{"type":"B","date":"2018-03-23T06:43:36.000Z","volume":1000,"label":"Y","price":2.85},{"type":"B","date":"2018-03-23T06:43:50.000Z","volume":2000,"label":"Y","price":2.85},{"type":"A","date":"2018-03-23T06:44:00.000Z","volume":2000,"label":" ","price":2.86},{"type":"U","date":"2018-03-23T06:44:07.000Z","volume":1000,"label":"X","price":2.855},{"type":"B","date":"2018-03-23T06:44:20.000Z","volume":2000,"label":"Y","price":2.85},{"type":"B","date":"2018-03-23T06:44:38.000Z","volume":61000,"label":" ","price":2.85},{"type":"U","date":"2018-03-23T06:44:46.000Z","volume":1000,"label":"X","price":2.855},{"type":"B","date":"2018-03-23T06:44:47.000Z","volume":2000,"label":"Y","price":2.85},{"type":"B","date":"2018-03-23T06:45:06.000Z","volume":22000,"label":" ","price":2.85}