[{"type":"U","date":"2018-04-11T01:05:00.000Z","volume":320000,"label":"P","price":16.5},{"type":"U","date":"2018-04-11T01:20:00.000Z","volume":15000,"label":"U","price":16.5},{"type":"A","date":"2018-04-11T01:31:05.000Z","volume":1000,"label":" ","price":16.6},{"type":"A","date":"2018-04-11T01:31:05.000Z","volume":1000,"label":" ","price":16.6},{"type":"A","date":"2018-04-11T01:31:08.000Z","volume":1000,"label":" ","price":16.6},{"type":"A","date":"2018-04-11T01:31:08.000Z","volume":1000,"label":" ","price":16.6},{"type":"A","date":"2018-04-11T01:31:08.000Z","volume":1000,"label":" ","price":16.6},{"type":"A","date":"2018-04-11T01:31:13.000Z","volume":1000,"label":" ","price":16.6},{"type":"A","date":"2018-04-11T01:31:13.000Z","volume":5000,"label":" ","price":16.6},{"type":"B","date":"2018-04-11T01:31:16.000Z","volume":3000,"label":" ","price":16.6},{"type":"B","date":"2018-04-11T01:31:16.000Z","volume":4000,"label":" ","price":16.58},{"type":"B","date":"2018-04-11T01:31:16.000Z","volume":1000,"label":" ","price":16.58},{"type":"B","date":"2018-04-11T01:31:16.000Z","volume":3000,"label":" ","price":16.58},{"type":"B","date":"2018-04-11T01:31:16.000Z","volume":2000,"label":" ","price":16.58},{"type":"A","date":"2018-04-11T01:31:32.000Z","volume":1000,"label":" ","price":16.7},{"type":"A","date":"2018-04-11T01:31:45.000Z","volume":1000,"label":" ","price":16.7},{"type":"A","date":"2018-04-11T01:33:21.000Z","volume":1000,"label":" ","price":16.68},{"type":"A","date":"2018-04-11T01:33:47.000Z","volume":2000,"label":" ","price":16.66},{"type":"A","date":"2018-04-11T01:34:23.000Z","volume":4000,"label":" ","price":16.66},{"type":"B","date":"2018-04-11T01:34:25.000Z","volume":1000,"label":" ","price":16.64},{"type":"B","date":"2018-04-11T01:35:03.000Z","volume":5000,"label":" ","price":16.62},{"type":"B","date":"2018-04-11T01:35:10.000Z","volume":8000,"label":" ","price":16.6},{"type":"B","date":"2018-04-11T01:35:11.000Z","volume":3000,"label":" ","price":16.54},{"type":"A","date":"2018-04-11T01:35:17.000Z","volume":3000,"label":" ","price":16.6},{"type":"U","date":"2018-04-11T01:35:35.000Z","volume":1000,"label":"X","price":16.6},{"type":"A","date":"2018-04-11T01:35:45.000Z","volume":1000,"label":" ","price":16.6},{"type":"A","date":"2018-04-11T01:35:46.000Z","volume":6000,"label":" ","price":16.6},{"type":"A","date":"2018-04-11T01:35:46.000Z","volume":4000,"label":" ","price":16.62},{"type":"A","date":"2018-04-11T01:36:25.000Z","volume":2000,"label":" ","price":16.62},{"type":"U","date":"2018-04-11T01:37:10.000Z","volume":1000,"label":" ","price":16.6},{"type":"B","date":"2018-04-11T01:38:37.000Z","volume":6000,"label":" ","price":16.56},{"type":"U","date":"2018-04-11T01:40:49.000Z","volume":1000,"label":" ","price":16.58},{"type":"B","date":"2018-04-11T01:41:19.000Z","volume":15000,"label":" ","price":16.56},{"type":"B","date":"2018-04-11T01:41:19.000Z","volume":6000,"label":" ","price":16.54},{"type":"B","date":"2018-04-11T01:41:19.000Z","volume":5000,"label":" ","price":16.52},{"type":"B","date":"2018-04-11T01:41:19.000Z","volume":18000,"label":" ","price":16.5},{"type":"B","date":"2018-04-11T01:41:20.000Z","volume":10000,"label":" ","price":16.46},{"type":"B","date":"2018-04-11T01:41:20.000Z","volume":1000,"label":" ","price":16.46},{"type":"U","date":"2018-04-11T01:41:20.000Z","volume":5000,"label":" ","price":16.58},{"type":"U","date":"2018-04-11T01:41:20.000Z","volume":1000,"label":" ","price":16.58},{"type":"B","date":"2018-04-11T01:41:20.000Z","volume":1000,"label":" ","price":16.42},{"type":"A","date":"2018-04-11T01:41:22.000Z","volume":4000,"label":"Y","price":16.58},{"type":"A","date":"2018-04-11T01:41:22.000Z","volume":3000,"label":" ","price":16.58},{"type":"B","date":"2018-04-11T01:41:48.000Z","volume":11000,"label":" ","price":16.54},{"type":"A","date":"2018-04-11T01:41:54.000Z","volume":1000,"label":"Y","price":16.58},{"type":"A","date":"2018-04-11T01:41:54.000Z","volume":5000,"label":" ","price":16.58},{"type":"B","date":"2018-04-11T01:41:56.000Z","volume":1000,"label":" ","price":16.46},{"type":"B","date":"2018-04-11T01:41:56.000Z","volume":4000,"label":" ","price":16.44},{"type":"B","date":"2018-04-11T01:41:56.000Z","volume":3000,"label":" ","price":16.4},{"type":"B","date":"2018-04-11T01:41:56.000Z","volume":4000,"label":" ","price":16.34},{"type":"A","date":"2018-04-11T01:41:59.000Z","volume":1000,"label":" ","price":16.54},{"type":"U","date":"2018-04-11T01:42:04.000Z","volume":1000,"label":" ","price":16.5},{"type":"A","date":"2018-04-11T01:42:45.000Z","volume":1000,"label":" ","price":16.52},{"type":"A","date":"2018-04-11T01:42:45.000Z","volume":3000,"label":" ","price":16.52},{"type":"A","date":"2018-04-11T01:42:48.000Z","volume":1000,"label":"Y","price":16.54},{"type":"A","date":"2018-04-11T01:42:48.000Z","volume":2000,"label":" ","price":16.54},{"type":"U","date":"2018-04-11T01:43:37.000Z","volume":1000,"label":" ","price":16.52},{"type":"B","date":"2018-04-11T01:44:12.000Z","volume":1000,"label":"Y","price":16.48},{"type":"A","date":"2018-04-11T01:44:32.000Z","volume":1000,"label":" ","price":16.54},{"type":"B","date":"2018-04-11T01:46:11.000Z","volume":5000,"label":" ","price":16.52},{"type":"A","date":"2018-04-11T01:47:25.000Z","volume":7000,"label":" ","price":16.54},{"type":"B","date":"2018-04-11T01:47:26.000Z","volume":2000,"label":" ","price":16.52},{"type":"A","date":"2018-04-11T01:47:54.000Z","volume":1000,"label":"Y","price":16.56},{"type":"A","date":"2018-04-11T01:47:54.000Z","volume":1000,"label":" ","price":16.56},{"type":"U","date":"2018-04-11T01:48:05.000Z","volume":1000,"label":"X","price":16.56},{"type":"B","date":"2018-04-11T01:48:15.000Z","volume":1000,"label":" ","price":16.54},{"type":"A","date":"2018-04-11T01:48:16.000Z","volume":2000,"label":" ","price":16.58},{"type":"A","date":"2018-04-11T01:48:16.000Z","volume":3000,"label":" ","price":16.58},{"type":"B","date":"2018-04-11T01:48:50.000Z","volume":1000,"label":" ","price":16.56},{"type":"B","date":"2018-04-11T01:48:50.000Z","volume":3000,"label":" ","price":16.56},{"type":"A","date":"2018-04-11T01:49:24.000Z","volume":1000,"label":" ","price":16.56},{"type":"B","date":"2018-04-11T01:49:57.000Z","volume":4000,"label":" ","price":16.52},{"type":"B","date":"2018-04-11T01:50:00.000Z","volume":16000,"label":" ","price":16.52},{"type":"U","date":"2018-04-11T01:50:01.000Z","volume":1000,"label":" ","price":16.52},{"type":"B","date":"2018-04-11T01:50:02.000Z","volume":43000,"label":" ","price":16.5},{"type":"B","date":"2018-04-11T01:50:02.000Z","volume":14000,"label":" ","price":16.5},{"type":"B","date":"2018-04-11T01:50:02.000Z","volume":2000,"label":" ","price":16.48},{"type":"B","date":"2018-04-11T01:50:03.000Z","volume":2000,"label":" ","price":16.46},{"type":"A","date":"2018-04-11T01:50:12.000Z","volume":6000,"label":" ","price":16.52},{"type":"A","date":"2018-04-11T01:50:12.000Z","volume":3000,"label":" ","price":16.54},{"type":"A","date":"2018-04-11T01:50:12.000Z","volume":1000,"label":" ","price":16.54},{"type":"A","date":"2018-04-11T01:50:12.000Z","volume":5000,"label":" ","price":16.54},{"type":"A","date":"2018-04-11T01:50:43.000Z","volume":2000,"label":"Y","price":16.54},{"type":"A","date":"2018-04-11T01:50:43.000Z","volume":3000,"label":" ","price":16.54},{"type":"U","date":"2018-04-11T01:52:19.000Z","volume":1000,"label":" ","price":16.54},{"type":"A","date":"2018-04-11T01:52:39.000Z","volume":1000,"label":" ","price":16.56},{"type":"A","date":"2018-04-11T01:52:52.000Z","volume":3000,"label":" ","price":16.56},{"type":"B","date":"2018-04-11T01:54:54.000Z","volume":15000,"label":" ","price":16.46},{"type":"B","date":"2018-04-11T01:54:54.000Z","volume":1000,"label":" ","price":16.44},{"type":"B","date":"2018-04-11T01:54:54.000Z","volume":1000,"label":" ","price":16.46},{"type":"A","date":"2018-04-11T01:54:54.000Z","volume":1000,"label":" ","price":16.46},{"type":"B","date":"2018-04-11T01:55:14.000Z","volume":9000,"label":" ","price":16.38},{"type":"A","date":"2018-04-11T01:55:23.000Z","volume":2000,"label":" ","price":16.52},{"type":"U","date":"2018-04-11T01:55:35.000Z","volume":1000,"label":"X","price":16.52},{"type":"B","date":"2018-04-11T01:55:36.000Z","volume":1000,"label":" ","price":16.4},{"type":"B","date":"2018-04-11T01:58:26.000Z","volume":1000,"label":" ","price":16.4},{"type":"B","date":"2018-04-11T02:00:02.000Z","volume":50000,"label":" ","price":16.4},{"type":"B","date":"2018-04-11T02:00:02.000Z","volume":21000,"label":" ","price":16.4},{"type":"B","date":"2018-04-11T02:00:02.000Z","volume":1000,"label":" ","price":16.4},{"type":"B","date":"2018-04-11T02:00:02.000Z","volume":4000,"label":" ","price":16.38},{"type":"B","date":"2018-04-11T02:00:02.000Z","volume":10000,"label":" ","price":16.36},{"type":"A","date":"2018-04-11T02:00:03.000Z","volume":11000,"label":"Y","price":16.44},{"type":"A","date":"2018-04-11T02:00:03.000Z","volume":6000,"label":" ","price":16.44},{"type":"A","date":"2018-04-11T02:00:04.000Z","volume":3000,"label":" ","price":16.44},{"type":"B","date":"2018-04-11T02:01:27.000Z","volume":1000,"label":" ","price":16.36},{"type":"B","date":"2018-04-11T02:01:27.000Z","volume":6000,"label":" ","price":16.32},{"type":"B","date":"2018-04-11T02:01:27.000Z","volume":3000,"label":" ","price":16.3},{"type":"B","date":"2018-04-11T02:01:27.000Z","volume":1000,"label":" ","price":16.34},{"type":"B","date":"2018-04-11T02:01:27.000Z","volume":1000,"label":" ","price":16.28},{"type":"A","date":"2018-04-11T02:02:19.000Z","volume":26000,"label":" ","price":16.4},{"type":"A","date":"2018-04-11T02:02:19.000Z","volume":11000,"label":" ","price":16.42},{"type":"A","date":"2018-04-11T02:02:19.000Z","volume":9000,"label":" ","price":16.42},{"type":"A","date":"2018-04-11T02:02:19.000Z","volume":4000,"label":" ","price":16.42},{"type":"U","date":"2018-04-11T02:02:20.000Z","volume":1000,"label":" ","price":16.42},{"type":"U","date":"2018-04-11T02:02:20.000Z","volume":1000,"label":" ","price":16.42},{"type":"A","date":"2018-04-11T02:02:51.000Z","volume":9000,"label":" ","price":16.42},{"type":"A","date":"2018-04-11T02:05:05.000Z","volume":1000,"label":"Y","price":16.44},{"type":"A","date":"2018-04-11T02:05:05.000Z","volume":38000,"label":" ","price":16.44},{"type":"B","date":"2018-04-11T02:05:05.000Z","volume":2000,"label":" ","price":16.44},{"type":"A","date":"2018-04-11T02:05:07.000Z","volume":1000,"label":" ","price":16.46},{"type":"B","date":"2018-04-11T02:05:08.000Z","volume":4000,"label":" ","price":16.44},{"type":"B","date":"2018-04-11T02:05:10.000Z","volume":16000,"label":" ","price":16.44},{"type":"A","date":"2018-04-11T02:05:39.000Z","volume":11000,"label":" ","price":16.44},{"type":"B","date":"2018-04-11T02:06:02.000Z","volume":4000,"label":" ","price":16.44},{"type":"U","date":"2018-04-11T02:06:05.000Z","volume":2000,"label":"X","price":16.44},{"type":"U","date":"2018-04-11T02:08:19.000Z","volume":2000,"label":" ","price":16.44},{"type":"U","date":"2018-04-11T02:08:35.000Z","volume":1000,"label":"X","price":16.44},{"type":"B","date":"2018-04-11T02:09:25.000Z","volume":5000,"label":" ","price":16.42},{"type":"A","date":"2018-04-11T02:10:41.000Z","volume":1000,"label":" ","price":16.46},{"type":"B","date":"2018-04-11T02:10:41.000Z","volume":2000,"label":" ","price":16.42},{"type":"A","date":"2018-04-11T02:11:04.000Z","volume":6000,"label":" ","price":16.46},{"type":"U","date":"2018-04-11T02:11:09.000Z","volume":1000,"label":"X","price":16.46},{"type":"A","date":"2018-04-11T02:11:26.000Z","volume":1000,"label":"Y","price":16.46},{"type":"B","date":"2018-04-11T02:11:46.000Z","volume":2000,"label":" ","price":16.42},{"type":"B","date":"2018-04-11T02:12:55.000Z","volume":4000,"label":" ","price":16.42},{"type":"B","date":"2018-04-11T02:12:55.000Z","volume":2000,"label":" ","price":16.4},{"type":"B","date":"2018-04-11T02:12:55.000Z","volume":8000,"label":" ","price":16.38},{"type":"A","date":"2018-04-11T02:12:55.000Z","volume":3000,"label":"Y","price":16.42},{"type":"A","date":"2018-04-11T02:12:55.000Z","volume":4000,"label":" ","price":16.42},{"type":"B","date":"2018-04-11T02:13:20.000Z","volume":1000,"label":" ","price":16.32},{"type":"A","date":"2018-04-11T02:13:47.000Z","volume":10000,"label":" ","price":16.38},{"type":"A","date":"2018-04-11T02:13:55.000Z","volume":2000,"label":" ","price":16.38},{"type":"A","date":"2018-04-11T02:14:11.000Z","volume":12000,"label":"Y","price":16.38},{"type":"A","date":"2018-04-11T02:14:11.000Z","volume":1000,"label":" ","price":16.38},{"type":"A","date":"2018-04-11T02:14:21.000Z","volume":7000,"label":" ","price":16.38},{"type":"A","date":"2018-04-11T02:14:47.000Z","volume":11000,"label":" ","price":16.4},{"type":"A","date":"2018-04-11T02:14:47.000Z","volume":1000,"label":" ","price":16.42},{"type":"B","date":"2018-04-11T02:15:09.000Z","volume":1000,"label":" ","price":16.42},{"type":"B","date":"2018-04-11T02:15:09.000Z","volume":3000,"label":" ","price":16.42},{"type":"A","date":"2018-04-11T02:15:18.000Z","volume":8000,"label":" ","price":16.44},{"type":"A","date":"2018-04-11T02:15:26.000Z","volume":4000,"label":"Y","price":16.44},{"type":"A","date":"2018-04-11T02:15:48.000Z","volume":1000,"label":"Y","price":16.44},{"type":"A","date":"2018-04-11T02:15:48.000Z","volume":5000,"label":" ","price":16.44},{"type":"U","date":"2018-04-11T02:15:54.000Z","volume":1000,"label":" ","price":16.44},{"type":"B","date":"2018-04-11T02:20:52.000Z","volume":6000,"label":" ","price":16.44},{"type":"A","date":"2018-04-11T02:20:52.000Z","volume":2000,"label":"Y","price":16.44},{"type":"A","date":"2018-04-11T02:21:21.000Z","volume":9000,"label":" ","price":16.44},{"type":"A","date":"2018-04-11T02:21:27.000Z","volume":4000,"label":"Y","price":16.44},{"type":"A","date":"2018-04-11T02:21:43.000Z","volume":2000,"label":" ","price":16.44},{"type":"A","date":"2018-04-11T02:22:04.000Z","volume":1000,"label":"Y","price":16.44},{"type":"U","date":"2018-04-11T02:24:08.000Z","volume":1000,"label":"X","price":16.43},{"type":"A","date":"2018-04-11T02:24:11.000Z","volume":1000,"label":" ","price":16.44},{"type":"B","date":"2018-04-11T02:24:14.000Z","volume":4000,"label":" ","price":16.42},{"type":"B","date":"2018-04-11T02:24:14.000Z","volume":1000,"label":" ","price":16.42},{"type":"A","date":"2018-04-11T02:25:33.000Z","volume":1000,"label":" ","price":16.44},{"type":"B","date":"2018-04-11T02:25:46.000Z","volume":2000,"label":" ","price":16.42},{"type":"A","date":"2018-04-11T02:25:46.000Z","volume":18000,"label":" ","price":16.42},{"type":"A","date":"2018-04-11T02:26:58.000Z","volume":3000,"label":" ","price":16.44},{"type":"A","date":"2018-04-11T02:26:59.000Z","volume":1000,"label":"Y","price":16.44},{"type":"U","date":"2018-04-11T02:27:06.000Z","volume":286,"label":"D","price":16.36},{"type":"A","date":"2018-04-11T02:29:17.000Z","volume":1000,"label":" ","price":16.44},{"type":"B","date":"2018-04-11T02:31:09.000Z","volume":1000,"label":" ","price":16.42},{"type":"B","date":"2018-04-11T02:31:16.000Z","volume":4000,"label":" ","price":16.42},{"type":"B","date":"2018-04-11T02:31:31.000Z","volume":4000,"label":" ","price":16.42},{"type":"B","date":"2018-04-11T02:33:22.000Z","volume":1000,"label":" ","price":16.42},{"type":"B","date":"2018-04-11T02:33:22.000Z","volume":6000,"label":" ","price":16.42},{"type":"U","date":"2018-04-11T02:33:47.000Z","volume":17000,"label":" ","price":16.42},{"type":"A","date":"2018-04-11T02:33:47.000Z","volume":3000,"label":" ","price":16.44},{"type":"A","date":"2018-04-11T02:34:15.000Z","volume":24000,"label":"Y","price":16.42},{"type":"A","date":"2018-04-11T02:34:15.000Z","volume":8000,"label":" ","price":16.42},{"type":"U","date":"2018-04-11T02:34:36.000Z","volume":1000,"label":"X","price":16.42},{"type":"U","date":"2018-04-11T02:34:54.000Z","volume":15000,"label":" ","price":16.42},{"type":"B","date":"2018-04-11T02:36:24.000Z","volume":1000,"label":" ","price":16.42},{"type":"B","date":"2018-04-11T02:37:53.000Z","volume":2000,"label":" ","price":16.42},{"type":"B","date":"2018-04-11T02:39:22.000Z","volume":1000,"label":" ","price":16.42},{"type":"B","date":"2018-04-11T02:39:22.000Z","volume":1000,"label":" ","price":16.42},{"type":"B","date":"2018-04-11T02:39:23.000Z","volume":107000,"label":" ","price":16.4},{"type":"B","date":"2018-04-11T02:39:25.000Z","volume":4000,"label":" ","price":16.38},{"type":"A","date":"2018-04-11T02:39:56.000Z","volume":13000,"label":" ","price":16.38},{"type":"A","date":"2018-04-11T02:39:56.000Z","volume":20000,"label":" ","price":16.38},{"type":"A","date":"2018-04-11T02:40:01.000Z","volume":3000,"label":" ","price":16.38},{"type":"A","date":"2018-04-11T02:40:21.000Z","volume":30000,"label":"Y","price":16.38},{"type":"A","date":"2018-04-11T02:40:21.000Z","volume":3000,"label":" ","price":16.38},{"type":"A","date":"2018-04-11T02:40:43.000Z","volume":6000,"label":" ","price":16.4},{"type":"A","date":"2018-04-11T02:40:43.000Z","volume":1000,"label":" ","price":16.4},{"type":"A","date":"2018-04-11T02:41:14.000Z","volume":1000,"label":" ","price":16.4},{"type":"A","date":"2018-04-11T02:41:14.000Z","volume":2000,"label":" ","price":16.42},{"type":"B","date":"2018-04-11T02:43:08.000Z","volume":2000,"label":" ","price":16.4},{"type":"A","date":"2018-04-11T02:44:21.000Z","volume":3000,"label":" ","price":16.4},{"type":"B","date":"2018-04-11T02:44:22.000Z","volume":1000,"label":" ","price":16.38},{"type":"B","date":"2018-04-11T02:45:14.000Z","volume":5000,"label":" ","price":16.38},{"type":"B","date":"2018-04-11T02:45:14.000Z","volume":2000,"label":" ","price":16.36},{"type":"B","date":"2018-04-11T02:45:14.000Z","volume":15000,"label":" ","price":16.38},{"type":"B","date":"2018-04-11T02:45:14.000Z","volume":1000,"label":" ","price":16.38},{"type":"B","date":"2018-04-11T02:45:41.000Z","volume":1000,"label":" ","price":16.36},{"type":"A","date":"2018-04-11T02:45:41.000Z","volume":1000,"label":" ","price":16.38},{"type":"A","date":"2018-04-11T02:45:52.000Z","volume":5000,"label":" ","price":16.38},{"type":"A","date":"2018-04-11T02:47:38.000Z","volume":3000,"label":" ","price":16.38},{"type":"A","date":"2018-04-11T02:48:48.000Z","volume":1000,"label":" ","price":16.38},{"type":"A","date":"2018-04-11T02:48:49.000Z","volume":1000,"label":" ","price":16.38},{"type":"A","date":"2018-04-11T02:48:49.000Z","volume":1000,"label":" ","price":16.38},{"type":"B","date":"2018-04-11T02:50:00.000Z","volume":1000,"label":"Y","price":16.38},{"type":"B","date":"2018-04-11T02:51:03.000Z","volume":5000,"label":" ","price":16.38},{"type":"A","date":"2018-04-11T02:53:00.000Z","volume":1000,"label":" ","price":16.38},{"type":"A","date":"2018-04-11T02:53:02.000Z","volume":4000,"label":" ","price":16.38},{"type":"U","date":"2018-04-11T02:54:14.000Z","volume":1000,"label":" ","price":16.38},{"type":"B","date":"2018-04-11T02:54:32.000Z","volume":2000,"label":" ","price":16.38},{"type":"B","date":"2018-04-11T02:54:33.000Z","volume":7000,"label":" ","price":16.36},{"type":"A","date":"2018-04-11T02:56:52.000Z","volume":3000,"label":" ","price":16.36},{"type":"B","date":"2018-04-11T02:57:08.000Z","volume":3000,"label":" ","price":16.34},{"type":"A","date":"2018-04-11T02:57:20.000Z","volume":12000,"label":" ","price":16.34},{"type":"B","date":"2018-04-11T02:59:09.000Z","volume":1000,"label":" ","price":16.32},{"type":"B","date":"2018-04-11T03:01:40.000Z","volume":1000,"label":" ","price":16.34},{"type":"A","date":"2018-04-11T03:02:37.000Z","volume":2000,"label":" ","price":16.34},{"type":"A","date":"2018-04-11T03:02:37.000Z","volume":1000,"label":" ","price":16.34},{"type":"B","date":"2018-04-11T03:02:38.000Z","volume":1000,"label":" ","price":16.34},{"type":"B","date":"2018-04-11T03:02:41.000Z","volume":1000,"label":" ","price":16.34},{"type":"A","date":"2018-04-11T03:03:02.000Z","volume":1000,"label":" ","price":16.36},{"type":"B","date":"2018-04-11T03:05:24.000Z","volume":1000,"label":" ","price":16.34},{"type":"B","date":"2018-04-11T03:05:30.000Z","volume":1000,"label":" ","price":16.32},{"type":"A","date":"2018-04-11T03:06:36.000Z","volume":6000,"label":" ","price":16.36},{"type":"B","date":"2018-04-11T03:08:06.000Z","volume":1000,"label":" ","price":16.36},{"type":"A","date":"2018-04-11T03:09:51.000Z","volume":4000,"label":" ","price":16.38},{"type":"A","date":"2018-04-11T03:10:14.000Z","volume":1000,"label":" ","price":16.4},{"type":"A","date":"2018-04-11T03:10:14.000Z","volume":1000,"label":" ","price":16.4},{"type":"A","date":"2018-04-11T03:10:14.000Z","volume":1000,"label":" ","price":16.4},{"type":"B","date":"2018-04-11T03:10:17.000Z","volume":3000,"label":" ","price":16.38},{"type":"B","date":"2018-04-11T03:10:53.000Z","volume":1000,"label":" ","price":16.38},{"type":"B","date":"2018-04-11T03:12:34.000Z","volume":5000,"label":" ","price":16.36},{"type":"B","date":"2018-04-11T03:13:42.000Z","volume":1000,"label":" ","price":16.38},{"type":"A","date":"2018-04-11T03:14:25.000Z","volume":1000,"label":" ","price":16.38},{"type":"A","date":"2018-04-11T03:16:25.000Z","volume":1000,"label":" ","price":16.38},{"type":"B","date":"2018-04-11T03:16:47.000Z","volume":3000,"label":" ","price":16.36},{"type":"A","date":"2018-04-11T03:17:41.000Z","volume":1000,"label":" ","price":16.38},{"type":"A","date":"2018-04-11T03:18:22.000Z","volume":6000,"label":" ","price":16.38},{"type":"A","date":"2018-04-11T03:18:22.000Z","volume":1000,"label":"Y","price":16.38},{"type":"A","date":"2018-04-11T03:18:22.000Z","volume":1000,"label":"Y","price":16.38},{"type":"A","date":"2018-04-11T03:18:22.000Z","volume":1000,"label":" ","price":16.38},{"type":"A","date":"2018-04-11T03:18:23.000Z","volume":1000,"label":" ","price":16.38},{"type":"B","date":"2018-04-11T03:21:21.000Z","volume":19000,"label":" ","price":16.36},{"type":"A","date":"2018-04-11T03:21:21.000Z","volume":3000,"label":" ","price":16.36},{"type":"A","date":"2018-04-11T03:21:21.000Z","volume":1000,"label":" ","price":16.36},{"type":"B","date":"2018-04-11T03:21:33.000Z","volume":4000,"label":" ","price":16.34},{"type":"A","date":"2018-04-11T03:21:36.000Z","volume":23000,"label":" ","price":16.36},{"type":"A","date":"2018-04-11T03:21:36.000Z","volume":2000,"label":" ","price":16.36},{"type":"A","date":"2018-04-11T03:21:37.000Z","volume":1000,"label":" ","price":16.36},{"type":"A","date":"2018-04-11T03:21:46.000Z","volume":6000,"label":" ","price":16.36},{"type":"B","date":"2018-04-11T03:21:47.000Z","volume":1000,"label":" ","price":16.34},{"type":"A","date":"2018-04-11T03:22:14.000Z","volume":2000,"label":" ","price":16.36},{"type":"A","date":"2018-04-11T03:22:16.000Z","volume":4000,"label":" ","price":16.36},{"type":"A","date":"2018-04-11T03:22:20.000Z","volume":2000,"label":" ","price":16.36},{"type":"A","date":"2018-04-11T03:22:20.000Z","volume":8000,"label":" ","price":16.36},{"type":"A","date":"2018-04-11T03:22:23.000Z","volume":1000,"label":" ","price":16.36},{"type":"A","date":"2018-04-11T03:22:44.000Z","volume":1000,"label":" ","price":16.36},{"type":"A","date":"2018-04-11T03:23:25.000Z","volume":7000,"label":" ","price":16.36},{"type":"A","date":"2018-04-11T03:23:26.000Z","volume":1000,"label":" ","price":16.36},{"type":"A","date":"2018-04-11T03:23:27.000Z","volume":1000,"label":" ","price":16.36},{"type":"B","date":"2018-04-11T03:25:03.000Z","volume":2000,"label":" ","price":16.36},{"type":"A","date":"2018-04-11T03:25:08.000Z","volume":1000,"label":" ","price":16.38},{"type":"B","date":"2018-04-11T03:25:41.000Z","volume":4000,"label":" ","price":16.36},{"type":"B","date":"2018-04-11T03:25:41.000Z","volume":13000,"label":" ","price":16.36},{"type":"A","date":"2018-04-11T03:25:43.000Z","volume":2000,"label":" ","price":16.36},{"type":"A","date":"2018-04-11T03:25:45.000Z","volume":5000,"label":" ","price":16.36},{"type":"A","date":"2018-04-11T03:25:48.000Z","volume":1000,"label":" ","price":16.36},{"type":"B","date":"2018-04-11T03:25:49.000Z","volume":1000,"label":" ","price":16.36},{"type":"A","date":"2018-04-11T03:25:49.000Z","volume":1000,"label":" ","price":16.38},{"type":"A","date":"2018-04-11T03:25:57.000Z","volume":19000,"label":" ","price":16.36},{"type":"A","date":"2018-04-11T03:26:00.000Z","volume":3000,"label":" ","price":16.36},{"type":"B","date":"2018-04-11T03:26:01.000Z","volume":3000,"label":" ","price":16.36},{"type":"A","date":"2018-04-11T03:26:02.000Z","volume":14000,"label":" ","price":16.36},{"type":"A","date":"2018-04-11T03:26:03.000Z","volume":1000,"label":" ","price":16.36},{"type":"B","date":"2018-04-11T03:26:03.000Z","volume":1000,"label":" ","price":16.34},{"type":"A","date":"2018-04-11T03:26:08.000Z","volume":3000,"label":" ","price":16.36},{"type":"A","date":"2018-04-11T03:26:11.000Z","volume":12000,"label":" ","price":16.36},{"type":"A","date":"2018-04-11T03:26:13.000Z","volume":2000,"label":" ","price":16.36},{"type":"A","date":"2018-04-11T03:26:13.000Z","volume":1000,"label":" ","price":16.36},{"type":"B","date":"2018-04-11T03:26:13.000Z","volume":3000,"label":" ","price":16.36},{"type":"A","date":"2018-04-11T03:26:14.000Z","volume":18000,"label":" ","price":16.36},{"type":"A","date":"2018-04-11T03:26:14.000Z","volume":2000,"label":"Y","price":16.38},{"type":"A","date":"2018-04-11T03:26:14.000Z","volume":30000,"label":" ","price":16.38},{"type":"A","date":"2018-04-11T03:26:15.000Z","volume":2000,"label":" ","price":16.38},{"type":"B","date":"2018-04-11T03:27:05.000Z","volume":4000,"label":" ","price":16.36},{"type":"A","date":"2018-04-11T03:27:08.000Z","volume":4000,"label":" ","price":16.38},{"type":"B","date":"2018-04-11T03:28:04.000Z","volume":1000,"label":" ","price":16.36},{"type":"B","date":"2018-04-11T03:28:58.000Z","volume":5000,"label":" ","price":16.32},{"type":"B","date":"2018-04-11T03:29:32.000Z","volume":13000,"label":" ","price":16.32},{"type":"B","date":"2018-04-11T03:29:32.000Z","volume":10000,"label":" ","price":16.3},{"type":"B","date":"2018-04-11T03:29:32.000Z","volume":27000,"label":" ","price":16.28},{"type":"B","date":"2018-04-11T03:29:32.000Z","volume":5000,"label":" ","price":16.28},{"type":"U","date":"2018-04-11T03:30:54.000Z","volume":1000,"label":"X","price":16.32},{"type":"U","date":"2018-04-11T03:31:26.000Z","volume":1000,"label":" ","price":16.32},{"type":"B","date":"2018-04-11T03:31:26.000Z","volume":1000,"label":" ","price":16.32},{"type":"B","date":"2018-04-11T03:31:39.000Z","volume":3000,"label":"Y","price":16.28},{"type":"B","date":"2018-04-11T03:31:39.000Z","volume":7000,"label":" ","price":16.28},{"type":"B","date":"2018-04-11T03:31:44.000Z","volume":2000,"label":" ","price":16.28},{"type":"A","date":"2018-04-11T03:32:14.000Z","volume":41000,"label":" ","price":16.36},{"type":"A","date":"2018-04-11T03:32:14.000Z","volume":5000,"label":" ","price":16.36},{"type":"A","date":"2018-04-11T03:32:14.000Z","volume":2000,"label":" ","price":16.38},{"type":"A","date":"2018-04-11T03:33:24.000Z","volume":41000,"label":" ","price":16.38},{"type":"A","date":"2018-04-11T03:33:25.000Z","volume":1000,"label":" ","price":16.4},{"type":"A","date":"2018-04-11T03:33:45.000Z","volume":2000,"label":" ","price":16.4},{"type":"B","date":"2018-04-11T03:34:35.000Z","volume":1000,"label":"Y","price":16.4},{"type":"B","date":"2018-04-11T03:34:35.000Z","volume":24000,"label":" ","price":16.4},{"type":"B","date":"2018-04-11T03:35:13.000Z","volume":12000,"label":" ","price":16.38},{"type":"B","date":"2018-04-11T03:38:44.000Z","volume":1000,"label":" ","price":16.38},{"type":"B","date":"2018-04-11T03:38:57.000Z","volume":1000,"label":" ","price":16.38},{"type":"A","date":"2018-04-11T03:40:00.000Z","volume":1000,"label":" ","price":16.4},{"type":"B","date":"2018-04-11T03:40:13.000Z","volume":1000,"label":" ","price":16.38},{"type":"B","date":"2018-04-11T03:41:01.000Z","volume":2000,"label":" ","price":16.38},{"type":"A","date":"2018-04-11T03:41:02.000Z","volume":1000,"label":" ","price":16.4},{"type":"B","date":"2018-04-11T03:41:52.000Z","volume":7000,"label":" ","price":16.38},{"type":"B","date":"2018-04-11T03:43:27.000Z","volume":5000,"label":" ","price":16.36},{"type":"U","date":"2018-04-11T03:43:27.000Z","volume":1000,"label":" ","price":16.34},{"type":"B","date":"2018-04-11T03:44:39.000Z","volume":1000,"label":" ","price":16.28},{"type":"A","date":"2018-04-11T03:45:13.000Z","volume":58000,"label":" ","price":16.36},{"type":"A","date":"2018-04-11T03:45:14.000Z","volume":2000,"label":" ","price":16.36},{"type":"A","date":"2018-04-11T03:45:24.000Z","volume":5000,"label":" ","price":16.36},{"type":"B","date":"2018-04-11T03:49:26.000Z","volume":3000,"label":"Y","price":16.34},{"type":"B","date":"2018-04-11T03:49:26.000Z","volume":14000,"label":" ","price":16.34},{"type":"B","date":"2018-04-11T03:49:26.000Z","volume":3000,"label":" ","price":16.34},{"type":"A","date":"2018-04-11T03:49:27.000Z","volume":1000,"label":" ","price":16.38},{"type":"B","date":"2018-04-11T03:53:30.000Z","volume":1000,"label":" ","price":16.28},{"type":"A","date":"2018-04-11T03:55:15.000Z","volume":2000,"label":" ","price":16.36},{"type":"U","date":"2018-04-11T03:55:16.000Z","volume":1000,"label":" ","price":16.32},{"type":"B","date":"2018-04-11T03:55:58.000Z","volume":1000,"label":" ","price":16.34},{"type":"B","date":"2018-04-11T03:56:12.000Z","volume":1000,"label":" ","price":16.32},{"type":"B","date":"2018-04-11T03:56:46.000Z","volume":1000,"label":" ","price":16.32},{"type":"B","date":"2018-04-11T03:56:49.000Z","volume":1000,"label":" ","price":16.32},{"type":"A","date":"2018-04-11T03:58:43.000Z","volume":5000,"label":" ","price":16.34},{"type":"A","date":"2018-04-11T03:58:58.000Z","volume":2000,"label":" ","price":16.36},{"type":"A","date":"2018-04-11T03:59:00.000Z","volume":19000,"label":" ","price":16.36},{"type":"A","date":"2018-04-11T03:59:01.000Z","volume":1000,"label":" ","price":16.38},{"type":"B","date":"2018-04-11T03:59:06.000Z","volume":9000,"label":" ","price":16.36},{"type":"A","date":"2018-04-11T03:59:06.000Z","volume":1000,"label":" ","price":16.36},{"type":"A","date":"2018-04-11T03:59:06.000Z","volume":1000,"label":" ","price":16.36},{"type":"A","date":"2018-04-11T03:59:06.000Z","volume":1000,"label":" ","price":16.36},{"type":"A","date":"2018-04-11T03:59:07.000Z","volume":3000,"label":" ","price":16.36},{"type":"A","date":"2018-04-11T03:59:07.000Z","volume":1000,"label":" ","price":16.38},{"type":"B","date":"2018-04-11T03:59:48.000Z","volume":1000,"label":" ","price":16.36},{"type":"B","date":"2018-04-11T05:00:00.000Z","volume":1000,"label":" ","price":16.36},{"type":"B","date":"2018-04-11T05:00:27.000Z","volume":1000,"label":" ","price":16.34},{"type":"A","date":"2018-04-11T05:00:47.000Z","volume":1000,"label":" ","price":16.36},{"type":"A","date":"2018-04-11T05:00:49.000Z","volume":1000,"label":" ","price":16.36},{"type":"A","date":"2018-04-11T05:01:52.000Z","volume":10000,"label":" ","price":16.36},{"type":"A","date":"2018-04-11T05:01:52.000Z","volume":13000,"label":" ","price":16.38},{"type":"A","date":"2018-04-11T05:01:53.000Z","volume":1000,"label":" ","price":16.4},{"type":"A","date":"2018-04-11T05:02:17.000Z","volume":1000,"label":" ","price":16.4},{"type":"A","date":"2018-04-11T05:02:17.000Z","volume":1000,"label":" ","price":16.4},{"type":"A","date":"2018-04-11T05:02:17.000Z","volume":6000,"label":" ","price":16.4},{"type":"B","date":"2018-04-11T05:04:38.000Z","volume":3000,"label":" ","price":16.36},{"type":"B","date":"2018-04-11T05:04:47.000Z","volume":1000,"label":" ","price":16.38},{"type":"B","date":"2018-04-11T05:05:28.000Z","volume":62000,"label":" ","price":16.36},{"type":"B","date":"2018-04-11T05:05:29.000Z","volume":1000,"label":" ","price":16.36},{"type":"A","date":"2018-04-11T05:06:47.000Z","volume":5000,"label":" ","price":16.36},{"type":"A","date":"2018-04-11T05:06:48.000Z","volume":2000,"label":" ","price":16.36},{"type":"B","date":"2018-04-11T05:07:30.000Z","volume":1000,"label":" ","price":16.34},{"type":"B","date":"2018-04-11T05:08:20.000Z","volume":4000,"label":" ","price":16.34},{"type":"B","date":"2018-04-11T05:08:23.000Z","volume":1000,"label":" ","price":16.34},{"type":"B","date":"2018-04-11T05:10:19.000Z","volume":2000,"label":" ","price":16.34},{"type":"A","date":"2018-04-11T05:10:20.000Z","volume":1000,"label":" ","price":16.36},{"type":"B","date":"2018-04-11T05:12:01.000Z","volume":1000,"label":"Y","price":16.34},{"type":"A","date":"2018-04-11T05:12:47.000Z","volume":10000,"label":" ","price":16.34},{"type":"U","date":"2018-04-11T05:12:47.000Z","volume":1000,"label":" ","price":16.34},{"type":"B","date":"2018-04-11T05:12:54.000Z","volume":1000,"label":" ","price":16.34},{"type":"A","date":"2018-04-11T05:14:47.000Z","volume":3000,"label":" ","price":16.36},{"type":"B","date":"2018-04-11T05:15:41.000Z","volume":2000,"label":" ","price":16.34},{"type":"B","date":"2018-04-11T05:15:41.000Z","volume":1000,"label":" ","price":16.32},{"type":"B","date":"2018-04-11T05:17:42.000Z","volume":1000,"label":" ","price":16.34},{"type":"B","date":"2018-04-11T05:18:31.000Z","volume":1000,"label":" ","price":16.34},{"type":"A","date":"2018-04-11T05:18:32.000Z","volume":1000,"label":" ","price":16.36},{"type":"B","date":"2018-04-11T05:22:43.000Z","volume":2000,"label":" ","price":16.34},{"type":"B","date":"2018-04-11T05:23:44.000Z","volume":10000,"label":" ","price":16.34},{"type":"A","date":"2018-04-11T05:23:45.000Z","volume":4000,"label":" ","price":16.36},{"type":"A","date":"2018-04-11T05:23:45.000Z","volume":1000,"label":" ","price":16.36},{"type":"B","date":"2018-04-11T05:23:58.000Z","volume":1000,"label":" ","price":16.34},{"type":"B","date":"2018-04-11T05:25:37.000Z","volume":1000,"label":" ","price":16.34},{"type":"A","date":"2018-04-11T05:25:38.000Z","volume":1000,"label":" ","price":16.36},{"type":"B","date":"2018-04-11T05:25:38.000Z","volume":3000,"label":" ","price":16.34},{"type":"A","date":"2018-04-11T05:25:39.000Z","volume":1000,"label":" ","price":16.36},{"type":"B","date":"2018-04-11T05:26:16.000Z","volume":1000,"label":" ","price":16.34},{"type":"B","date":"2018-04-11T05:26:16.000Z","volume":4000,"label":" ","price":16.34},{"type":"A","date":"2018-04-11T05:26:17.000Z","volume":1000,"label":" ","price":16.36},{"type":"B","date":"2018-04-11T05:27:26.000Z","volume":1000,"label":" ","price":16.34},{"type":"A","date":"2018-04-11T05:27:27.000Z","volume":1000,"label":" ","price":16.36},{"type":"B","date":"2018-04-11T05:30:10.000Z","volume":1000,"label":" ","price":16.34},{"type":"B","date":"2018-04-11T05:30:36.000Z","volume":1000,"label":" ","price":16.34},{"type":"B","date":"2018-04-11T05:31:48.000Z","volume":1000,"label":" ","price":16.34},{"type":"A","date":"2018-04-11T05:31:49.000Z","volume":1000,"label":" ","price":16.36},{"type":"B","date":"2018-04-11T05:33:28.000Z","volume":1000,"label":" ","price":16.34},{"type":"B","date":"2018-04-11T05:34:07.000Z","volume":1000,"label":" ","price":16.34},{"type":"B","date":"2018-04-11T05:36:20.000Z","volume":64000,"label":" ","price":16.34},{"type":"B","date":"2018-04-11T05:36:20.000Z","volume":84000,"label":" ","price":16.32},{"type":"A","date":"2018-04-11T05:36:20.000Z","volume":15000,"label":" ","price":16.32},{"type":"A","date":"2018-04-11T05:36:20.000Z","volume":1000,"label":" ","price":16.32},{"type":"A","date":"2018-04-11T05:36:21.000Z","volume":9000,"label":" ","price":16.32},{"type":"B","date":"2018-04-11T05:36:29.000Z","volume":11000,"label":" ","price":16.3},{"type":"B","date":"2018-04-11T05:36:47.000Z","volume":2000,"label":" ","price":16.3},{"type":"B","date":"2018-04-11T05:37:25.000Z","volume":2000,"label":" ","price":16.3},{"type":"B","date":"2018-04-11T05:38:01.000Z","volume":2000,"label":" ","price":16.3},{"type":"B","date":"2018-04-11T05:38:29.000Z","volume":28000,"label":" ","price":16.3},{"type":"B","date":"2018-04-11T05:38:30.000Z","volume":93000,"label":" ","price":16.3},{"type":"B","date":"2018-04-11T05:38:30.000Z","volume":15000,"label":" ","price":16.3},{"type":"A","date":"2018-04-11T05:38:30.000Z","volume":1000,"label":" ","price":16.32},{"type":"A","date":"2018-04-11T05:38:30.000Z","volume":1000,"label":" ","price":16.32},{"type":"A","date":"2018-04-11T05:38:30.000Z","volume":7000,"label":" ","price":16.32},{"type":"U","date":"2018-04-11T05:38:30.000Z","volume":1000,"label":" ","price":16.3},{"type":"U","date":"2018-04-11T05:38:30.000Z","volume":1000,"label":" ","price":16.3},{"type":"A","date":"2018-04-11T05:38:33.000Z","volume":2000,"label":" ","price":16.3},{"type":"B","date":"2018-04-11T05:38:38.000Z","volume":2000,"label":" ","price":16.28},{"type":"B","date":"2018-04-11T05:38:38.000Z","volume":1000,"label":" ","price":16.28},{"type":"B","date":"2018-04-11T05:38:38.000Z","volume":23000,"label":" ","price":16.28},{"type":"B","date":"2018-04-11T05:38:38.000Z","volume":1000,"label":" ","price":16.28},{"type":"B","date":"2018-04-11T05:38:53.000Z","volume":6000,"label":" ","price":16.26},{"type":"B","date":"2018-04-11T05:38:58.000Z","volume":1000,"label":" ","price":16.24},{"type":"B","date":"2018-04-11T05:39:11.000Z","volume":3000,"label":" ","price":16.24},{"type":"B","date":"2018-04-11T05:39:32.000Z","volume":1000,"label":" ","price":16.28},{"type":"B","date":"2018-04-11T05:39:34.000Z","volume":1000,"label":" ","price":16.28},{"type":"B","date":"2018-04-11T05:39:48.000Z","volume":3000,"label":" ","price":16.26},{"type":"B","date":"2018-04-11T05:40:01.000Z","volume":11000,"label":" ","price":16.26},{"type":"B","date":"2018-04-11T05:40:02.000Z","volume":1000,"label":" ","price":16.28},{"type":"B","date":"2018-04-11T05:40:05.000Z","volume":1000,"label":" ","price":16.28},{"type":"B","date":"2018-04-11T05:40:07.000Z","volume":1000,"label":" ","price":16.28},{"type":"B","date":"2018-04-11T05:40:26.000Z","volume":2000,"label":" ","price":16.26},{"type":"B","date":"2018-04-11T05:40:56.000Z","volume":2000,"label":" ","price":16.26},{"type":"B","date":"2018-04-11T05:41:28.000Z","volume":1000,"label":" ","price":16.26},{"type":"B","date":"2018-04-11T05:41:30.000Z","volume":1000,"label":" ","price":16.26},{"type":"A","date":"2018-04-11T05:41:31.000Z","volume":1000,"label":" ","price":16.3},{"type":"B","date":"2018-04-11T05:42:01.000Z","volume":1000,"label":" ","price":16.26},{"type":"B","date":"2018-04-11T05:42:31.000Z","volume":3000,"label":" ","price":16.26},{"type":"B","date":"2018-04-11T05:42:37.000Z","volume":1000,"label":" ","price":16.26},{"type":"B","date":"2018-04-11T05:42:47.000Z","volume":10000,"label":" ","price":16.26},{"type":"A","date":"2018-04-11T05:42:48.000Z","volume":5000,"label":" ","price":16.28},{"type":"B","date":"2018-04-11T05:43:08.000Z","volume":1000,"label":" ","price":16.26},{"type":"B","date":"2018-04-11T05:43:24.000Z","volume":4000,"label":" ","price":16.26},{"type":"B","date":"2018-04-11T05:43:30.000Z","volume":25000,"label":" ","price":16.26},{"type":"A","date":"2018-04-11T05:43:31.000Z","volume":10000,"label":" ","price":16.28},{"type":"A","date":"2018-04-11T05:43:31.000Z","volume":1000,"label":" ","price":16.28},{"type":"B","date":"2018-04-11T05:43:32.000Z","volume":1000,"label":" ","price":16.26},{"type":"B","date":"2018-04-11T05:43:35.000Z","volume":1000,"label":" ","price":16.26},{"type":"B","date":"2018-04-11T05:43:40.000Z","volume":1000,"label":" ","price":16.26},{"type":"B","date":"2018-04-11T05:43:49.000Z","volume":11000,"label":" ","price":16.26},{"type":"B","date":"2018-04-11T05:43:51.000Z","volume":3000,"label":" ","price":16.26},{"type":"B","date":"2018-04-11T05:44:46.000Z","volume":2000,"label":" ","price":16.24},{"type":"B","date":"2018-04-11T05:44:51.000Z","volume":7000,"label":" ","price":16.24},{"type":"A","date":"2018-04-11T05:44:52.000Z","volume":3000,"label":" ","price":16.26},{"type":"B","date":"2018-04-11T05:44:54.000Z","volume":1000,"label":" ","price":16.24},{"type":"B","date":"2018-04-11T05:44:58.000Z","volume":28000,"label":" ","price":16.24},{"type":"B","date":"2018-04-11T05:44:58.000Z","volume":3000,"label":" ","price":16.24},{"type":"B","date":"2018-04-11T05:44:58.000Z","volume":23000,"label":" ","price":16.24},{"type":"B","date":"2018-04-11T05:44:58.000Z","volume":15000,"label":" ","price":16.24},{"type":"A","date":"2018-04-11T05:44:58.000Z","volume":1000,"label":" ","price":16.26},{"type":"A","date":"2018-04-11T05:44:58.000Z","volume":17000,"label":" ","price":16.26},{"type":"A","date":"2018-04-11T05:45:00.000Z","volume":1000,"label":" ","price":16.26},{"type":"B","date":"2018-04-11T05:45:00.000Z","volume":2000,"label":" ","price":16.24},{"type":"B","date":"2018-04-11T05:46:05.000Z","volume":1000,"label":" ","price":16.22},{"type":"B","date":"2018-04-11T05:46:09.000Z","volume":2000,"label":" ","price":16.22},{"type":"B","date":"2018-04-11T05:46:21.000Z","volume":3000,"label":" ","price":16.22},{"type":"B","date":"2018-04-11T05:46:35.000Z","volume":12000,"label":" ","price":16.2},{"type":"B","date":"2018-04-11T05:46:35.000Z","volume":18000,"label":" ","price":16.2},{"type":"B","date":"2018-04-11T05:46:42.000Z","volume":3000,"label":" ","price":16.2},{"type":"B","date":"2018-04-11T05:47:01.000Z","volume":2000,"label":" ","price":16.2},{"type":"A","date":"2018-04-11T05:47:02.000Z","volume":1000,"label":" ","price":16.22},{"type":"A","date":"2018-04-11T05:47:02.000Z","volume":2000,"label":" ","price":16.22},{"type":"B","date":"2018-04-11T05:47:06.000Z","volume":1000,"label":" ","price":16.2},{"type":"B","date":"2018-04-11T05:47:37.000Z","volume":1000,"label":" ","price":16.2},{"type":"B","date":"2018-04-11T05:48:44.000Z","volume":1000,"label":" ","price":16.2},{"type":"B","date":"2018-04-11T05:49:18.000Z","volume":7000,"label":" ","price":16.2},{"type":"A","date":"2018-04-11T05:49:19.000Z","volume":1000,"label":" ","price":16.22},{"type":"B","date":"2018-04-11T05:49:21.000Z","volume":1000,"label":" ","price":16.2},{"type":"A","date":"2018-04-11T05:49:32.000Z","volume":1000,"label":" ","price":16.22},{"type":"A","date":"2018-04-11T05:49:32.000Z","volume":78000,"label":" ","price":16.22},{"type":"A","date":"2018-04-11T05:49:32.000Z","volume":5000,"label":" ","price":16.24},{"type":"A","date":"2018-04-11T05:49:32.000Z","volume":1000,"label":" ","price":16.26},{"type":"A","date":"2018-04-11T05:49:32.000Z","volume":1000,"label":" ","price":16.26},{"type":"A","date":"2018-04-11T05:49:32.000Z","volume":1000,"label":" ","price":16.28},{"type":"B","date":"2018-04-11T05:49:41.000Z","volume":1000,"label":" ","price":16.22},{"type":"B","date":"2018-04-11T05:50:02.000Z","volume":6000,"label":" ","price":16.26},{"type":"U","date":"2018-04-11T05:50:17.000Z","volume":4000,"label":" ","price":16.28},{"type":"B","date":"2018-04-11T05:50:17.000Z","volume":4000,"label":" ","price":16.28},{"type":"B","date":"2018-04-11T05:50:20.000Z","volume":6000,"label":" ","price":16.28},{"type":"B","date":"2018-04-11T05:50:20.000Z","volume":4000,"label":" ","price":16.26},{"type":"B","date":"2018-04-11T05:50:20.000Z","volume":3000,"label":" ","price":16.26},{"type":"A","date":"2018-04-11T05:50:53.000Z","volume":1000,"label":" ","price":16.26},{"type":"B","date":"2018-04-11T05:51:04.000Z","volume":1000,"label":" ","price":16.22},{"type":"B","date":"2018-04-11T05:51:12.000Z","volume":6000,"label":" ","price":16.22},{"type":"B","date":"2018-04-11T05:51:36.000Z","volume":1000,"label":" ","price":16.2},{"type":"B","date":"2018-04-11T05:52:12.000Z","volume":1000,"label":" ","price":16.2},{"type":"B","date":"2018-04-11T05:52:21.000Z","volume":10000,"label":" ","price":16.2},{"type":"A","date":"2018-04-11T05:52:22.000Z","volume":1000,"label":" ","price":16.26},{"type":"B","date":"2018-04-11T05:52:47.000Z","volume":2000,"label":" ","price":16.22},{"type":"U","date":"2018-04-11T05:53:08.000Z","volume":1000,"label":" ","price":16.24},{"type":"B","date":"2018-04-11T05:53:16.000Z","volume":6000,"label":" ","price":16.22},{"type":"B","date":"2018-04-11T05:53:22.000Z","volume":2000,"label":" ","price":16.2},{"type":"B","date":"2018-04-11T05:53:58.000Z","volume":3000,"label":" ","price":16.2},{"type":"B","date":"2018-04-11T05:54:00.000Z","volume":2000,"label":" ","price":16.2},{"type":"B","date":"2018-04-11T05:54:35.000Z","volume":3000,"label":" ","price":16.2},{"type":"B","date":"2018-04-11T05:55:07.000Z","volume":2000,"label":" ","price":16.2},{"type":"B","date":"2018-04-11T05:55:44.000Z","volume":3000,"label":" ","price":16.2},{"type":"B","date":"2018-04-11T05:56:20.000Z","volume":1000,"label":" ","price":16.2},{"type":"U","date":"2018-04-11T05:58:16.000Z","volume":1000,"label":"X","price":16.22},{"type":"A","date":"2018-04-11T05:58:57.000Z","volume":9000,"label":" ","price":16.24},{"type":"A","date":"2018-04-11T05:58:58.000Z","volume":1000,"label":" ","price":16.24},{"type":"B","date":"2018-04-11T06:03:35.000Z","volume":10000,"label":" ","price":16.2},{"type":"B","date":"2018-04-11T06:03:36.000Z","volume":1000,"label":" ","price":16.2},{"type":"A","date":"2018-04-11T06:03:45.000Z","volume":1000,"label":" ","price":16.2},{"type":"A","date":"2018-04-11T06:03:55.000Z","volume":1000,"label":" ","price":16.2},{"type":"B","date":"2018-04-11T06:06:57.000Z","volume":1000,"label":" ","price":16.18},{"type":"B","date":"2018-04-11T06:08:11.000Z","volume":1000,"label":" ","price":16.18},{"type":"B","date":"2018-04-11T06:08:25.000Z","volume":3000,"label":" ","price":16.18},{"type":"B","date":"2018-04-11T06:08:57.000Z","volume":1000,"label":" ","price":16.18},{"type":"A","date":"2018-04-11T06:09:23.000Z","volume":5000,"label":" ","price":16.2},{"type":"B","date":"2018-04-11T06:10:14.000Z","volume":1000,"label":" ","price":16.18},{"type":"A","date":"2018-04-11T06:10:15.000Z","volume":1000,"label":" ","price":16.2},{"type":"B","date":"2018-04-11T06:11:06.000Z","volume":1000,"label":" ","price":16.18},{"type":"B","date":"2018-04-11T06:12:20.000Z","volume":1000,"label":" ","price":16.18},{"type":"B","date":"2018-04-11T06:12:44.000Z","volume":1000,"label":" ","price":16.18},{"type":"B","date":"2018-04-11T06:12:45.000Z","volume":1000,"label":" ","price":16.18},{"type":"B","date":"2018-04-11T06:13:30.000Z","volume":1000,"label":" ","price":16.18},{"type":"B","date":"2018-04-11T06:13:31.000Z","volume":11000,"label":" ","price":16.18},{"type":"A","date":"2018-04-11T06:13:38.000Z","volume":1000,"label":" ","price":16.2},{"type":"B","date":"2018-04-11T06:15:01.000Z","volume":46000,"label":" ","price":16.18},{"type":"B","date":"2018-04-11T06:15:01.000Z","volume":1000,"label":" ","price":16.18},{"type":"B","date":"2018-04-11T06:15:10.000Z","volume":6000,"label":" ","price":16.16},{"type":"B","date":"2018-04-11T06:15:12.000Z","volume":28000,"label":" ","price":16.16},{"type":"B","date":"2018-04-11T06:15:12.000Z","volume":25000,"label":" ","price":16.16},{"type":"B","date":"2018-04-11T06:15:13.000Z","volume":1000,"label":" ","price":16.16},{"type":"B","date":"2018-04-11T06:15:33.000Z","volume":107000,"label":" ","price":16.14},{"type":"B","date":"2018-04-11T06:15:33.000Z","volume":14000,"label":" ","price":16.12},{"type":"B","date":"2018-04-11T06:15:33.000Z","volume":1000,"label":" ","price":16.14},{"type":"B","date":"2018-04-11T06:15:33.000Z","volume":1000,"label":" ","price":16.14},{"type":"B","date":"2018-04-11T06:15:44.000Z","volume":2000,"label":"Y","price":16.1},{"type":"B","date":"2018-04-11T06:15:44.000Z","volume":8000,"label":" ","price":16.1},{"type":"B","date":"2018-04-11T06:16:03.000Z","volume":2000,"label":" ","price":16.1},{"type":"B","date":"2018-04-11T06:16:12.000Z","volume":1000,"label":" ","price":16.08},{"type":"B","date":"2018-04-11T06:16:12.000Z","volume":14000,"label":" ","price":16.08},{"type":"A","date":"2018-04-11T06:16:35.000Z","volume":20000,"label":" ","price":16.1},{"type":"B","date":"2018-04-11T06:18:43.000Z","volume":1000,"label":" ","price":16.08},{"type":"B","date":"2018-04-11T06:19:20.000Z","volume":5000,"label":"Y","price":16.08},{"type":"B","date":"2018-04-11T06:19:20.000Z","volume":2000,"label":" ","price":16.08},{"type":"B","date":"2018-04-11T06:19:20.000Z","volume":2000,"label":" ","price":16.06},{"type":"A","date":"2018-04-11T06:19:49.000Z","volume":1000,"label":" ","price":16.1},{"type":"B","date":"2018-04-11T06:20:47.000Z","volume":1000,"label":" ","price":16.08},{"type":"B","date":"2018-04-11T06:21:38.000Z","volume":1000,"label":" ","price":16.06},{"type":"B","date":"2018-04-11T06:23:48.000Z","volume":10000,"label":" ","price":16.06},{"type":"B","date":"2018-04-11T06:23:49.000Z","volume":7000,"label":" ","price":16.06},{"type":"B","date":"2018-04-11T06:25:11.000Z","volume":3000,"label":" ","price":16.06},{"type":"B","date":"2018-04-11T06:25:23.000Z","volume":1000,"label":"Y","price":16.04},{"type":"A","date":"2018-04-11T06:25:41.000Z","volume":2000,"label":" ","price":16.08},{"type":"B","date":"2018-04-11T06:25:59.000Z","volume":1000,"label":" ","price":16.06},{"type":"B","date":"2018-04-11T06:28:15.000Z","volume":1000,"label":" ","price":16.06},{"type":"A","date":"2018-04-11T06:28:16.000Z","volume":1000,"label":" ","price":16.08},{"type":"B","date":"2018-04-11T06:28:27.000Z","volume":1000,"label":" ","price":16.06},{"type":"B","date":"2018-04-11T06:29:30.000Z","volume":1000,"label":" ","price":16.06},{"type":"B","date":"2018-04-11T06:29:37.000Z","volume":1000,"label":" ","price":16.06},{"type":"B","date":"2018-04-11T06:29:47.000Z","volume":1000,"label":" ","price":16.06},{"type":"B","date":"2018-04-11T06:29:47.000Z","volume":4000,"label":" ","price":16.06},{"type":"B","date":"2018-04-11T06:29:47.000Z","volume":1000,"label":" ","price":16.06},{"type":"B","date":"2018-04-11T06:29:48.000Z","volume":1000,"label":" ","price":16.04},{"type":"B","date":"2018-04-11T06:29:49.000Z","volume":1000,"label":" ","price":16.04},{"type":"A","date":"2018-04-11T06:30:18.000Z","volume":2000,"label":" ","price":16.06},{"type":"A","date":"2018-04-11T06:30:49.000Z","volume":1000,"label":" ","price":16.06},{"type":"A","date":"2018-04-11T06:31:54.000Z","volume":2000,"label":" ","price":16.04},{"type":"A","date":"2018-04-11T06:32:01.000Z","volume":1000,"label":" ","price":16.04},{"type":"B","date":"2018-04-11T06:33:26.000Z","volume":1000,"label":" ","price":16.02},{"type":"B","date":"2018-04-11T06:33:51.000Z","volume":1000,"label":" ","price":16.02},{"type":"B","date":"2018-04-11T06:33:52.000Z","volume":1000,"label":" ","price":16.02},{"type":"B","date":"2018-04-11T06:33:59.000Z","volume":5000,"label":" ","price":16.02},{"type":"B","date":"2018-04-11T06:34:25.000Z","volume":1000,"label":" ","price":16.02},{"type":"B","date":"2018-04-11T06:34:48.000Z","volume":3000,"label":" ","price":16.02},{"type":"B","date":"2018-04-11T06:34:48.000Z","volume":1000,"label":" ","price":16.02},{"type":"B","date":"2018-04-11T06:34:57.000Z","volume":1000,"label":" ","price":16.02},{"type":"B","date":"2018-04-11T06:35:51.000Z","volume":1000,"label":" ","price":16.02},{"type":"A","date":"2018-04-11T06:35:52.000Z","volume":1000,"label":" ","price":16.04},{"type":"A","date":"2018-04-11T06:37:07.000Z","volume":26000,"label":" ","price":16.02},{"type":"B","date":"2018-04-11T06:37:45.000Z","volume":1000,"label":" ","price":16.02},{"type":"B","date":"2018-04-11T06:38:54.000Z","volume":20000,"label":" ","price":16},{"type":"B","date":"2018-04-11T06:38:54.000Z","volume":71000,"label":" ","price":16},{"type":"B","date":"2018-04-11T06:38:54.000Z","volume":1000,"label":" ","price":16},{"type":"A","date":"2018-04-11T06:39:12.000Z","volume":1000,"label":" ","price":16.02},{"type":"B","date":"2018-04-11T06:40:21.000Z","volume":14000,"label":" ","price":15.98},{"type":"A","date":"2018-04-11T06:40:22.000Z","volume":1000,"label":" ","price":16},{"type":"B","date":"2018-04-11T06:40:53.000Z","volume":3000,"label":" ","price":15.98},{"type":"B","date":"2018-04-11T06:41:17.000Z","volume":1000,"label":"Y","price":15.98},{"type":"B","date":"2018-04-11T06:41:18.000Z","volume":9000,"label":" ","price":15.98},{"type":"B","date":"2018-04-11T06:41:32.000Z","volume":14000,"label":" ","price":15.96},{"type":"B","date":"2018-04-11T06:42:15.000Z","volume":2000,"label":" ","price":15.96},{"type":"B","date":"2018-04-11T06:43:12.000Z","volume":6000,"label":" ","price":15.96},{"type":"A","date":"2018-04-11T06:43:13.000Z","volume":1000,"label":" ","price":15.98},{"type":"A","date":"2018-04-11T06:45:00.000Z","volume":5000,"label":" ","price":15.98},{"type":"B","date":"2018-04-11T06:45:21.000Z","volume":1000,"label":" ","price":15.96},{"type":"A","date":"2018-04-11T06:45:26.000Z","volume":3000,"label":" ","price":15.98},{"type":"B","date":"2018-04-11T06:45:43.000Z","volume":1000,"label":" ","price":15.96},{"type":"A","date":"2018-04-11T06:45:46.000Z","volume":3000,"label":" ","price":15.98},{"type":"B","date":"2018-04-11T06:46:10.000Z","volume":1000,"label":" ","price":15.96},{"type":"A","date":"2018-04-11T06:46:12.000Z","volume":1000,"label":" ","price":15.98},{"type":"B","date":"2018-04-11T06:46:29.000Z","volume":1000,"label":" ","price":15.96},{"type":"B","date":"2018-04-11T06:46:49.000Z","volume":1000,"label":" ","price":15.96},{"type":"B","date":"2018-04-11T06:46:49.000Z","volume":1000,"label":" ","price":15.94},{"type":"U","date":"2018-04-11T06:46:56.000Z","volume":6000,"label":" ","price":15.96},{"type":"B","date":"2018-04-11T06:47:30.000Z","volume":1000,"label":" ","price":15.94},{"type":"B","date":"2018-04-11T06:47:59.000Z","volume":1000,"label":" ","price":15.94},{"type":"B","date":"2018-04-11T06:48:19.000Z","volume":1000,"label":" ","price":15.94},{"type":"B","date":"2018-04-11T06:48:25.000Z","volume":1000,"label":" ","price":15.94},{"type":"A","date":"2018-04-11T06:48:25.000Z","volume":1000,"label":" ","price":15.96},{"type":"B","date":"2018-04-11T06:48:40.000Z","volume":1000,"label":" ","price":15.94},{"type":"B","date":"2018-04-11T06:48:51.000Z","volume":1000,"label":" ","price":15.94},{"type":"B","date":"2018-04-11T06:49:02.000Z","volume":1000,"label":" ","price":15.94},{"type":"A","date":"2018-04-11T06:49:20.000Z","volume":1000,"label":" ","price":15.96},{"type":"B","date":"2018-04-11T06:49:47.000Z","volume":1000,"label":" ","price":15.94},{"type":"A","date":"2018-04-11T06:49:50.000Z","volume":5000,"label":" ","price":15.96},{"type":"B","date":"2018-04-11T06:50:09.000Z","volume":1000,"label":" ","price":15.94},{"type":"A","date":"2018-04-11T06:50:12.000Z","volume":14000,"label":" ","price":15.94},{"type":"A","date":"2018-04-11T06:50:12.000Z","volume":3000,"label":" ","price":15.94},{"type":"A","date":"2018-04-11T06:50:53.000Z","volume":3000,"label":" ","price":15.94},{"type":"A","date":"2018-04-11T06:50:55.000Z","volume":15000,"label":" ","price":15.96},{"type":"A","date":"2018-04-11T06:50:55.000Z","volume":1000,"label":" ","price":15.98},{"type":"A","date":"2018-04-11T06:51:09.000Z","volume":2000,"label":" ","price":15.98},{"type":"A","date":"2018-04-11T06:51:09.000Z","volume":4000,"label":" ","price":16},{"type":"A","date":"2018-04-11T06:51:22.000Z","volume":8000,"label":" ","price":16.02},{"type":"B","date":"2018-04-11T06:51:54.000Z","volume":1000,"label":" ","price":15.94},{"type":"A","date":"2018-04-11T06:52:09.000Z","volume":2000,"label":" ","price":15.98},{"type":"A","date":"2018-04-11T06:52:09.000Z","volume":6000,"label":" ","price":16},{"type":"A","date":"2018-04-11T06:52:09.000Z","volume":1000,"label":" ","price":16.02},{"type":"A","date":"2018-04-11T06:52:09.000Z","volume":1000,"label":" ","price":16.04},{"type":"A","date":"2018-04-11T06:52:09.000Z","volume":10000,"label":" ","price":16.06},{"type":"A","date":"2018-04-11T06:52:10.000Z","volume":1000,"label":" ","price":16.08},{"type":"U","date":"2018-04-11T06:53:22.000Z","volume":1000,"label":" ","price":15.98},{"type":"A","date":"2018-04-11T06:53:38.000Z","volume":2000,"label":" ","price":15.98},{"type":"U","date":"2018-04-11T06:53:49.000Z","volume":1000,"label":" ","price":15.98},{"type":"B","date":"2018-04-11T06:54:09.000Z","volume":1000,"label":" ","price":15.98},{"type":"B","date":"2018-04-11T06:54:21.000Z","volume":1000,"label":" ","price":15.98},{"type":"B","date":"2018-04-11T06:54:41.000Z","volume":1000,"label":" ","price":15.98},{"type":"B","date":"2018-04-11T06:55:17.000Z","volume":1000,"label":" ","price":15.96},{"type":"B","date":"2018-04-11T06:55:20.000Z","volume":1000,"label":" ","price":15.96},{"type":"A","date":"2018-04-11T06:55:44.000Z","volume":4000,"label":" ","price":15.98},{"type":"A","date":"2018-04-11T06:55:44.000Z","volume":1000,"label":" ","price":15.98},{"type":"B","date":"2018-04-11T06:55:44.000Z","volume":1000,"label":" ","price":15.96},{"type":"B","date":"2018-04-11T06:56:43.000Z","volume":7000,"label":" ","price":15.96},{"type":"A","date":"2018-04-11T06:56:44.000Z","volume":1000,"label":" ","price":15.98},{"type":"A","date":"2018-04-11T06:56:44.000Z","volume":4000,"label":" ","price":15.98},{"type":"A","date":"2018-04-11T06:56:46.000Z","volume":1000,"label":" ","price":16},{"type":"A","date":"2018-04-11T06:57:36.000Z","volume":1000,"label":" ","price":16},{"type":"A","date":"2018-04-11T06:57:49.000Z","volume":2000,"label":" ","price":16},{"type":"A","date":"2018-04-11T06:57:49.000Z","volume":4000,"label":" ","price":16},{"type":"A","date":"2018-04-11T06:58:11.000Z","volume":5000,"label":" ","price":16.02},{"type":"B","date":"2018-04-11T06:58:15.000Z","volume":2000,"label":" ","price":15.98},{"type":"B","date":"2018-04-11T06:58:19.000Z","volume":50000,"label":" ","price":15.96},{"type":"A","date":"2018-04-11T06:58:19.000Z","volume":1000,"label":" ","price":15.98},{"type":"B","date":"2018-04-11T06:58:31.000Z","volume":9000,"label":" ","price":15.94},{"type":"B","date":"2018-04-11T06:59:13.000Z","volume":10000,"label":"Y","price":15.92},{"type":"B","date":"2018-04-11T06:59:13.000Z","volume":12000,"label":" ","price":15.92},{"type":"B","date":"2018-04-11T06:59:13.000Z","volume":13000,"label":"Y","price":15.9},{"type":"B","date":"2018-04-11T06:59:13.000Z","volume":8000,"label":" ","price":15.9},{"type":"B","date":"2018-04-11T06:59:13.000Z","volume":7000,"label":" ","price":15.88},{"type":"A","date":"2018-04-11T06:59:17.000Z","volume":3000,"label":" ","price":15.88},{"type":"A","date":"2018-04-11T07:00:03.000Z","volume":5000,"label":" ","price":15.9},{"type":"A","date":"2018-04-11T07:00:23.000Z","volume":2000,"label":" ","price":15.88},{"type":"A","date":"2018-04-11T07:00:43.000Z","volume":2000,"label":"Y","price":15.9},{"type":"A","date":"2018-04-11T07:01:14.000Z","volume":18000,"label":" ","price":15.88},{"type":"A","date":"2018-04-11T07:01:14.000Z","volume":3000,"label":" ","price":15.88},{"type":"A","date":"2018-04-11T07:01:14.000Z","volume":9000,"label":" ","price":15.9},{"type":"B","date":"2018-04-11T07:01:14.000Z","volume":1000,"label":" ","price":15.9},{"type":"A","date":"2018-04-11T07:01:15.000Z","volume":1000,"label":" ","price":15.92},{"type":"A","date":"2018-04-11T07:01:15.000Z","volume":1000,"label":" ","price":15.94},{"type":"B","date":"2018-04-11T07:01:39.000Z","volume":16000,"label":" ","price":15.9},{"type":"A","date":"2018-04-11T07:01:40.000Z","volume":23000,"label":" ","price":15.9},{"type":"A","date":"2018-04-11T07:01:40.000Z","volume":9000,"label":" ","price":15.9},{"type":"A","date":"2018-04-11T07:01:40.000Z","volume":1000,"label":" ","price":15.9},{"type":"A","date":"2018-04-11T07:01:40.000Z","volume":1000,"label":" ","price":15.92},{"type":"A","date":"2018-04-11T07:01:41.000Z","volume":2000,"label":" ","price":15.92},{"type":"B","date":"2018-04-11T07:03:09.000Z","volume":1000,"label":"Y","price":15.88},{"type":"A","date":"2018-04-11T07:03:10.000Z","volume":1000,"label":" ","price":15.9},{"type":"A","date":"2018-04-11T07:03:10.000Z","volume":2000,"label":" ","price":15.9},{"type":"B","date":"2018-04-11T07:03:55.000Z","volume":2000,"label":" ","price":15.88},{"type":"B","date":"2018-04-11T07:04:06.000Z","volume":1000,"label":" ","price":15.88},{"type":"B","date":"2018-04-11T07:04:24.000Z","volume":1000,"label":" ","price":15.88},{"type":"A","date":"2018-04-11T07:04:43.000Z","volume":1000,"label":" ","price":15.9},{"type":"B","date":"2018-04-11T07:04:48.000Z","volume":1000,"label":" ","price":15.88},{"type":"B","date":"2018-04-11T07:04:51.000Z","volume":2000,"label":" ","price":15.88},{"type":"B","date":"2018-04-11T07:04:55.000Z","volume":3000,"label":"Y","price":15.88},{"type":"B","date":"2018-04-11T07:04:55.000Z","volume":4000,"label":" ","price":15.88},{"type":"B","date":"2018-04-11T07:05:17.000Z","volume":1000,"label":" ","price":15.88},{"type":"B","date":"2018-04-11T07:05:30.000Z","volume":3000,"label":" ","price":15.88},{"type":"A","date":"2018-04-11T07:05:31.000Z","volume":1000,"label":" ","price":15.88},{"type":"A","date":"2018-04-11T07:05:34.000Z","volume":2000,"label":" ","price":15.88},{"type":"B","date":"2018-04-11T07:05:48.000Z","volume":5000,"label":" ","price":15.88},{"type":"A","date":"2018-04-11T07:06:20.000Z","volume":9000,"label":" ","price":15.9},{"type":"A","date":"2018-04-11T07:06:21.000Z","volume":1000,"label":" ","price":15.98},{"type":"B","date":"2018-04-11T07:06:24.000Z","volume":1000,"label":"Y","price":15.88},{"type":"B","date":"2018-04-11T07:06:24.000Z","volume":4000,"label":" ","price":15.88},{"type":"B","date":"2018-04-11T07:06:24.000Z","volume":5000,"label":" ","price":15.88},{"type":"B","date":"2018-04-11T07:06:46.000Z","volume":69000,"label":" ","price":15.86},{"type":"A","date":"2018-04-11T07:06:46.000Z","volume":1000,"label":" ","price":15.86},{"type":"A","date":"2018-04-11T07:06:48.000Z","volume":1000,"label":" ","price":15.88},{"type":"B","date":"2018-04-11T07:07:38.000Z","volume":1000,"label":" ","price":15.84},{"type":"A","date":"2018-04-11T07:07:42.000Z","volume":1000,"label":" ","price":15.86},{"type":"B","date":"2018-04-11T07:07:53.000Z","volume":12000,"label":" ","price":15.84},{"type":"B","date":"2018-04-11T07:07:53.000Z","volume":4000,"label":" ","price":15.82},{"type":"B","date":"2018-04-11T07:07:53.000Z","volume":2000,"label":" ","price":15.82},{"type":"B","date":"2018-04-11T07:08:20.000Z","volume":1000,"label":" ","price":15.82},{"type":"B","date":"2018-04-11T07:08:38.000Z","volume":1000,"label":"Y","price":15.82},{"type":"B","date":"2018-04-11T07:08:38.000Z","volume":6000,"label":" ","price":15.82},{"type":"A","date":"2018-04-11T07:08:40.000Z","volume":5000,"label":" ","price":15.82},{"type":"A","date":"2018-04-11T07:08:45.000Z","volume":1000,"label":" ","price":15.82},{"type":"B","date":"2018-04-11T07:08:47.000Z","volume":1000,"label":" ","price":15.8},{"type":"A","date":"2018-04-11T07:09:00.000Z","volume":3000,"label":" ","price":15.84},{"type":"B","date":"2018-04-11T07:10:01.000Z","volume":14000,"label":" ","price":15.8},{"type":"A","date":"2018-04-11T07:10:02.000Z","volume":1000,"label":" ","price":15.82},{"type":"A","date":"2018-04-11T07:10:07.000Z","volume":2000,"label":" ","price":15.82},{"type":"A","date":"2018-04-11T07:10:30.000Z","volume":2000,"label":" ","price":15.84},{"type":"B","date":"2018-04-11T07:10:36.000Z","volume":5000,"label":" ","price":15.82},{"type":"B","date":"2018-04-11T07:11:44.000Z","volume":1000,"label":" ","price":15.82},{"type":"B","date":"2018-04-11T07:11:58.000Z","volume":10000,"label":" ","price":15.82},{"type":"B","date":"2018-04-11T07:12:01.000Z","volume":1000,"label":" ","price":15.82},{"type":"B","date":"2018-04-11T07:12:01.000Z","volume":3000,"label":" ","price":15.82},{"type":"B","date":"2018-04-11T07:12:05.000Z","volume":1000,"label":" ","price":15.8},{"type":"B","date":"2018-04-11T07:12:11.000Z","volume":3000,"label":"Y","price":15.8},{"type":"B","date":"2018-04-11T07:12:11.000Z","volume":3000,"label":" ","price":15.8},{"type":"A","date":"2018-04-11T07:12:12.000Z","volume":1000,"label":" ","price":15.82},{"type":"A","date":"2018-04-11T07:12:39.000Z","volume":3000,"label":" ","price":15.82},{"type":"A","date":"2018-04-11T07:12:45.000Z","volume":10000,"label":" ","price":15.82},{"type":"A","date":"2018-04-11T07:13:02.000Z","volume":8000,"label":" ","price":15.82},{"type":"A","date":"2018-04-11T07:13:02.000Z","volume":1000,"label":" ","price":15.84},{"type":"B","date":"2018-04-11T07:13:27.000Z","volume":1000,"label":" ","price":15.82},{"type":"B","date":"2018-04-11T07:13:38.000Z","volume":4000,"label":" ","price":15.82},{"type":"A","date":"2018-04-11T07:13:41.000Z","volume":1000,"label":" ","price":15.82},{"type":"B","date":"2018-04-11T07:13:45.000Z","volume":10000,"label":" ","price":15.8},{"type":"A","date":"2018-04-11T07:13:47.000Z","volume":3000,"label":" ","price":15.8},{"type":"B","date":"2018-04-11T07:14:13.000Z","volume":1000,"label":"Y","price":15.78},{"type":"B","date":"2018-04-11T07:14:13.000Z","volume":15000,"label":" ","price":15.78},{"type":"B","date":"2018-04-11T07:14:15.000Z","volume":1000,"label":" ","price":15.76},{"type":"B","date":"2018-04-11T07:14:23.000Z","volume":1000,"label":" ","price":15.76},{"type":"B","date":"2018-04-11T07:14:27.000Z","volume":1000,"label":" ","price":15.76},{"type":"A","date":"2018-04-11T07:14:28.000Z","volume":1000,"label":" ","price":15.78},{"type":"A","date":"2018-04-11T07:14:28.000Z","volume":9000,"label":" ","price":15.78},{"type":"A","date":"2018-04-11T07:14:28.000Z","volume":4000,"label":" ","price":15.78},{"type":"B","date":"2018-04-11T07:14:48.000Z","volume":6000,"label":" ","price":15.78},{"type":"A","date":"2018-04-11T07:14:48.000Z","volume":3000,"label":" ","price":15.78},{"type":"B","date":"2018-04-11T07:14:59.000Z","volume":1000,"label":" ","price":15.78},{"type":"B","date":"2018-04-11T07:15:03.000Z","volume":2000,"label":" ","price":15.78},{"type":"B","date":"2018-04-11T07:15:04.000Z","volume":1000,"label":" ","price":15.76},{"type":"B","date":"2018-04-11T07:15:17.000Z","volume":7000,"label":" ","price":15.76},{"type":"A","date":"2018-04-11T07:15:17.000Z","volume":1000,"label":" ","price":15.78},{"type":"B","date":"2018-04-11T07:15:25.000Z","volume":7000,"label":" ","price":15.76},{"type":"B","date":"2018-04-11T07:15:59.000Z","volume":15000,"label":" ","price":15.76},{"type":"A","date":"2018-04-11T07:16:10.000Z","volume":5000,"label":" ","price":15.78},{"type":"B","date":"2018-04-11T07:16:12.000Z","volume":1000,"label":"Y","price":15.76},{"type":"A","date":"2018-04-11T07:16:12.000Z","volume":8000,"label":" ","price":15.78},{"type":"A","date":"2018-04-11T07:16:13.000Z","volume":1000,"label":" ","price":15.78},{"type":"A","date":"2018-04-11T07:16:13.000Z","volume":5000,"label":" ","price":15.78},{"type":"A","date":"2018-04-11T07:17:06.000Z","volume":1000,"label":" ","price":15.8},{"type":"A","date":"2018-04-11T07:17:28.000Z","volume":2000,"label":" ","price":15.8},{"type":"A","date":"2018-04-11T07:17:40.000Z","volume":5000,"label":" ","price":15.8},{"type":"A","date":"2018-04-11T07:17:53.000Z","volume":4000,"label":" ","price":15.8},{"type":"A","date":"2018-04-11T07:17:55.000Z","volume":1000,"label":" ","price":15.8},{"type":"A","date":"2018-04-11T07:17:56.000Z","volume":3000,"label":" ","price":15.8},{"type":"B","date":"2018-04-11T07:18:06.000Z","volume":1000,"label":" ","price":15.78},{"type":"A","date":"2018-04-11T07:18:09.000Z","volume":2000,"label":" ","price":15.8},{"type":"B","date":"2018-04-11T07:18:13.000Z","volume":1000,"label":"Y","price":15.78},{"type":"B","date":"2018-04-11T07:18:13.000Z","volume":9000,"label":" ","price":15.78},{"type":"B","date":"2018-04-11T07:18:21.000Z","volume":20000,"label":" ","price":15.76},{"type":"A","date":"2018-04-11T07:18:24.000Z","volume":1000,"label":" ","price":15.78},{"type":"B","date":"2018-04-11T07:18:25.000Z","volume":3000,"label":" ","price":15.76},{"type":"B","date":"2018-04-11T07:18:25.000Z","volume":7000,"label":" ","price":15.76},{"type":"A","date":"2018-04-11T07:18:25.000Z","volume":1000,"label":" ","price":15.78},{"type":"B","date":"2018-04-11T07:18:45.000Z","volume":3000,"label":" ","price":15.76},{"type":"B","date":"2018-04-11T07:18:45.000Z","volume":1000,"label":"Y","price":15.74},{"type":"B","date":"2018-04-11T07:18:45.000Z","volume":2000,"label":" ","price":15.74},{"type":"B","date":"2018-04-11T07:18:45.000Z","volume":1000,"label":" ","price":15.74},{"type":"A","date":"2018-04-11T07:18:51.000Z","volume":10000,"label":" ","price":15.74},{"type":"A","date":"2018-04-11T07:18:51.000Z","volume":5000,"label":" ","price":15.78},{"type":"U","date":"2018-04-11T07:19:02.000Z","volume":1000,"label":" ","price":15.76},{"type":"A","date":"2018-04-11T07:19:05.000Z","volume":3000,"label":" ","price":15.76},{"type":"B","date":"2018-04-11T07:19:18.000Z","volume":12000,"label":" ","price":15.72},{"type":"A","date":"2018-04-11T07:19:19.000Z","volume":1000,"label":" ","price":15.76},{"type":"A","date":"2018-04-11T07:19:19.000Z","volume":1000,"label":" ","price":15.76},{"type":"B","date":"2018-04-11T07:19:29.000Z","volume":10000,"label":" ","price":15.72},{"type":"A","date":"2018-04-11T07:19:37.000Z","volume":1000,"label":" ","price":15.72},{"type":"A","date":"2018-04-11T07:19:39.000Z","volume":1000,"label":" ","price":15.72},{"type":"B","date":"2018-04-11T07:19:59.000Z","volume":2000,"label":" ","price":15.72},{"type":"B","date":"2018-04-11T07:20:13.000Z","volume":9000,"label":" ","price":15.7},{"type":"A","date":"2018-04-11T07:20:14.000Z","volume":1000,"label":" ","price":15.72},{"type":"A","date":"2018-04-11T07:20:17.000Z","volume":14000,"label":" ","price":15.72},{"type":"B","date":"2018-04-11T07:20:22.000Z","volume":14000,"label":" ","price":15.7},{"type":"A","date":"2018-04-11T07:20:38.000Z","volume":1000,"label":" ","price":15.72},{"type":"A","date":"2018-04-11T07:20:44.000Z","volume":5000,"label":" ","price":15.72},{"type":"A","date":"2018-04-11T07:20:45.000Z","volume":1000,"label":" ","price":15.72},{"type":"A","date":"2018-04-11T07:21:17.000Z","volume":1000,"label":" ","price":15.72},{"type":"B","date":"2018-04-11T07:21:21.000Z","volume":7000,"label":" ","price":15.7},{"type":"B","date":"2018-04-11T07:21:37.000Z","volume":8000,"label":" ","price":15.7},{"type":"A","date":"2018-04-11T07:21:53.000Z","volume":1000,"label":" ","price":15.7},{"type":"B","date":"2018-04-11T07:22:07.000Z","volume":1000,"label":"Y","price":15.68},{"type":"B","date":"2018-04-11T07:22:07.000Z","volume":12000,"label":" ","price":15.68},{"type":"A","date":"2018-04-11T07:22:08.000Z","volume":1000,"label":" ","price":15.7},{"type":"B","date":"2018-04-11T07:22:55.000Z","volume":2000,"label":" ","price":15.68},{"type":"B","date":"2018-04-11T07:23:04.000Z","volume":1000,"label":"Y","price":15.68},{"type":"B","date":"2018-04-11T07:23:04.000Z","volume":5000,"label":" ","price":15.68},{"type":"A","date":"2018-04-11T07:23:05.000Z","volume":1000,"label":" ","price":15.68},{"type":"A","date":"2018-04-11T07:23:07.000Z","volume":1000,"label":" ","price":15.68},{"type":"A","date":"2018-04-11T07:23:14.000Z","volume":3000,"label":" ","price":15.68},{"type":"B","date":"2018-04-11T07:23:18.000Z","volume":16000,"label":" ","price":15.66},{"type":"B","date":"2018-04-11T07:23:21.000Z","volume":6000,"label":" ","price":15.66},{"type":"A","date":"2018-04-11T07:23:22.000Z","volume":1000,"label":" ","price":15.68},{"type":"B","date":"2018-04-11T07:23:30.000Z","volume":10000,"label":" ","price":15.66},{"type":"A","date":"2018-04-11T07:23:31.000Z","volume":1000,"label":" ","price":15.68},{"type":"A","date":"2018-04-11T07:23:38.000Z","volume":3000,"label":" ","price":15.68},{"type":"A","date":"2018-04-11T07:24:10.000Z","volume":1000,"label":" ","price":15.68},{"type":"A","date":"2018-04-11T07:24:26.000Z","volume":1000,"label":" ","price":15.68},{"type":"A","date":"2018-04-11T07:24:33.000Z","volume":5000,"label":" ","price":15.68},{"type":"A","date":"2018-04-11T07:24:38.000Z","volume":12000,"label":" ","price":15.68},{"type":"A","date":"2018-04-11T07:24:39.000Z","volume":1000,"label":" ","price":15.7},{"type":"A","date":"2018-04-11T07:24:44.000Z","volume":9000,"label":" ","price":15.7},{"type":"A","date":"2018-04-11T07:24:49.000Z","volume":1000,"label":" ","price":15.72},{"type":"A","date":"2018-04-11T07:25:43.000Z","volume":8000,"label":" ","price":15.72},{"type":"B","date":"2018-04-11T07:26:58.000Z","volume":1000,"label":"Y","price":15.72},{"type":"B","date":"2018-04-11T07:26:58.000Z","volume":4000,"label":" ","price":15.72},{"type":"A","date":"2018-04-11T07:27:04.000Z","volume":1000,"label":" ","price":15.72},{"type":"B","date":"2018-04-11T07:27:14.000Z","volume":4000,"label":"Y","price":15.7},{"type":"B","date":"2018-04-11T07:27:14.000Z","volume":24000,"label":" ","price":15.7},{"type":"A","date":"2018-04-11T07:27:14.000Z","volume":2000,"label":" ","price":15.7},{"type":"A","date":"2018-04-11T07:27:39.000Z","volume":2000,"label":" ","price":15.7},{"type":"A","date":"2018-04-11T07:28:10.000Z","volume":20000,"label":" ","price":15.7},{"type":"A","date":"2018-04-11T07:28:11.000Z","volume":1000,"label":" ","price":15.7},{"type":"A","date":"2018-04-11T07:28:32.000Z","volume":1000,"label":" ","price":15.7},{"type":"B","date":"2018-04-11T07:28:33.000Z","volume":5000,"label":" ","price":15.7},{"type":"B","date":"2018-04-11T07:28:49.000Z","volume":1000,"label":"Y","price":15.7},{"type":"B","date":"2018-04-11T07:28:49.000Z","volume":13000,"label":" ","price":15.7},{"type":"A","date":"2018-04-11T07:28:51.000Z","volume":2000,"label":" ","price":15.7},{"type":"A","date":"2018-04-11T07:29:14.000Z","volume":4000,"label":" ","price":15.7},{"type":"A","date":"2018-04-11T07:29:35.000Z","volume":8000,"label":" ","price":15.7},{"type":"A","date":"2018-04-11T07:29:36.000Z","volume":1000,"label":" ","price":15.7},{"type":"B","date":"2018-04-11T07:29:54.000Z","volume":1000,"label":"Y","price":15.68},{"type":"B","date":"2018-04-11T07:29:54.000Z","volume":12000,"label":" ","price":15.68},{"type":"B","date":"2018-04-11T07:30:07.000Z","volume":7000,"label":" ","price":15.66},{"type":"A","date":"2018-04-11T07:30:29.000Z","volume":1000,"label":" ","price":15.66},{"type":"A","date":"2018-04-11T07:30:48.000Z","volume":3000,"label":" ","price":15.66},{"type":"B","date":"2018-04-11T07:30:53.000Z","volume":1000,"label":" ","price":15.64},{"type":"A","date":"2018-04-11T07:31:00.000Z","volume":2000,"label":" ","price":15.68},{"type":"A","date":"2018-04-11T07:31:41.000Z","volume":3000,"label":" ","price":15.68},{"type":"A","date":"2018-04-11T07:31:59.000Z","volume":1000,"label":" ","price":15.68},{"type":"A","date":"2018-04-11T07:32:50.000Z","volume":10000,"label":" ","price":15.66},{"type":"A","date":"2018-04-11T07:32:58.000Z","volume":2000,"label":" ","price":15.66},{"type":"A","date":"2018-04-11T07:33:12.000Z","volume":3000,"label":" ","price":15.68},{"type":"B","date":"2018-04-11T07:33:24.000Z","volume":14000,"label":" ","price":15.66},{"type":"A","date":"2018-04-11T07:33:26.000Z","volume":3000,"label":" ","price":15.66},{"type":"A","date":"2018-04-11T07:33:44.000Z","volume":2000,"label":" ","price":15.66},{"type":"A","date":"2018-04-11T07:33:55.000Z","volume":1000,"label":" ","price":15.66},{"type":"B","date":"2018-04-11T07:33:56.000Z","volume":12000,"label":" ","price":15.64},{"type":"A","date":"2018-04-11T07:34:39.000Z","volume":1000,"label":" ","price":15.64},{"type":"B","date":"2018-04-11T07:34:45.000Z","volume":2000,"label":" ","price":15.62},{"type":"B","date":"2018-04-11T07:34:53.000Z","volume":13000,"label":" ","price":15.62},{"type":"A","date":"2018-04-11T07:35:04.000Z","volume":1000,"label":" ","price":15.62},{"type":"B","date":"2018-04-11T07:35:06.000Z","volume":2000,"label":"Y","price":15.6},{"type":"B","date":"2018-04-11T07:35:06.000Z","volume":15000,"label":" ","price":15.6},{"type":"A","date":"2018-04-11T07:35:27.000Z","volume":6000,"label":" ","price":15.6},{"type":"A","date":"2018-04-11T07:35:28.000Z","volume":1000,"label":" ","price":15.62},{"type":"A","date":"2018-04-11T07:35:33.000Z","volume":10000,"label":" ","price":15.62},{"type":"B","date":"2018-04-11T07:35:34.000Z","volume":2000,"label":"Y","price":15.6},{"type":"B","date":"2018-04-11T07:35:34.000Z","volume":1000,"label":" ","price":15.6},{"type":"A","date":"2018-04-11T07:35:43.000Z","volume":19000,"label":" ","price":15.6},{"type":"A","date":"2018-04-11T07:35:44.000Z","volume":1000,"label":" ","price":15.64},{"type":"A","date":"2018-04-11T07:35:49.000Z","volume":3000,"label":" ","price":15.66},{"type":"A","date":"2018-04-11T07:36:05.000Z","volume":1000,"label":" ","price":15.66},{"type":"A","date":"2018-04-11T07:36:05.000Z","volume":2000,"label":" ","price":15.66},{"type":"B","date":"2018-04-11T07:36:47.000Z","volume":10000,"label":" ","price":15.64},{"type":"A","date":"2018-04-11T07:36:47.000Z","volume":1000,"label":" ","price":15.64},{"type":"A","date":"2018-04-11T07:36:47.000Z","volume":9000,"label":" ","price":15.64},{"type":"A","date":"2018-04-11T07:36:52.000Z","volume":1000,"label":" ","price":15.64},{"type":"A","date":"2018-04-11T07:36:56.000Z","volume":46000,"label":" ","price":15.66},{"type":"A","date":"2018-04-11T07:36:56.000Z","volume":1000,"label":" ","price":15.68},{"type":"A","date":"2018-04-11T07:36:57.000Z","volume":2000,"label":" ","price":15.74},{"type":"B","date":"2018-04-11T07:37:01.000Z","volume":1000,"label":"Y","price":15.66},{"type":"B","date":"2018-04-11T07:37:01.000Z","volume":8000,"label":" ","price":15.66},{"type":"B","date":"2018-04-11T07:37:01.000Z","volume":4000,"label":" ","price":15.66},{"type":"A","date":"2018-04-11T07:37:02.000Z","volume":2000,"label":" ","price":15.66},{"type":"A","date":"2018-04-11T07:37:03.000Z","volume":5000,"label":" ","price":15.66},{"type":"A","date":"2018-04-11T07:37:04.000Z","volume":10000,"label":" ","price":15.66},{"type":"A","date":"2018-04-11T07:37:04.000Z","volume":20000,"label":"Y","price":15.66},{"type":"A","date":"2018-04-11T07:37:04.000Z","volume":1000,"label":" ","price":15.74},{"type":"B","date":"2018-04-11T07:37:04.000Z","volume":12000,"label":" ","price":15.64},{"type":"A","date":"2018-04-11T07:37:05.000Z","volume":4000,"label":" ","price":15.64},{"type":"B","date":"2018-04-11T07:37:17.000Z","volume":3000,"label":" ","price":15.64},{"type":"B","date":"2018-04-11T07:37:17.000Z","volume":2000,"label":"Y","price":15.62},{"type":"B","date":"2018-04-11T07:37:17.000Z","volume":25000,"label":" ","price":15.62},{"type":"A","date":"2018-04-11T07:37:23.000Z","volume":5000,"label":" ","price":15.62},{"type":"A","date":"2018-04-11T07:37:23.000Z","volume":15000,"label":" ","price":15.62},{"type":"A","date":"2018-04-11T07:37:24.000Z","volume":1000,"label":" ","price":15.64},{"type":"B","date":"2018-04-11T07:37:34.000Z","volume":1000,"label":"Y","price":15.64},{"type":"B","date":"2018-04-11T07:37:34.000Z","volume":4000,"label":" ","price":15.64},{"type":"B","date":"2018-04-11T07:37:35.000Z","volume":2000,"label":" ","price":15.62},{"type":"B","date":"2018-04-11T07:37:53.000Z","volume":1000,"label":"Y","price":15.6},{"type":"B","date":"2018-04-11T07:37:53.000Z","volume":13000,"label":" ","price":15.6},{"type":"B","date":"2018-04-11T07:38:06.000Z","volume":100000,"label":" ","price":15.66},{"type":"A","date":"2018-04-11T07:38:07.000Z","volume":3000,"label":" ","price":15.68},{"type":"B","date":"2018-04-11T07:38:07.000Z","volume":3000,"label":" ","price":15.66},{"type":"A","date":"2018-04-11T07:38:30.000Z","volume":1000,"label":" ","price":15.62},{"type":"A","date":"2018-04-11T07:38:32.000Z","volume":18000,"label":" ","price":15.62},{"type":"A","date":"2018-04-11T07:38:32.000Z","volume":1000,"label":" ","price":15.68},{"type":"U","date":"2018-04-11T07:38:58.000Z","volume":1000,"label":" ","price":15.66},{"type":"B","date":"2018-04-11T07:39:58.000Z","volume":1000,"label":" ","price":15.68},{"type":"B","date":"2018-04-11T07:40:35.000Z","volume":1000,"label":" ","price":15.68},{"type":"B","date":"2018-04-11T07:40:35.000Z","volume":9000,"label":" ","price":15.68},{"type":"A","date":"2018-04-11T07:41:13.000Z","volume":2000,"label":" ","price":15.68},{"type":"B","date":"2018-04-11T07:41:23.000Z","volume":2000,"label":" ","price":15.68},{"type":"B","date":"2018-04-11T07:41:24.000Z","volume":1000,"label":" ","price":15.68},{"type":"B","date":"2018-04-11T07:41:24.000Z","volume":1000,"label":" ","price":15.68},{"type":"B","date":"2018-04-11T07:42:09.000Z","volume":26000,"label":" ","price":15.66},{"type":"B","date":"2018-04-11T07:42:11.000Z","volume":3000,"label":" ","price":15.64},{"type":"B","date":"2018-04-11T07:42:12.000Z","volume":4000,"label":" ","price":15.62},{"type":"B","date":"2018-04-11T07:42:19.000Z","volume":16000,"label":" ","price":15.6},{"type":"B","date":"2018-04-11T07:42:21.000Z","volume":5000,"label":" ","price":15.6},{"type":"A","date":"2018-04-11T07:42:27.000Z","volume":1000,"label":"Y","price":15.6},{"type":"A","date":"2018-04-11T07:42:32.000Z","volume":2000,"label":" ","price":15.6},{"type":"B","date":"2018-04-11T07:42:32.000Z","volume":1000,"label":" ","price":15.6},{"type":"B","date":"2018-04-11T07:42:33.000Z","volume":3000,"label":" ","price":15.6},{"type":"B","date":"2018-04-11T07:42:33.000Z","volume":3000,"label":" ","price":15.58},{"type":"B","date":"2018-04-11T07:42:34.000Z","volume":1000,"label":" ","price":15.58},{"type":"A","date":"2018-04-11T07:43:07.000Z","volume":4000,"label":" ","price":15.64},{"type":"B","date":"2018-04-11T07:43:07.000Z","volume":1000,"label":" ","price":15.64},{"type":"A","date":"2018-04-11T07:43:31.000Z","volume":1000,"label":" ","price":15.64},{"type":"A","date":"2018-04-11T07:43:32.000Z","volume":2000,"label":" ","price":15.64},{"type":"A","date":"2018-04-11T07:43:34.000Z","volume":1000,"label":" ","price":15.66},{"type":"U","date":"2018-04-11T07:43:54.000Z","volume":5000,"label":" ","price":15.64},{"type":"B","date":"2018-04-11T07:45:00.000Z","volume":1000,"label":" ","price":15.62},{"type":"B","date":"2018-04-11T07:45:00.000Z","volume":1000,"label":" ","price":15.6},{"type":"B","date":"2018-04-11T07:45:00.000Z","volume":1000,"label":" ","price":15.6},{"type":"B","date":"2018-04-11T07:45:31.000Z","volume":19000,"label":" ","price":15.6},{"type":"B","date":"2018-04-11T07:45:31.000Z","volume":4000,"label":" ","price":15.58},{"type":"B","date":"2018-04-11T07:45:32.000Z","volume":1000,"label":" ","price":15.56},{"type":"A","date":"2018-04-11T07:45:33.000Z","volume":1000,"label":" ","price":15.58},{"type":"B","date":"2018-04-11T07:45:35.000Z","volume":1000,"label":" ","price":15.56},{"type":"B","date":"2018-04-11T07:45:45.000Z","volume":3000,"label":" ","price":15.56},{"type":"B","date":"2018-04-11T07:45:55.000Z","volume":12000,"label":" ","price":15.56},{"type":"B","date":"2018-04-11T07:45:55.000Z","volume":2000,"label":" ","price":15.56},{"type":"B","date":"2018-04-11T07:45:57.000Z","volume":2000,"label":" ","price":15.54},{"type":"A","date":"2018-04-11T07:45:58.000Z","volume":1000,"label":" ","price":15.56},{"type":"A","date":"2018-04-11T07:46:02.000Z","volume":6000,"label":" ","price":15.56},{"type":"B","date":"2018-04-11T07:46:02.000Z","volume":1000,"label":" ","price":15.56},{"type":"B","date":"2018-04-11T07:46:04.000Z","volume":1000,"label":" ","price":15.56},{"type":"A","date":"2018-04-11T07:46:10.000Z","volume":10000,"label":" ","price":15.56},{"type":"A","date":"2018-04-11T07:46:10.000Z","volume":1000,"label":" ","price":15.58},{"type":"B","date":"2018-04-11T07:46:10.000Z","volume":1000,"label":" ","price":15.56},{"type":"A","date":"2018-04-11T07:46:10.000Z","volume":5000,"label":" ","price":15.58},{"type":"B","date":"2018-04-11T07:46:12.000Z","volume":3000,"label":" ","price":15.56},{"type":"A","date":"2018-04-11T07:46:17.000Z","volume":5000,"label":" ","price":15.58},{"type":"A","date":"2018-04-11T07:46:18.000Z","volume":4000,"label":" ","price":15.6},{"type":"A","date":"2018-04-11T07:46:18.000Z","volume":1000,"label":" ","price":15.6},{"type":"A","date":"2018-04-11T07:46:58.000Z","volume":1000,"label":" ","price":15.6},{"type":"B","date":"2018-04-11T07:47:12.000Z","volume":4000,"label":" ","price":15.58},{"type":"B","date":"2018-04-11T07:47:13.000Z","volume":1000,"label":" ","price":15.58},{"type":"A","date":"2018-04-11T07:47:49.000Z","volume":6000,"label":" ","price":15.6},{"type":"A","date":"2018-04-11T07:47:50.000Z","volume":1000,"label":" ","price":15.6},{"type":"A","date":"2018-04-11T07:48:06.000Z","volume":2000,"label":" ","price":15.6},{"type":"B","date":"2018-04-11T07:48:08.000Z","volume":1000,"label":" ","price":15.58},{"type":"A","date":"2018-04-11T07:48:13.000Z","volume":2000,"label":" ","price":15.6},{"type":"A","date":"2018-04-11T07:48:14.000Z","volume":1000,"label":" ","price":15.6},{"type":"A","date":"2018-04-11T07:48:35.000Z","volume":5000,"label":" ","price":15.6},{"type":"A","date":"2018-04-11T07:48:35.000Z","volume":5000,"label":" ","price":15.6},{"type":"A","date":"2018-04-11T07:48:35.000Z","volume":3000,"label":" ","price":15.6},{"type":"A","date":"2018-04-11T07:48:35.000Z","volume":5000,"label":" ","price":15.6},{"type":"A","date":"2018-04-11T07:48:37.000Z","volume":5000,"label":" ","price":15.6},{"type":"A","date":"2018-04-11T07:48:37.000Z","volume":1000,"label":" ","price":15.62},{"type":"A","date":"2018-04-11T07:48:38.000Z","volume":1000,"label":" ","price":15.68},{"type":"B","date":"2018-04-11T07:49:37.000Z","volume":2000,"label":" ","price":15.6},{"type":"B","date":"2018-04-11T07:49:38.000Z","volume":1000,"label":" ","price":15.6},{"type":"B","date":"2018-04-11T07:49:55.000Z","volume":1000,"label":" ","price":15.6},{"type":"A","date":"2018-04-11T07:49:56.000Z","volume":1000,"label":" ","price":15.62},{"type":"B","date":"2018-04-11T07:49:57.000Z","volume":1000,"label":" ","price":15.62},{"type":"A","date":"2018-04-11T07:50:32.000Z","volume":5000,"label":" ","price":15.64},{"type":"B","date":"2018-04-11T07:50:32.000Z","volume":1000,"label":" ","price":15.64},{"type":"A","date":"2018-04-11T07:50:51.000Z","volume":7000,"label":" ","price":15.66},{"type":"B","date":"2018-04-11T07:51:18.000Z","volume":1000,"label":" ","price":15.66},{"type":"B","date":"2018-04-11T07:51:41.000Z","volume":1000,"label":" ","price":15.66},{"type":"A","date":"2018-04-11T07:51:52.000Z","volume":1000,"label":" ","price":15.68},{"type":"B","date":"2018-04-11T07:51:52.000Z","volume":6000,"label":" ","price":15.66},{"type":"B","date":"2018-04-11T07:52:20.000Z","volume":14000,"label":" ","price":15.66},{"type":"A","date":"2018-04-11T07:52:21.000Z","volume":1000,"label":" ","price":15.68},{"type":"B","date":"2018-04-11T07:52:26.000Z","volume":19000,"label":" ","price":15.64},{"type":"A","date":"2018-04-11T07:52:32.000Z","volume":1000,"label":" ","price":15.66},{"type":"B","date":"2018-04-11T07:52:41.000Z","volume":45000,"label":" ","price":15.62},{"type":"B","date":"2018-04-11T07:52:41.000Z","volume":9000,"label":" ","price":15.6},{"type":"A","date":"2018-04-11T07:52:57.000Z","volume":16000,"label":" ","price":15.6},{"type":"B","date":"2018-04-11T07:52:57.000Z","volume":2000,"label":" ","price":15.58},{"type":"A","date":"2018-04-11T07:52:58.000Z","volume":1000,"label":" ","price":15.62},{"type":"B","date":"2018-04-11T07:53:16.000Z","volume":15000,"label":" ","price":15.58},{"type":"B","date":"2018-04-11T07:53:16.000Z","volume":3000,"label":" ","price":15.56},{"type":"A","date":"2018-04-11T07:53:44.000Z","volume":2000,"label":" ","price":15.6},{"type":"B","date":"2018-04-11T07:53:47.000Z","volume":1000,"label":" ","price":15.56},{"type":"A","date":"2018-04-11T07:53:53.000Z","volume":1000,"label":" ","price":15.58},{"type":"A","date":"2018-04-11T07:54:27.000Z","volume":2000,"label":" ","price":15.6},{"type":"A","date":"2018-04-11T07:54:33.000Z","volume":2000,"label":" ","price":15.6},{"type":"B","date":"2018-04-11T07:54:35.000Z","volume":1000,"label":" ","price":15.58},{"type":"A","date":"2018-04-11T07:54:36.000Z","volume":1000,"label":" ","price":15.6},{"type":"B","date":"2018-04-11T07:54:56.000Z","volume":1000,"label":" ","price":15.58},{"type":"B","date":"2018-04-11T07:54:57.000Z","volume":1000,"label":" ","price":15.58},{"type":"B","date":"2018-04-11T07:55:00.000Z","volume":1000,"label":"Y","price":15.58},{"type":"B","date":"2018-04-11T07:55:00.000Z","volume":4000,"label":" ","price":15.58},{"type":"B","date":"2018-04-11T07:55:00.000Z","volume":1000,"label":" ","price":15.56},{"type":"B","date":"2018-04-11T07:55:06.000Z","volume":25000,"label":" ","price":15.56},{"type":"B","date":"2018-04-11T07:55:06.000Z","volume":9000,"label":" ","price":15.54},{"type":"B","date":"2018-04-11T07:55:06.000Z","volume":1000,"label":" ","price":15.54},{"type":"B","date":"2018-04-11T07:55:07.000Z","volume":9000,"label":" ","price":15.52},{"type":"A","date":"2018-04-11T07:55:08.000Z","volume":1000,"label":" ","price":15.54},{"type":"A","date":"2018-04-11T07:55:11.000Z","volume":1000,"label":" ","price":15.54},{"type":"B","date":"2018-04-11T07:55:13.000Z","volume":1000,"label":" ","price":15.54},{"type":"B","date":"2018-04-11T07:55:25.000Z","volume":5000,"label":" ","price":15.54},{"type":"B","date":"2018-04-11T07:55:25.000Z","volume":1000,"label":" ","price":15.54},{"type":"B","date":"2018-04-11T07:56:11.000Z","volume":1000,"label":" ","price":15.54},{"type":"B","date":"2018-04-11T07:56:14.000Z","volume":1000,"label":" ","price":15.54},{"type":"B","date":"2018-04-11T07:56:15.000Z","volume":1000,"label":" ","price":15.54},{"type":"B","date":"2018-04-11T07:56:23.000Z","volume":3000,"label":"Y","price":15.54},{"type":"B","date":"2018-04-11T07:56:23.000Z","volume":3000,"label":" ","price":15.54},{"type":"B","date":"2018-04-11T07:56:23.000Z","volume":2000,"label":" ","price":15.54},{"type":"A","date":"2018-04-11T07:56:23.000Z","volume":3000,"label":" ","price":15.56},{"type":"A","date":"2018-04-11T07:56:24.000Z","volume":5000,"label":" ","price":15.56},{"type":"B","date":"2018-04-11T07:56:26.000Z","volume":1000,"label":" ","price":15.54},{"type":"B","date":"2018-04-11T07:56:37.000Z","volume":1000,"label":"Y","price":15.54},{"type":"B","date":"2018-04-11T07:56:37.000Z","volume":3000,"label":" ","price":15.54},{"type":"B","date":"2018-04-11T07:56:38.000Z","volume":1000,"label":" ","price":15.54},{"type":"B","date":"2018-04-11T07:56:45.000Z","volume":3000,"label":"Y","price":15.54},{"type":"B","date":"2018-04-11T07:56:45.000Z","volume":1000,"label":" ","price":15.54},{"type":"B","date":"2018-04-11T07:56:45.000Z","volume":1000,"label":" ","price":15.52},{"type":"B","date":"2018-04-11T07:56:45.000Z","volume":1000,"label":"Y","price":15.54},{"type":"B","date":"2018-04-11T07:56:46.000Z","volume":1000,"label":" ","price":15.54},{"type":"A","date":"2018-04-11T07:56:57.000Z","volume":1000,"label":" ","price":15.56},{"type":"B","date":"2018-04-11T07:57:21.000Z","volume":1000,"label":" ","price":15.54},{"type":"B","date":"2018-04-11T07:57:27.000Z","volume":1000,"label":" ","price":15.54},{"type":"A","date":"2018-04-11T07:57:47.000Z","volume":1000,"label":" ","price":15.56},{"type":"B","date":"2018-04-11T07:57:51.000Z","volume":1000,"label":" ","price":15.54},{"type":"B","date":"2018-04-11T07:58:06.000Z","volume":1000,"label":" ","price":15.54},{"type":"A","date":"2018-04-11T07:58:07.000Z","volume":1000,"label":" ","price":15.56},{"type":"A","date":"2018-04-11T07:58:08.000Z","volume":1000,"label":" ","price":15.56},{"type":"B","date":"2018-04-11T07:58:11.000Z","volume":1000,"label":" ","price":15.54},{"type":"B","date":"2018-04-11T07:58:27.000Z","volume":10000,"label":" ","price":15.54},{"type":"B","date":"2018-04-11T07:58:27.000Z","volume":2000,"label":" ","price":15.52},{"type":"A","date":"2018-04-11T07:58:29.000Z","volume":4000,"label":" ","price":15.54},{"type":"A","date":"2018-04-11T07:58:31.000Z","volume":1000,"label":" ","price":15.54},{"type":"B","date":"2018-04-11T07:58:32.000Z","volume":2000,"label":" ","price":15.52},{"type":"B","date":"2018-04-11T07:58:40.000Z","volume":1000,"label":" ","price":15.52},{"type":"A","date":"2018-04-11T07:58:41.000Z","volume":10000,"label":" ","price":15.54},{"type":"B","date":"2018-04-11T07:58:41.000Z","volume":3000,"label":" ","price":15.52},{"type":"A","date":"2018-04-11T07:58:42.000Z","volume":1000,"label":" ","price":15.54},{"type":"A","date":"2018-04-11T07:58:44.000Z","volume":2000,"label":" ","price":15.54},{"type":"B","date":"2018-04-11T07:58:44.000Z","volume":1000,"label":" ","price":15.52},{"type":"A","date":"2018-04-11T07:58:47.000Z","volume":1000,"label":" ","price":15.54},{"type":"A","date":"2018-04-11T07:58:53.000Z","volume":1000,"label":" ","price":15.54},{"type":"A","date":"2018-04-11T07:59:02.000Z","volume":1000,"label":"Y","price":15.54},{"type":"A","date":"2018-04-11T07:59:03.000Z","volume":1000,"label":" ","price":15.54},{"type":"B","date":"2018-04-11T07:59:03.000Z","volume":1000,"label":" ","price":15.52},{"type":"B","date":"2018-04-11T07:59:07.000Z","volume":1000,"label":" ","price":15.52},{"type":"B","date":"2018-04-11T07:59:17.000Z","volume":1000,"label":" ","price":15.52},{"type":"A","date":"2018-04-11T07:59:18.000Z","volume":3000,"label":" ","price":15.54},{"type":"B","date":"2018-04-11T07:59:18.000Z","volume":1000,"label":" ","price":15.52},{"type":"B","date":"2018-04-11T07:59:18.000Z","volume":1000,"label":" ","price":15.52},{"type":"B","date":"2018-04-11T07:59:20.000Z","volume":1000,"label":" ","price":15.52},{"type":"A","date":"2018-04-11T07:59:22.000Z","volume":1000,"label":" ","price":15.54},{"type":"B","date":"2018-04-11T07:59:25.000Z","volume":1000,"label":" ","price":15.52},{"type":"A","date":"2018-04-11T07:59:51.000Z","volume":2000,"label":" ","price":15.54},{"type":"B","date":"2018-04-11T07:59:53.000Z","volume":1000,"label":" ","price":15.52},{"type":"U","date":"2018-04-11T08:08:14.000Z","volume":1624000,"label":"U","price":15.82}]