[{"type":"A","date":"2018-03-27T01:38:52.000Z","volume":2000,"label":" ","price":6.58},{"type":"A","date":"2018-03-27T01:40:01.000Z","volume":20000,"label":" ","price":6.59},{"type":"A","date":"2018-03-27T01:40:01.000Z","volume":18000,"label":" ","price":6.6},{"type":"A","date":"2018-03-27T01:42:08.000Z","volume":2000,"label":" ","price":6.6},{"type":"A","date":"2018-03-27T02:04:19.000Z","volume":12000,"label":" ","price":6.66},{"type":"A","date":"2018-03-27T02:21:25.000Z","volume":36000,"label":" ","price":6.68},{"type":"A","date":"2018-03-27T02:21:38.000Z","volume":48000,"label":" ","price":6.69},{"type":"A","date":"2018-03-27T02:30:39.000Z","volume":10000,"label":" ","price":6.7},{"type":"A","date":"2018-03-27T02:30:39.000Z","volume":18000,"label":" ","price":6.71},{"type":"A","date":"2018-03-27T02:30:39.000Z","volume":20000,"label":" ","price":6.72},{"type":"A","date":"2018-03-27T02:43:36.000Z","volume":16000,"label":" ","price":6.8},{"type":"B","date":"2018-03-27T03:00:27.000Z","volume":4000,"label":" ","price":6.73},{"type":"B","date":"2018-03-27T03:00:27.000Z","volume":2000,"label":" ","price":6.72},{"type":"A","date":"2018-03-27T03:04:19.000Z","volume":32000,"label":" ","price":6.7},{"type":"A","date":"2018-03-27T03:10:54.000Z","volume":16000,"label":" ","price":6.72},{"type":"A","date":"2018-03-27T03:14:34.000Z","volume":10000,"label":" ","price":6.8},{"type":"A","date":"2018-03-27T03:15:13.000Z","volume":10000,"label":" ","price":6.8},{"type":"A","date":"2018-03-27T05:23:48.000Z","volume":6000,"label":" ","price":6.79},{"type":"A","date":"2018-03-27T05:23:48.000Z","volume":6000,"label":" ","price":6.8},{"type":"B","date":"2018-03-27T05:37:15.000Z","volume":48000,"label":" ","price":6.8},{"type":"A","date":"2018-03-27T05:53:20.000Z","volume":10000,"label":" ","price":6.8},{"type":"A","date":"2018-03-27T05:53:46.000Z","volume":10000,"label":" ","price":6.82},{"type":"A","date":"2018-03-27T05:54:11.000Z","volume":20000,"label":" ","price":6.84},{"type":"A","date":"2018-03-27T05:55:05.000Z","volume":10000,"label":" ","price":6.85},{"type":"A","date":"2018-03-27T05:55:33.000Z","volume":10000,"label":" ","price":6.87},{"type":"A","date":"2018-03-27T05:55:49.000Z","volume":40000,"label":" ","price":6.88},{"type":"A","date":"2018-03-27T05:56:08.000Z","volume":106000,"label":" ","price":6.9},{"type":"B","date":"2018-03-27T06:05:27.000Z","volume":2000,"label":" ","price":6.84},{"type":"A","date":"2018-03-27T06:06:09.000Z","volume":6000,"label":" ","price":6.84},{"type":"A","date":"2018-03-27T06:06:51.000Z","volume":22000,"label":" ","price":6.88},{"type":"A","date":"2018-03-27T06:07:05.000Z","volume":10000,"label":" ","price":6.89},{"type":"A","date":"2018-03-27T06:07:18.000Z","volume":32000,"label":" ","price":6.9},{"type":"A","date":"2018-03-27T06:13:14.000Z","volume":10000,"label":" ","price":6.93},{"type":"A","date":"2018-03-27T06:13:14.000Z","volume":22000,"label":" ","price":6.95},{"type":"A","date":"2018-03-27T06:13:14.000Z","volume":4000,"label":" ","price":6.98},{"type":"A","date":"2018-03-27T06:13:14.000Z","volume":20000,"label":" ","price":6.99},{"type":"A","date":"2018-03-27T06:13:14.000Z","volume":54000,"label":" ","price":7},{"type":"A","date":"2018-03-27T06:14:26.000Z","volume":20000,"label":" ","price":6.96},{"type":"A","date":"2018-03-27T06:14:26.000Z","volume":16000,"label":" ","price":7},{"type":"A","date":"2018-03-27T06:15:15.000Z","volume":2000,"label":" ","price":7.01},{"type":"B","date":"2018-03-27T06:15:28.000Z","volume":6000,"label":" ","price":7},{"type":"A","date":"2018-03-27T06:17:43.000Z","volume":18000,"label":" ","price":7.01},{"type":"A","date":"2018-03-27T06:30:12.000Z","volume":4000,"label":" ","price":7.1},{"type":"A","date":"2018-03-27T06:39:08.000Z","volume":2000,"label":" ","price":7.08},{"type":"A","date":"2018-03-27T06:39:08.000Z","volume":6000,"label":" ","price":7.09},{"type":"A","date":"2018-03-27T06:39:08.000Z","volume":76000,"label":" ","price":7.1},{"type":"B","date":"2018-03-27T06:39:13.000Z","volume":10000,"label":" ","price":7.04},{"type":"A","date":"2018-03-27T06:43:09.000Z","volume":8000,"label":" ","price":7.09},{"type":"A","date":"2018-03-27T06:43:09.000Z","volume":2000,"label":" ","price":7.1},{"type":"A","date":"2018-03-27T06:45:27.000Z","volume":10000,"label":" ","price":7.08},{"type":"A","date":"2018-03-27T06:49:21.000Z","volume":24000,"label":" ","price":7.1},{"type":"A","date":"2018-03-27T06:50:57.000Z","volume":58000,"label":" ","price":7.1},{"type":"B","date":"2018-03-27T07:04:33.000Z","volume":6000,"label":" ","price":7.06},{"type":"B","date":"2018-03-27T07:08:07.000Z","volume":18000,"label":" ","price":7},{"type":"B","date":"2018-03-27T07:13:52.000Z","volume":2000,"label":" ","price":6.9},{"type":"A","date":"2018-03-27T07:20:48.000Z","volume":2000,"label":" ","price":7}]