[{"type":"B","date":"2018-04-13T01:31:20.000Z","volume":1000,"label":" ","price":7.59},{"type":"B","date":"2018-04-13T01:33:30.000Z","volume":1000,"label":" ","price":7.59},{"type":"B","date":"2018-04-13T01:49:28.000Z","volume":1000,"label":" ","price":7.57},{"type":"B","date":"2018-04-13T01:57:30.000Z","volume":2000,"label":" ","price":7.55},{"type":"B","date":"2018-04-13T01:57:32.000Z","volume":1000,"label":"Y","price":7.55},{"type":"B","date":"2018-04-13T01:57:32.000Z","volume":11000,"label":" ","price":7.55},{"type":"B","date":"2018-04-13T01:58:47.000Z","volume":1000,"label":" ","price":7.55},{"type":"B","date":"2018-04-13T02:06:30.000Z","volume":1000,"label":" ","price":7.54},{"type":"B","date":"2018-04-13T02:09:47.000Z","volume":1000,"label":" ","price":7.54},{"type":"B","date":"2018-04-13T02:16:55.000Z","volume":1000,"label":" ","price":7.54},{"type":"B","date":"2018-04-13T02:19:47.000Z","volume":1000,"label":" ","price":7.54},{"type":"A","date":"2018-04-13T02:30:12.000Z","volume":10000,"label":" ","price":7.55},{"type":"A","date":"2018-04-13T02:30:16.000Z","volume":1000,"label":" ","price":7.55},{"type":"B","date":"2018-04-13T02:39:47.000Z","volume":1000,"label":" ","price":7.54},{"type":"B","date":"2018-04-13T02:42:57.000Z","volume":1000,"label":" ","price":7.54},{"type":"B","date":"2018-04-13T02:47:47.000Z","volume":1000,"label":" ","price":7.54},{"type":"A","date":"2018-04-13T02:56:05.000Z","volume":3000,"label":" ","price":7.55},{"type":"A","date":"2018-04-13T02:56:09.000Z","volume":1000,"label":" ","price":7.55},{"type":"B","date":"2018-04-13T03:00:56.000Z","volume":1000,"label":" ","price":7.54},{"type":"B","date":"2018-04-13T03:19:32.000Z","volume":3000,"label":"Y","price":7.54},{"type":"A","date":"2018-04-13T03:19:33.000Z","volume":1000,"label":" ","price":7.55},{"type":"B","date":"2018-04-13T03:20:23.000Z","volume":1000,"label":" ","price":7.54},{"type":"B","date":"2018-04-13T03:22:29.000Z","volume":11000,"label":" ","price":7.54},{"type":"B","date":"2018-04-13T03:22:32.000Z","volume":1000,"label":" ","price":7.54},{"type":"B","date":"2018-04-13T03:22:32.000Z","volume":1000,"label":" ","price":7.54},{"type":"A","date":"2018-04-13T03:22:33.000Z","volume":2000,"label":" ","price":7.55},{"type":"B","date":"2018-04-13T03:22:42.000Z","volume":1000,"label":" ","price":7.54},{"type":"B","date":"2018-04-13T03:32:17.000Z","volume":1000,"label":" ","price":7.54},{"type":"B","date":"2018-04-13T03:39:16.000Z","volume":1000,"label":" ","price":7.54},{"type":"B","date":"2018-04-13T03:39:17.000Z","volume":1000,"label":" ","price":7.54},{"type":"A","date":"2018-04-13T03:39:18.000Z","volume":1000,"label":" ","price":7.55},{"type":"B","date":"2018-04-13T03:51:29.000Z","volume":2000,"label":"Y","price":7.54},{"type":"B","date":"2018-04-13T03:51:29.000Z","volume":9000,"label":" ","price":7.54},{"type":"B","date":"2018-04-13T03:51:32.000Z","volume":1000,"label":" ","price":7.54},{"type":"B","date":"2018-04-13T03:51:32.000Z","volume":1000,"label":" ","price":7.54},{"type":"B","date":"2018-04-13T03:51:32.000Z","volume":1000,"label":" ","price":7.54},{"type":"A","date":"2018-04-13T03:51:33.000Z","volume":1000,"label":" ","price":7.55},{"type":"A","date":"2018-04-13T03:58:45.000Z","volume":11000,"label":" ","price":7.55},{"type":"A","date":"2018-04-13T03:58:45.000Z","volume":2000,"label":" ","price":7.55},{"type":"A","date":"2018-04-13T05:00:28.000Z","volume":1000,"label":" ","price":7.55},{"type":"A","date":"2018-04-13T05:00:40.000Z","volume":1000,"label":" ","price":7.55},{"type":"A","date":"2018-04-13T05:00:54.000Z","volume":1000,"label":" ","price":7.55},{"type":"A","date":"2018-04-13T05:01:20.000Z","volume":1000,"label":" ","price":7.55},{"type":"A","date":"2018-04-13T05:01:21.000Z","volume":1000,"label":" ","price":7.55},{"type":"A","date":"2018-04-13T05:02:38.000Z","volume":1000,"label":" ","price":7.55},{"type":"A","date":"2018-04-13T05:03:43.000Z","volume":1000,"label":" ","price":7.55},{"type":"A","date":"2018-04-13T05:05:00.000Z","volume":1000,"label":" ","price":7.55},{"type":"A","date":"2018-04-13T05:05:40.000Z","volume":1000,"label":" ","price":7.55},{"type":"A","date":"2018-04-13T05:06:32.000Z","volume":1000,"label":" ","price":7.55},{"type":"A","date":"2018-04-13T05:06:33.000Z","volume":1000,"label":" ","price":7.55},{"type":"A","date":"2018-04-13T05:07:35.000Z","volume":4000,"label":" ","price":7.55},{"type":"A","date":"2018-04-13T05:07:50.000Z","volume":1000,"label":" ","price":7.55},{"type":"A","date":"2018-04-13T05:08:55.000Z","volume":1000,"label":" ","price":7.55},{"type":"A","date":"2018-04-13T05:08:57.000Z","volume":1000,"label":" ","price":7.55},{"type":"A","date":"2018-04-13T05:10:13.000Z","volume":1000,"label":" ","price":7.55},{"type":"A","date":"2018-04-13T05:12:10.000Z","volume":1000,"label":" ","price":7.55},{"type":"A","date":"2018-04-13T05:14:20.000Z","volume":1000,"label":" ","price":7.55},{"type":"A","date":"2018-04-13T05:16:43.000Z","volume":1000,"label":" ","price":7.55},{"type":"A","date":"2018-04-13T05:18:14.000Z","volume":1000,"label":" ","price":7.55},{"type":"A","date":"2018-04-13T05:19:19.000Z","volume":1000,"label":" ","price":7.55},{"type":"A","date":"2018-04-13T05:19:19.000Z","volume":1000,"label":" ","price":7.55},{"type":"A","date":"2018-04-13T05:19:58.000Z","volume":1000,"label":" ","price":7.55},{"type":"A","date":"2018-04-13T05:21:16.000Z","volume":1000,"label":" ","price":7.55},{"type":"A","date":"2018-04-13T05:23:13.000Z","volume":1000,"label":" ","price":7.55},{"type":"A","date":"2018-04-13T05:25:36.000Z","volume":1000,"label":" ","price":7.55},{"type":"A","date":"2018-04-13T05:27:20.000Z","volume":1000,"label":" ","price":7.55},{"type":"A","date":"2018-04-13T05:27:22.000Z","volume":1000,"label":" ","price":7.55},{"type":"A","date":"2018-04-13T05:27:30.000Z","volume":1000,"label":" ","price":7.55},{"type":"A","date":"2018-04-13T05:28:25.000Z","volume":1000,"label":" ","price":7.55},{"type":"A","date":"2018-04-13T05:29:43.000Z","volume":1000,"label":" ","price":7.55},{"type":"A","date":"2018-04-13T05:32:45.000Z","volume":1000,"label":" ","price":7.55},{"type":"A","date":"2018-04-13T05:34:29.000Z","volume":1000,"label":" ","price":7.55},{"type":"A","date":"2018-04-13T05:35:00.000Z","volume":1000,"label":" ","price":7.55},{"type":"A","date":"2018-04-13T05:35:04.000Z","volume":1000,"label":" ","price":7.55},{"type":"A","date":"2018-04-13T05:36:52.000Z","volume":1000,"label":" ","price":7.55},{"type":"A","date":"2018-04-13T05:38:49.000Z","volume":1000,"label":" ","price":7.55},{"type":"B","date":"2018-04-13T05:40:19.000Z","volume":7000,"label":"Y","price":7.54},{"type":"B","date":"2018-04-13T05:40:19.000Z","volume":13000,"label":" ","price":7.54},{"type":"B","date":"2018-04-13T05:40:19.000Z","volume":2000,"label":" ","price":7.54},{"type":"B","date":"2018-04-13T05:41:47.000Z","volume":1000,"label":" ","price":7.54},{"type":"A","date":"2018-04-13T05:43:22.000Z","volume":1000,"label":" ","price":7.54},{"type":"A","date":"2018-04-13T05:43:24.000Z","volume":1000,"label":" ","price":7.54},{"type":"A","date":"2018-04-13T05:45:06.000Z","volume":1000,"label":" ","price":7.54},{"type":"A","date":"2018-04-13T05:46:50.000Z","volume":1000,"label":" ","price":7.54},{"type":"A","date":"2018-04-13T05:47:42.000Z","volume":1000,"label":" ","price":7.54},{"type":"A","date":"2018-04-13T05:48:34.000Z","volume":1000,"label":" ","price":7.54},{"type":"A","date":"2018-04-13T05:50:31.000Z","volume":1000,"label":" ","price":7.54},{"type":"A","date":"2018-04-13T05:50:33.000Z","volume":1000,"label":" ","price":7.54},{"type":"A","date":"2018-04-13T05:51:10.000Z","volume":1000,"label":" ","price":7.54},{"type":"A","date":"2018-04-13T05:51:23.000Z","volume":1000,"label":" ","price":7.54},{"type":"A","date":"2018-04-13T05:51:30.000Z","volume":1000,"label":" ","price":7.54},{"type":"A","date":"2018-04-13T05:51:36.000Z","volume":1000,"label":" ","price":7.54},{"type":"A","date":"2018-04-13T05:51:45.000Z","volume":1000,"label":" ","price":7.54},{"type":"A","date":"2018-04-13T05:52:28.000Z","volume":1000,"label":" ","price":7.54},{"type":"A","date":"2018-04-13T05:52:31.000Z","volume":1000,"label":" ","price":7.54},{"type":"A","date":"2018-04-13T05:53:20.000Z","volume":1000,"label":" ","price":7.54},{"type":"A","date":"2018-04-13T05:54:38.000Z","volume":1000,"label":" ","price":7.54},{"type":"A","date":"2018-04-13T05:56:09.000Z","volume":1000,"label":" ","price":7.54},{"type":"A","date":"2018-04-13T05:58:00.000Z","volume":1000,"label":" ","price":7.54},{"type":"B","date":"2018-04-13T05:58:15.000Z","volume":26000,"label":" ","price":7.53},{"type":"U","date":"2018-04-13T05:59:11.000Z","volume":1000,"label":" ","price":7.53},{"type":"B","date":"2018-04-13T05:59:31.000Z","volume":1000,"label":" ","price":7.53},{"type":"A","date":"2018-04-13T05:59:31.000Z","volume":1000,"label":" ","price":7.54},{"type":"B","date":"2018-04-13T06:00:02.000Z","volume":1000,"label":" ","price":7.53},{"type":"A","date":"2018-04-13T06:03:31.000Z","volume":1000,"label":" ","price":7.53},{"type":"A","date":"2018-04-13T06:05:41.000Z","volume":1000,"label":" ","price":7.53},{"type":"A","date":"2018-04-13T06:06:59.000Z","volume":1000,"label":" ","price":7.53},{"type":"A","date":"2018-04-13T06:07:59.000Z","volume":13000,"label":" ","price":7.53},{"type":"A","date":"2018-04-13T06:08:00.000Z","volume":1000,"label":" ","price":7.54},{"type":"U","date":"2018-04-13T06:08:00.000Z","volume":2000,"label":" ","price":7.53},{"type":"A","date":"2018-04-13T06:08:17.000Z","volume":1000,"label":" ","price":7.54},{"type":"A","date":"2018-04-13T06:09:09.000Z","volume":1000,"label":" ","price":7.54},{"type":"A","date":"2018-04-13T06:09:09.000Z","volume":14000,"label":" ","price":7.54},{"type":"A","date":"2018-04-13T06:09:20.000Z","volume":1000,"label":" ","price":7.56},{"type":"A","date":"2018-04-13T06:09:35.000Z","volume":1000,"label":" ","price":7.56},{"type":"A","date":"2018-04-13T06:09:48.000Z","volume":1000,"label":" ","price":7.56},{"type":"A","date":"2018-04-13T06:09:59.000Z","volume":1000,"label":" ","price":7.56},{"type":"A","date":"2018-04-13T06:10:12.000Z","volume":1000,"label":" ","price":7.58},{"type":"A","date":"2018-04-13T06:10:27.000Z","volume":1000,"label":" ","price":7.58},{"type":"A","date":"2018-04-13T06:11:58.000Z","volume":1000,"label":" ","price":7.58},{"type":"B","date":"2018-04-13T06:13:20.000Z","volume":6000,"label":" ","price":7.57},{"type":"U","date":"2018-04-13T06:15:16.000Z","volume":1000,"label":"X","price":7.565},{"type":"B","date":"2018-04-13T06:15:17.000Z","volume":1000,"label":" ","price":7.56},{"type":"B","date":"2018-04-13T06:15:21.000Z","volume":1000,"label":" ","price":7.56},{"type":"B","date":"2018-04-13T06:17:27.000Z","volume":1000,"label":" ","price":7.56},{"type":"A","date":"2018-04-13T06:19:20.000Z","volume":1000,"label":" ","price":7.57},{"type":"A","date":"2018-04-13T06:20:51.000Z","volume":1000,"label":" ","price":7.57},{"type":"A","date":"2018-04-13T06:22:35.000Z","volume":1000,"label":" ","price":7.57},{"type":"A","date":"2018-04-13T06:23:40.000Z","volume":1000,"label":" ","price":7.57},{"type":"A","date":"2018-04-13T06:24:12.000Z","volume":6000,"label":" ","price":7.57},{"type":"A","date":"2018-04-13T06:24:14.000Z","volume":1000,"label":" ","price":7.58},{"type":"A","date":"2018-04-13T06:25:37.000Z","volume":1000,"label":" ","price":7.58},{"type":"A","date":"2018-04-13T06:26:42.000Z","volume":1000,"label":" ","price":7.58},{"type":"A","date":"2018-04-13T06:28:00.000Z","volume":1000,"label":" ","price":7.58},{"type":"A","date":"2018-04-13T06:28:39.000Z","volume":1000,"label":" ","price":7.58},{"type":"A","date":"2018-04-13T06:29:31.000Z","volume":1000,"label":" ","price":7.58},{"type":"A","date":"2018-04-13T06:30:49.000Z","volume":1000,"label":" ","price":7.58},{"type":"A","date":"2018-04-13T06:31:54.000Z","volume":1000,"label":" ","price":7.58},{"type":"A","date":"2018-04-13T06:33:12.000Z","volume":1000,"label":" ","price":7.58},{"type":"A","date":"2018-04-13T06:34:30.000Z","volume":1000,"label":" ","price":7.58},{"type":"A","date":"2018-04-13T06:34:32.000Z","volume":1000,"label":" ","price":7.58},{"type":"A","date":"2018-04-13T06:36:53.000Z","volume":1000,"label":" ","price":7.58},{"type":"A","date":"2018-04-13T06:39:30.000Z","volume":11000,"label":" ","price":7.58},{"type":"B","date":"2018-04-13T06:39:31.000Z","volume":3000,"label":" ","price":7.58},{"type":"A","date":"2018-04-13T06:40:34.000Z","volume":1000,"label":" ","price":7.59},{"type":"A","date":"2018-04-13T06:41:39.000Z","volume":1000,"label":" ","price":7.59},{"type":"A","date":"2018-04-13T06:42:42.000Z","volume":10000,"label":" ","price":7.59},{"type":"A","date":"2018-04-13T06:42:44.000Z","volume":1000,"label":" ","price":7.59},{"type":"B","date":"2018-04-13T06:44:39.000Z","volume":4000,"label":" ","price":7.58},{"type":"A","date":"2018-04-13T06:47:27.000Z","volume":10000,"label":" ","price":7.59},{"type":"A","date":"2018-04-13T06:49:01.000Z","volume":1000,"label":" ","price":7.59},{"type":"A","date":"2018-04-13T06:49:57.000Z","volume":8000,"label":" ","price":7.59},{"type":"A","date":"2018-04-13T06:50:58.000Z","volume":1000,"label":" ","price":7.59},{"type":"A","date":"2018-04-13T06:52:29.000Z","volume":1000,"label":" ","price":7.59},{"type":"A","date":"2018-04-13T06:53:47.000Z","volume":1000,"label":" ","price":7.59},{"type":"A","date":"2018-04-13T06:54:15.000Z","volume":19000,"label":" ","price":7.59},{"type":"A","date":"2018-04-13T06:54:46.000Z","volume":3000,"label":" ","price":7.59},{"type":"A","date":"2018-04-13T06:55:31.000Z","volume":1000,"label":" ","price":7.6},{"type":"A","date":"2018-04-13T06:55:40.000Z","volume":10000,"label":" ","price":7.6},{"type":"A","date":"2018-04-13T06:55:43.000Z","volume":9000,"label":" ","price":7.6},{"type":"A","date":"2018-04-13T06:56:14.000Z","volume":89000,"label":" ","price":7.6},{"type":"A","date":"2018-04-13T06:56:22.000Z","volume":50000,"label":" ","price":7.6},{"type":"A","date":"2018-04-13T06:56:22.000Z","volume":87000,"label":" ","price":7.6},{"type":"A","date":"2018-04-13T06:56:22.000Z","volume":58000,"label":" ","price":7.6},{"type":"U","date":"2018-04-13T06:56:23.000Z","volume":1000,"label":" ","price":7.63},{"type":"A","date":"2018-04-13T06:57:15.000Z","volume":1000,"label":" ","price":7.65},{"type":"A","date":"2018-04-13T06:57:54.000Z","volume":1000,"label":" ","price":7.64},{"type":"A","date":"2018-04-13T06:58:46.000Z","volume":1000,"label":" ","price":7.64},{"type":"A","date":"2018-04-13T07:00:00.000Z","volume":1000,"label":" ","price":7.64},{"type":"A","date":"2018-04-13T07:02:27.000Z","volume":1000,"label":" ","price":7.64},{"type":"A","date":"2018-04-13T07:05:03.000Z","volume":1000,"label":" ","price":7.64},{"type":"B","date":"2018-04-13T07:05:35.000Z","volume":1000,"label":" ","price":7.63},{"type":"B","date":"2018-04-13T07:05:35.000Z","volume":3000,"label":" ","price":7.63},{"type":"B","date":"2018-04-13T07:05:35.000Z","volume":3000,"label":" ","price":7.63},{"type":"B","date":"2018-04-13T07:09:25.000Z","volume":1000,"label":" ","price":7.63},{"type":"B","date":"2018-04-13T07:09:36.000Z","volume":2000,"label":" ","price":7.63},{"type":"B","date":"2018-04-13T07:10:35.000Z","volume":1000,"label":" ","price":7.63},{"type":"B","date":"2018-04-13T07:10:35.000Z","volume":1000,"label":" ","price":7.63},{"type":"A","date":"2018-04-13T07:11:30.000Z","volume":1000,"label":" ","price":7.63},{"type":"A","date":"2018-04-13T07:12:25.000Z","volume":1000,"label":" ","price":7.63},{"type":"A","date":"2018-04-13T07:13:30.000Z","volume":1000,"label":" ","price":7.63},{"type":"B","date":"2018-04-13T07:14:06.000Z","volume":6000,"label":" ","price":7.62},{"type":"B","date":"2018-04-13T07:16:26.000Z","volume":5000,"label":" ","price":7.61},{"type":"B","date":"2018-04-13T07:18:17.000Z","volume":1000,"label":" ","price":7.61},{"type":"B","date":"2018-04-13T07:18:17.000Z","volume":1000,"label":" ","price":7.61},{"type":"B","date":"2018-04-13T07:19:17.000Z","volume":1000,"label":" ","price":7.61},{"type":"A","date":"2018-04-13T07:19:34.000Z","volume":1000,"label":" ","price":7.62},{"type":"A","date":"2018-04-13T07:20:00.000Z","volume":1000,"label":" ","price":7.62},{"type":"A","date":"2018-04-13T07:21:31.000Z","volume":1000,"label":" ","price":7.62},{"type":"A","date":"2018-04-13T07:22:23.000Z","volume":1000,"label":" ","price":7.62},{"type":"A","date":"2018-04-13T07:22:23.000Z","volume":4000,"label":" ","price":7.62},{"type":"A","date":"2018-04-13T07:23:00.000Z","volume":1000,"label":" ","price":7.64},{"type":"A","date":"2018-04-13T07:24:20.000Z","volume":1000,"label":" ","price":7.64},{"type":"A","date":"2018-04-13T07:25:38.000Z","volume":1000,"label":" ","price":7.64},{"type":"B","date":"2018-04-13T07:25:47.000Z","volume":1000,"label":" ","price":7.62},{"type":"B","date":"2018-04-13T07:27:35.000Z","volume":3000,"label":" ","price":7.62},{"type":"A","date":"2018-04-13T07:30:11.000Z","volume":1000,"label":" ","price":7.62},{"type":"A","date":"2018-04-13T07:31:29.000Z","volume":1000,"label":" ","price":7.62},{"type":"A","date":"2018-04-13T07:33:00.000Z","volume":1000,"label":" ","price":7.62},{"type":"A","date":"2018-04-13T07:34:57.000Z","volume":1000,"label":" ","price":7.62},{"type":"A","date":"2018-04-13T07:36:41.000Z","volume":1000,"label":" ","price":7.62},{"type":"A","date":"2018-04-13T07:38:38.000Z","volume":1000,"label":" ","price":7.62},{"type":"A","date":"2018-04-13T07:40:22.000Z","volume":1000,"label":" ","price":7.62},{"type":"A","date":"2018-04-13T07:41:53.000Z","volume":1000,"label":" ","price":7.62},{"type":"A","date":"2018-04-13T07:43:11.000Z","volume":1000,"label":" ","price":7.62},{"type":"A","date":"2018-04-13T07:43:50.000Z","volume":1000,"label":" ","price":7.62},{"type":"A","date":"2018-04-13T07:44:16.000Z","volume":1000,"label":" ","price":7.62},{"type":"A","date":"2018-04-13T07:44:55.000Z","volume":1000,"label":" ","price":7.62},{"type":"A","date":"2018-04-13T07:46:00.000Z","volume":1000,"label":" ","price":7.62},{"type":"A","date":"2018-04-13T07:47:05.000Z","volume":1000,"label":" ","price":7.62},{"type":"A","date":"2018-04-13T07:47:30.000Z","volume":1000,"label":" ","price":7.62},{"type":"A","date":"2018-04-13T07:47:32.000Z","volume":1000,"label":" ","price":7.62},{"type":"A","date":"2018-04-13T07:47:44.000Z","volume":1000,"label":" ","price":7.62},{"type":"A","date":"2018-04-13T07:48:00.000Z","volume":1000,"label":" ","price":7.62},{"type":"A","date":"2018-04-13T07:49:15.000Z","volume":1000,"label":" ","price":7.64},{"type":"B","date":"2018-04-13T07:50:10.000Z","volume":1000,"label":" ","price":7.62},{"type":"A","date":"2018-04-13T07:50:20.000Z","volume":1000,"label":" ","price":7.64},{"type":"A","date":"2018-04-13T07:50:59.000Z","volume":1000,"label":" ","price":7.64},{"type":"A","date":"2018-04-13T07:51:38.000Z","volume":1000,"label":" ","price":7.64},{"type":"A","date":"2018-04-13T07:52:04.000Z","volume":1000,"label":" ","price":7.64},{"type":"B","date":"2018-04-13T07:52:13.000Z","volume":1000,"label":" ","price":7.63},{"type":"A","date":"2018-04-13T07:52:30.000Z","volume":1000,"label":" ","price":7.64},{"type":"A","date":"2018-04-13T07:53:09.000Z","volume":1000,"label":" ","price":7.64},{"type":"A","date":"2018-04-13T07:54:00.000Z","volume":1000,"label":" ","price":7.64},{"type":"A","date":"2018-04-13T07:54:39.000Z","volume":1000,"label":" ","price":7.64},{"type":"A","date":"2018-04-13T07:54:40.000Z","volume":1000,"label":" ","price":7.64},{"type":"A","date":"2018-04-13T07:54:59.000Z","volume":3000,"label":" ","price":7.64},{"type":"A","date":"2018-04-13T07:55:06.000Z","volume":1000,"label":" ","price":7.64},{"type":"B","date":"2018-04-13T07:55:13.000Z","volume":1000,"label":" ","price":7.63},{"type":"A","date":"2018-04-13T07:55:30.000Z","volume":1000,"label":" ","price":7.64},{"type":"A","date":"2018-04-13T07:55:45.000Z","volume":1000,"label":" ","price":7.64},{"type":"A","date":"2018-04-13T07:56:11.000Z","volume":1000,"label":" ","price":7.64},{"type":"B","date":"2018-04-13T07:56:13.000Z","volume":1000,"label":" ","price":7.63},{"type":"B","date":"2018-04-13T07:56:17.000Z","volume":1000,"label":" ","price":7.63},{"type":"B","date":"2018-04-13T07:56:43.000Z","volume":1000,"label":" ","price":7.63},{"type":"A","date":"2018-04-13T07:57:29.000Z","volume":1000,"label":" ","price":7.64},{"type":"A","date":"2018-04-13T07:57:29.000Z","volume":1000,"label":" ","price":7.64},{"type":"B","date":"2018-04-13T07:57:29.000Z","volume":1000,"label":" ","price":7.63},{"type":"A","date":"2018-04-13T07:57:55.000Z","volume":1000,"label":" ","price":7.64},{"type":"A","date":"2018-04-13T07:58:08.000Z","volume":1000,"label":" ","price":7.64},{"type":"B","date":"2018-04-13T07:58:13.000Z","volume":1000,"label":" ","price":7.63},{"type":"A","date":"2018-04-13T07:58:31.000Z","volume":1000,"label":" ","price":7.64},{"type":"A","date":"2018-04-13T07:59:01.000Z","volume":1000,"label":" ","price":7.64},{"type":"A","date":"2018-04-13T07:59:02.000Z","volume":1000,"label":" ","price":7.64},{"type":"A","date":"2018-04-13T07:59:13.000Z","volume":1000,"label":" ","price":7.64},{"type":"A","date":"2018-04-13T07:59:31.000Z","volume":2000,"label":" ","price":7.64},{"type":"B","date":"2018-04-13T07:59:55.000Z","volume":1000,"label":" ","price":7.62},{"type":"U","date":"2018-04-13T08:08:17.000Z","volume":52000,"label":"U","price":7.65}]