[{"type":"A","date":"2018-03-29T03:34:53.000Z","volume":2000,"label":" ","price":0.77},{"type":"A","date":"2018-03-29T05:52:42.000Z","volume":2000,"label":" ","price":0.76},{"type":"A","date":"2018-03-29T05:53:10.000Z","volume":2000,"label":" ","price":0.76},{"type":"A","date":"2018-03-29T06:01:16.000Z","volume":2000,"label":" ","price":0.76},{"type":"A","date":"2018-03-29T06:17:19.000Z","volume":2000,"label":" ","price":0.76},{"type":"A","date":"2018-03-29T06:28:00.000Z","volume":2000,"label":" ","price":0.76},{"type":"A","date":"2018-03-29T06:35:49.000Z","volume":2000,"label":" ","price":0.76},{"type":"A","date":"2018-03-29T06:48:30.000Z","volume":2000,"label":" ","price":0.76},{"type":"A","date":"2018-03-29T06:50:18.000Z","volume":2000,"label":" ","price":0.76},{"type":"A","date":"2018-03-29T07:00:50.000Z","volume":2000,"label":" ","price":0.76},{"type":"A","date":"2018-03-29T07:05:07.000Z","volume":6000,"label":" ","price":0.76},{"type":"A","date":"2018-03-29T07:07:12.000Z","volume":6000,"label":" ","price":0.76},{"type":"B","date":"2018-03-29T07:07:12.000Z","volume":4000,"label":" ","price":0.76},{"type":"A","date":"2018-03-29T07:07:25.000Z","volume":2000,"label":" ","price":0.77},{"type":"A","date":"2018-03-29T07:07:38.000Z","volume":2000,"label":" ","price":0.77},{"type":"A","date":"2018-03-29T07:11:30.000Z","volume":12000,"label":" ","price":0.76},{"type":"B","date":"2018-03-29T07:11:36.000Z","volume":8000,"label":" ","price":0.76},{"type":"A","date":"2018-03-29T07:11:49.000Z","volume":2000,"label":" ","price":0.76},{"type":"A","date":"2018-03-29T07:11:49.000Z","volume":2000,"label":" ","price":0.77},{"type":"B","date":"2018-03-29T07:19:04.000Z","volume":24000,"label":" ","price":0.76},{"type":"A","date":"2018-03-29T07:30:39.000Z","volume":2000,"label":" ","price":0.77},{"type":"A","date":"2018-03-29T07:37:09.000Z","volume":2000,"label":" ","price":0.77},{"type":"A","date":"2018-03-29T07:43:39.000Z","volume":2000,"label":" ","price":0.77},{"type":"A","date":"2018-03-29T07:50:09.000Z","volume":2000,"label":" ","price":0.77},{"type":"A","date":"2018-03-29T07:55:40.000Z","volume":2000,"label":" ","price":0.77},{"type":"A","date":"2018-03-29T07:59:15.000Z","volume":2000,"label":" ","price":0.77},{"type":"A","date":"2018-03-29T07:59:29.000Z","volume":2000,"label":" ","price":0.77},{"type":"A","date":"2018-03-29T07:59:53.000Z","volume":2000,"label":" ","price":0.77}]