[{"type":"U","date":"2018-04-03T01:20:00.000Z","volume":1626000,"label":"U","price":0.044},{"type":"B","date":"2018-04-03T01:30:00.000Z","volume":96000,"label":" ","price":0.043},{"type":"B","date":"2018-04-03T01:30:03.000Z","volume":220000,"label":" ","price":0.043},{"type":"B","date":"2018-04-03T01:30:03.000Z","volume":1224000,"label":" ","price":0.042},{"type":"A","date":"2018-04-03T01:30:04.000Z","volume":500000,"label":" ","price":0.042},{"type":"A","date":"2018-04-03T01:30:05.000Z","volume":1000000,"label":" ","price":0.042},{"type":"A","date":"2018-04-03T01:30:16.000Z","volume":400000,"label":" ","price":0.042},{"type":"A","date":"2018-04-03T01:30:19.000Z","volume":10000,"label":" ","price":0.042},{"type":"A","date":"2018-04-03T01:30:23.000Z","volume":118000,"label":" ","price":0.042},{"type":"A","date":"2018-04-03T01:30:28.000Z","volume":100000,"label":" ","price":0.042},{"type":"A","date":"2018-04-03T01:30:43.000Z","volume":450000,"label":" ","price":0.042},{"type":"A","date":"2018-04-03T01:30:52.000Z","volume":500000,"label":" ","price":0.042},{"type":"A","date":"2018-04-03T01:30:58.000Z","volume":86000,"label":" ","price":0.042},{"type":"B","date":"2018-04-03T01:31:13.000Z","volume":550000,"label":" ","price":0.042},{"type":"B","date":"2018-04-03T01:32:15.000Z","volume":450000,"label":" ","price":0.042},{"type":"B","date":"2018-04-03T01:33:14.000Z","volume":800000,"label":" ","price":0.042},{"type":"B","date":"2018-04-03T01:34:39.000Z","volume":200000,"label":" ","price":0.042},{"type":"A","date":"2018-04-03T01:36:16.000Z","volume":2000,"label":" ","price":0.043},{"type":"A","date":"2018-04-03T01:39:11.000Z","volume":260000,"label":" ","price":0.043},{"type":"A","date":"2018-04-03T01:39:16.000Z","volume":2000,"label":" ","price":0.043},{"type":"B","date":"2018-04-03T01:39:45.000Z","volume":70000,"label":" ","price":0.042},{"type":"A","date":"2018-04-03T01:39:46.000Z","volume":2000,"label":" ","price":0.043},{"type":"A","date":"2018-04-03T01:40:16.000Z","volume":2000,"label":" ","price":0.043},{"type":"A","date":"2018-04-03T01:40:46.000Z","volume":2000,"label":" ","price":0.043},{"type":"A","date":"2018-04-03T01:41:16.000Z","volume":4000,"label":" ","price":0.043},{"type":"A","date":"2018-04-03T01:43:05.000Z","volume":300000,"label":" ","price":0.043},{"type":"A","date":"2018-04-03T01:43:16.000Z","volume":10000,"label":" ","price":0.043},{"type":"A","date":"2018-04-03T01:44:12.000Z","volume":6000,"label":" ","price":0.043},{"type":"A","date":"2018-04-03T01:44:16.000Z","volume":2000,"label":" ","price":0.043},{"type":"A","date":"2018-04-03T01:44:40.000Z","volume":302000,"label":" ","price":0.043},{"type":"A","date":"2018-04-03T01:44:46.000Z","volume":100000,"label":" ","price":0.043},{"type":"A","date":"2018-04-03T01:46:28.000Z","volume":70000,"label":" ","price":0.043},{"type":"B","date":"2018-04-03T01:50:56.000Z","volume":518000,"label":" ","price":0.042},{"type":"B","date":"2018-04-03T01:51:37.000Z","volume":2000000,"label":" ","price":0.042},{"type":"B","date":"2018-04-03T01:51:51.000Z","volume":1000000,"label":" ","price":0.042},{"type":"B","date":"2018-04-03T01:54:18.000Z","volume":176000,"label":" ","price":0.042},{"type":"B","date":"2018-04-03T01:55:22.000Z","volume":400000,"label":" ","price":0.042},{"type":"A","date":"2018-04-03T01:57:00.000Z","volume":2000000,"label":" ","price":0.043},{"type":"B","date":"2018-04-03T02:02:53.000Z","volume":60000,"label":" ","price":0.042},{"type":"A","date":"2018-04-03T02:05:10.000Z","volume":850000,"label":" ","price":0.043},{"type":"A","date":"2018-04-03T02:13:54.000Z","volume":200000,"label":" ","price":0.043},{"type":"B","date":"2018-04-03T02:16:44.000Z","volume":90000,"label":" ","price":0.042},{"type":"B","date":"2018-04-03T02:18:22.000Z","volume":400000,"label":" ","price":0.042},{"type":"B","date":"2018-04-03T02:19:28.000Z","volume":34000,"label":" ","price":0.042},{"type":"B","date":"2018-04-03T02:20:48.000Z","volume":1878000,"label":" ","price":0.042},{"type":"A","date":"2018-04-03T02:21:02.000Z","volume":122000,"label":" ","price":0.042},{"type":"B","date":"2018-04-03T02:33:56.000Z","volume":98000,"label":" ","price":0.042},{"type":"A","date":"2018-04-03T02:34:14.000Z","volume":652000,"label":" ","price":0.042},{"type":"B","date":"2018-04-03T02:44:46.000Z","volume":300000,"label":" ","price":0.042},{"type":"B","date":"2018-04-03T02:47:24.000Z","volume":50000,"label":" ","price":0.042},{"type":"B","date":"2018-04-03T02:48:41.000Z","volume":300000,"label":" ","price":0.042},{"type":"A","date":"2018-04-03T02:52:28.000Z","volume":2000,"label":" ","price":0.043},{"type":"A","date":"2018-04-03T02:57:44.000Z","volume":200000,"label":" ","price":0.043},{"type":"A","date":"2018-04-03T02:58:22.000Z","volume":200000,"label":" ","price":0.043},{"type":"A","date":"2018-04-03T03:00:45.000Z","volume":136000,"label":" ","price":0.043},{"type":"B","date":"2018-04-03T03:08:08.000Z","volume":532000,"label":" ","price":0.042},{"type":"A","date":"2018-04-03T03:08:24.000Z","volume":2000,"label":" ","price":0.043},{"type":"B","date":"2018-04-03T03:09:28.000Z","volume":400000,"label":" ","price":0.042},{"type":"A","date":"2018-04-03T03:09:45.000Z","volume":2000,"label":" ","price":0.043},{"type":"B","date":"2018-04-03T03:10:34.000Z","volume":400000,"label":" ","price":0.042},{"type":"A","date":"2018-04-03T03:10:44.000Z","volume":2000,"label":" ","price":0.043},{"type":"A","date":"2018-04-03T03:26:09.000Z","volume":20000,"label":" ","price":0.043},{"type":"A","date":"2018-04-03T03:26:30.000Z","volume":130000,"label":" ","price":0.043},{"type":"A","date":"2018-04-03T03:43:10.000Z","volume":2000000,"label":" ","price":0.043},{"type":"A","date":"2018-04-03T03:44:48.000Z","volume":3000000,"label":" ","price":0.043},{"type":"A","date":"2018-04-03T03:45:05.000Z","volume":4000,"label":" ","price":0.043},{"type":"A","date":"2018-04-03T03:46:35.000Z","volume":120000,"label":" ","price":0.043},{"type":"B","date":"2018-04-03T03:47:33.000Z","volume":484000,"label":" ","price":0.043},{"type":"B","date":"2018-04-03T03:47:43.000Z","volume":2000,"label":" ","price":0.042},{"type":"A","date":"2018-04-03T03:50:47.000Z","volume":3000000,"label":" ","price":0.043},{"type":"A","date":"2018-04-03T03:51:13.000Z","volume":18000,"label":" ","price":0.043},{"type":"B","date":"2018-04-03T03:51:47.000Z","volume":2000,"label":" ","price":0.042},{"type":"A","date":"2018-04-03T03:54:25.000Z","volume":2000000,"label":" ","price":0.043},{"type":"A","date":"2018-04-03T03:55:21.000Z","volume":500000,"label":" ","price":0.044},{"type":"B","date":"2018-04-03T03:55:35.000Z","volume":2000,"label":" ","price":0.043},{"type":"B","date":"2018-04-03T03:56:53.000Z","volume":98000,"label":" ","price":0.043},{"type":"A","date":"2018-04-03T05:00:00.000Z","volume":700000,"label":" ","price":0.043},{"type":"A","date":"2018-04-03T05:00:04.000Z","volume":90000,"label":" ","price":0.043},{"type":"A","date":"2018-04-03T05:00:11.000Z","volume":1000000,"label":" ","price":0.043},{"type":"B","date":"2018-04-03T05:02:48.000Z","volume":48000,"label":" ","price":0.042},{"type":"A","date":"2018-04-03T05:22:55.000Z","volume":30000,"label":" ","price":0.043},{"type":"B","date":"2018-04-03T05:24:01.000Z","volume":210000,"label":" ","price":0.042},{"type":"B","date":"2018-04-03T05:24:10.000Z","volume":800000,"label":" ","price":0.042},{"type":"B","date":"2018-04-03T05:26:22.000Z","volume":370000,"label":" ","price":0.042},{"type":"A","date":"2018-04-03T05:26:43.000Z","volume":2000,"label":" ","price":0.043},{"type":"A","date":"2018-04-03T05:40:51.000Z","volume":40000,"label":" ","price":0.043},{"type":"A","date":"2018-04-03T05:46:46.000Z","volume":400000,"label":" ","price":0.043},{"type":"B","date":"2018-04-03T06:00:35.000Z","volume":6000,"label":" ","price":0.042},{"type":"A","date":"2018-04-03T06:01:17.000Z","volume":2000,"label":" ","price":0.043},{"type":"B","date":"2018-04-03T06:04:02.000Z","volume":20000,"label":" ","price":0.042},{"type":"A","date":"2018-04-03T06:04:10.000Z","volume":2000,"label":" ","price":0.043},{"type":"A","date":"2018-04-03T06:10:33.000Z","volume":250000,"label":" ","price":0.043},{"type":"A","date":"2018-04-03T06:25:56.000Z","volume":200000,"label":" ","price":0.043},{"type":"A","date":"2018-04-03T06:42:30.000Z","volume":100000,"label":" ","price":0.043},{"type":"A","date":"2018-04-03T06:46:26.000Z","volume":800000,"label":" ","price":0.043},{"type":"A","date":"2018-04-03T06:47:40.000Z","volume":1000000,"label":" ","price":0.043},{"type":"A","date":"2018-04-03T06:52:35.000Z","volume":6000000,"label":" ","price":0.043},{"type":"A","date":"2018-04-03T06:52:35.000Z","volume":190000,"label":" ","price":0.043},{"type":"B","date":"2018-04-03T06:56:24.000Z","volume":400000,"label":" ","price":0.043},{"type":"B","date":"2018-04-03T06:56:56.000Z","volume":2000,"label":" ","price":0.042},{"type":"A","date":"2018-04-03T06:57:20.000Z","volume":500000,"label":" ","price":0.043},{"type":"B","date":"2018-04-03T06:57:34.000Z","volume":2000,"label":" ","price":0.042},{"type":"A","date":"2018-04-03T07:29:56.000Z","volume":300000,"label":" ","price":0.043},{"type":"A","date":"2018-04-03T07:32:03.000Z","volume":500000,"label":" ","price":0.043},{"type":"B","date":"2018-04-03T07:33:11.000Z","volume":2000,"label":" ","price":0.042},{"type":"U","date":"2018-04-03T07:43:13.000Z","volume":50000,"label":"X","price":0.042},{"type":"B","date":"2018-04-03T07:44:47.000Z","volume":370000,"label":" ","price":0.042},{"type":"A","date":"2018-04-03T07:51:08.000Z","volume":120000,"label":"Y","price":0.043},{"type":"A","date":"2018-04-03T07:51:08.000Z","volume":1478000,"label":" ","price":0.043},{"type":"B","date":"2018-04-03T07:51:26.000Z","volume":2000,"label":" ","price":0.042},{"type":"B","date":"2018-04-03T07:51:45.000Z","volume":2000,"label":" ","price":0.043},{"type":"B","date":"2018-04-03T07:52:26.000Z","volume":104000,"label":" ","price":0.043},{"type":"B","date":"2018-04-03T07:52:41.000Z","volume":2000,"label":" ","price":0.042},{"type":"A","date":"2018-04-03T07:53:48.000Z","volume":300000,"label":" ","price":0.043},{"type":"B","date":"2018-04-03T07:54:04.000Z","volume":2000,"label":" ","price":0.042},{"type":"A","date":"2018-04-03T07:54:16.000Z","volume":2600000,"label":" ","price":0.043},{"type":"B","date":"2018-04-03T07:54:30.000Z","volume":2000,"label":" ","price":0.042},{"type":"A","date":"2018-04-03T07:56:39.000Z","volume":90000,"label":" ","price":0.043},{"type":"B","date":"2018-04-03T07:56:53.000Z","volume":2000,"label":" ","price":0.042},{"type":"B","date":"2018-04-03T07:57:05.000Z","volume":500000,"label":" ","price":0.042}]