[{"type":"U","date":"2018-04-19T01:00:00.000Z","volume":144422,"label":"P","price":6.698},{"type":"U","date":"2018-04-19T01:00:00.000Z","volume":49578,"label":"P","price":6.697},{"type":"U","date":"2018-04-19T01:02:16.000Z","volume":232000,"label":"P","price":6.69},{"type":"U","date":"2018-04-19T01:20:00.000Z","volume":1968000,"label":"U","price":6.76},{"type":"B","date":"2018-04-19T01:30:00.000Z","volume":1000,"label":" ","price":6.75},{"type":"A","date":"2018-04-19T01:30:00.000Z","volume":41000,"label":" ","price":6.75},{"type":"B","date":"2018-04-19T01:30:01.000Z","volume":20000,"label":" ","price":6.74},{"type":"A","date":"2018-04-19T01:30:01.000Z","volume":235000,"label":" ","price":6.75},{"type":"A","date":"2018-04-19T01:30:01.000Z","volume":50000,"label":" ","price":6.75},{"type":"A","date":"2018-04-19T01:30:01.000Z","volume":10000,"label":" ","price":6.75},{"type":"A","date":"2018-04-19T01:30:02.000Z","volume":2000,"label":" ","price":6.75},{"type":"A","date":"2018-04-19T01:30:02.000Z","volume":63000,"label":" ","price":6.75},{"type":"A","date":"2018-04-19T01:30:02.000Z","volume":57000,"label":" ","price":6.75},{"type":"U","date":"2018-04-19T01:30:03.000Z","volume":6000,"label":"X","price":6.745},{"type":"B","date":"2018-04-19T01:30:03.000Z","volume":16000,"label":" ","price":6.74},{"type":"A","date":"2018-04-19T01:30:03.000Z","volume":2000,"label":" ","price":6.75},{"type":"A","date":"2018-04-19T01:30:03.000Z","volume":25000,"label":" ","price":6.75},{"type":"A","date":"2018-04-19T01:30:04.000Z","volume":3000,"label":" ","price":6.75},{"type":"A","date":"2018-04-19T01:30:04.000Z","volume":2000,"label":" ","price":6.75},{"type":"U","date":"2018-04-19T01:30:04.000Z","volume":2000,"label":"X","price":6.745},{"type":"U","date":"2018-04-19T01:30:04.000Z","volume":9000,"label":"X","price":6.745},{"type":"A","date":"2018-04-19T01:30:04.000Z","volume":1000,"label":" ","price":6.75},{"type":"A","date":"2018-04-19T01:30:04.000Z","volume":1000,"label":" ","price":6.75},{"type":"B","date":"2018-04-19T01:30:05.000Z","volume":6000,"label":" ","price":6.74},{"type":"A","date":"2018-04-19T01:30:06.000Z","volume":32000,"label":" ","price":6.75},{"type":"A","date":"2018-04-19T01:30:06.000Z","volume":21000,"label":" ","price":6.75},{"type":"U","date":"2018-04-19T01:30:06.000Z","volume":9000,"label":"X","price":6.745},{"type":"A","date":"2018-04-19T01:30:06.000Z","volume":7000,"label":" ","price":6.75},{"type":"B","date":"2018-04-19T01:30:08.000Z","volume":10000,"label":" ","price":6.74},{"type":"A","date":"2018-04-19T01:30:08.000Z","volume":2000,"label":" ","price":6.75},{"type":"B","date":"2018-04-19T01:30:09.000Z","volume":170000,"label":" ","price":6.74},{"type":"B","date":"2018-04-19T01:30:09.000Z","volume":191000,"label":" ","price":6.74},{"type":"A","date":"2018-04-19T01:30:09.000Z","volume":10000,"label":" ","price":6.75},{"type":"A","date":"2018-04-19T01:30:09.000Z","volume":9000,"label":" ","price":6.75},{"type":"A","date":"2018-04-19T01:30:09.000Z","volume":2000,"label":" ","price":6.75},{"type":"B","date":"2018-04-19T01:30:11.000Z","volume":10000,"label":" ","price":6.73},{"type":"B","date":"2018-04-19T01:30:11.000Z","volume":2000,"label":" ","price":6.73},{"type":"A","date":"2018-04-19T01:30:11.000Z","volume":4000,"label":" ","price":6.74},{"type":"B","date":"2018-04-19T01:30:11.000Z","volume":71000,"label":" ","price":6.73},{"type":"B","date":"2018-04-19T01:30:12.000Z","volume":52000,"label":" ","price":6.73},{"type":"B","date":"2018-04-19T01:30:12.000Z","volume":10000,"label":" ","price":6.73},{"type":"A","date":"2018-04-19T01:30:12.000Z","volume":5000,"label":" ","price":6.74},{"type":"B","date":"2018-04-19T01:30:12.000Z","volume":12000,"label":" ","price":6.73},{"type":"B","date":"2018-04-19T01:30:12.000Z","volume":5000,"label":" ","price":6.73},{"type":"B","date":"2018-04-19T01:30:13.000Z","volume":1000,"label":" ","price":6.73},{"type":"B","date":"2018-04-19T01:30:14.000Z","volume":1000,"label":" ","price":6.73},{"type":"B","date":"2018-04-19T01:30:15.000Z","volume":1000,"label":" ","price":6.73},{"type":"A","date":"2018-04-19T01:30:16.000Z","volume":8000,"label":"Y","price":6.74},{"type":"B","date":"2018-04-19T01:30:19.000Z","volume":16000,"label":" ","price":6.73},{"type":"B","date":"2018-04-19T01:30:20.000Z","volume":1000,"label":" ","price":6.73},{"type":"B","date":"2018-04-19T01:30:22.000Z","volume":4000,"label":" ","price":6.73},{"type":"A","date":"2018-04-19T01:30:25.000Z","volume":302000,"label":" ","price":6.74},{"type":"A","date":"2018-04-19T01:30:25.000Z","volume":10000,"label":" ","price":6.75},{"type":"B","date":"2018-04-19T01:30:25.000Z","volume":1000,"label":" ","price":6.74},{"type":"B","date":"2018-04-19T01:30:26.000Z","volume":2000,"label":" ","price":6.74},{"type":"B","date":"2018-04-19T01:30:27.000Z","volume":50000,"label":" ","price":6.74},{"type":"A","date":"2018-04-19T01:30:31.000Z","volume":12000,"label":" ","price":6.75},{"type":"U","date":"2018-04-19T01:30:34.000Z","volume":464,"label":"D","price":6.66},{"type":"A","date":"2018-04-19T01:30:35.000Z","volume":30000,"label":" ","price":6.75},{"type":"U","date":"2018-04-19T01:30:35.000Z","volume":5000,"label":"X","price":6.745},{"type":"A","date":"2018-04-19T01:30:35.000Z","volume":2000,"label":" ","price":6.75},{"type":"B","date":"2018-04-19T01:30:40.000Z","volume":2000,"label":" ","price":6.74},{"type":"U","date":"2018-04-19T01:30:41.000Z","volume":12000,"label":"X","price":6.745},{"type":"B","date":"2018-04-19T01:30:46.000Z","volume":6000,"label":" ","price":6.74},{"type":"B","date":"2018-04-19T01:30:46.000Z","volume":26000,"label":" ","price":6.74},{"type":"B","date":"2018-04-19T01:30:47.000Z","volume":10000,"label":" ","price":6.74},{"type":"B","date":"2018-04-19T01:30:47.000Z","volume":4000,"label":" ","price":6.74},{"type":"B","date":"2018-04-19T01:30:48.000Z","volume":63000,"label":" ","price":6.74},{"type":"B","date":"2018-04-19T01:30:48.000Z","volume":4000,"label":" ","price":6.74},{"type":"B","date":"2018-04-19T01:30:49.000Z","volume":1000,"label":" ","price":6.73},{"type":"B","date":"2018-04-19T01:30:57.000Z","volume":19000,"label":" ","price":6.73},{"type":"B","date":"2018-04-19T01:31:01.000Z","volume":503000,"label":" ","price":6.73},{"type":"B","date":"2018-04-19T01:31:01.000Z","volume":26000,"label":" ","price":6.73},{"type":"B","date":"2018-04-19T01:31:01.000Z","volume":42000,"label":" ","price":6.73},{"type":"B","date":"2018-04-19T01:31:01.000Z","volume":7000,"label":" ","price":6.73},{"type":"B","date":"2018-04-19T01:31:01.000Z","volume":4000,"label":" ","price":6.73},{"type":"A","date":"2018-04-19T01:31:01.000Z","volume":2000,"label":" ","price":6.73},{"type":"A","date":"2018-04-19T01:31:03.000Z","volume":3000,"label":" ","price":6.73},{"type":"A","date":"2018-04-19T01:31:07.000Z","volume":100000,"label":" ","price":6.73},{"type":"A","date":"2018-04-19T01:31:07.000Z","volume":5000,"label":"Y","price":6.73},{"type":"B","date":"2018-04-19T01:31:22.000Z","volume":40000,"label":" ","price":6.72},{"type":"B","date":"2018-04-19T01:31:24.000Z","volume":8000,"label":" ","price":6.72},{"type":"B","date":"2018-04-19T01:31:24.000Z","volume":2000,"label":" ","price":6.72},{"type":"B","date":"2018-04-19T01:31:26.000Z","volume":1000,"label":" ","price":6.72},{"type":"A","date":"2018-04-19T01:31:29.000Z","volume":4000,"label":" ","price":6.73},{"type":"B","date":"2018-04-19T01:31:33.000Z","volume":9000,"label":" ","price":6.72},{"type":"A","date":"2018-04-19T01:31:36.000Z","volume":15000,"label":" ","price":6.73},{"type":"B","date":"2018-04-19T01:31:39.000Z","volume":2000,"label":" ","price":6.72},{"type":"A","date":"2018-04-19T01:31:41.000Z","volume":14000,"label":" ","price":6.73},{"type":"A","date":"2018-04-19T01:31:42.000Z","volume":2000,"label":" ","price":6.73},{"type":"B","date":"2018-04-19T01:31:43.000Z","volume":8000,"label":" ","price":6.72},{"type":"A","date":"2018-04-19T01:31:44.000Z","volume":6000,"label":" ","price":6.73},{"type":"B","date":"2018-04-19T01:31:44.000Z","volume":1000,"label":" ","price":6.72},{"type":"A","date":"2018-04-19T01:31:48.000Z","volume":17000,"label":" ","price":6.73},{"type":"A","date":"2018-04-19T01:31:52.000Z","volume":17000,"label":" ","price":6.73},{"type":"B","date":"2018-04-19T01:31:52.000Z","volume":9000,"label":" ","price":6.72},{"type":"A","date":"2018-04-19T01:31:52.000Z","volume":2000,"label":" ","price":6.73},{"type":"A","date":"2018-04-19T01:31:54.000Z","volume":5000,"label":" ","price":6.73},{"type":"B","date":"2018-04-19T01:31:59.000Z","volume":15000,"label":" ","price":6.72},{"type":"A","date":"2018-04-19T01:31:59.000Z","volume":23000,"label":" ","price":6.73},{"type":"A","date":"2018-04-19T01:31:59.000Z","volume":2000,"label":" ","price":6.73},{"type":"A","date":"2018-04-19T01:32:01.000Z","volume":29000,"label":"Y","price":6.73},{"type":"A","date":"2018-04-19T01:32:01.000Z","volume":18000,"label":" ","price":6.73},{"type":"A","date":"2018-04-19T01:32:01.000Z","volume":2000,"label":" ","price":6.73},{"type":"A","date":"2018-04-19T01:32:03.000Z","volume":2000,"label":"Y","price":6.73},{"type":"A","date":"2018-04-19T01:32:04.000Z","volume":16000,"label":" ","price":6.73},{"type":"A","date":"2018-04-19T01:32:11.000Z","volume":94000,"label":" ","price":6.73},{"type":"A","date":"2018-04-19T01:32:11.000Z","volume":139000,"label":" ","price":6.73},{"type":"A","date":"2018-04-19T01:32:11.000Z","volume":13000,"label":" ","price":6.74},{"type":"A","date":"2018-04-19T01:32:11.000Z","volume":3000,"label":" ","price":6.73},{"type":"A","date":"2018-04-19T01:32:11.000Z","volume":20000,"label":" ","price":6.73},{"type":"B","date":"2018-04-19T01:32:12.000Z","volume":90000,"label":" ","price":6.73},{"type":"B","date":"2018-04-19T01:32:12.000Z","volume":4000,"label":" ","price":6.73},{"type":"B","date":"2018-04-19T01:32:15.000Z","volume":1000,"label":" ","price":6.73},{"type":"B","date":"2018-04-19T01:32:20.000Z","volume":121000,"label":" ","price":6.73},{"type":"B","date":"2018-04-19T01:32:20.000Z","volume":78000,"label":" ","price":6.73},{"type":"B","date":"2018-04-19T01:32:20.000Z","volume":1000,"label":" ","price":6.73},{"type":"B","date":"2018-04-19T01:32:20.000Z","volume":11000,"label":" ","price":6.73},{"type":"B","date":"2018-04-19T01:32:21.000Z","volume":66000,"label":"Y","price":6.72},{"type":"B","date":"2018-04-19T01:32:21.000Z","volume":4000,"label":" ","price":6.72},{"type":"A","date":"2018-04-19T01:32:25.000Z","volume":35000,"label":" ","price":6.73},{"type":"A","date":"2018-04-19T01:32:25.000Z","volume":2000,"label":" ","price":6.73},{"type":"B","date":"2018-04-19T01:32:28.000Z","volume":13000,"label":" ","price":6.72},{"type":"A","date":"2018-04-19T01:32:29.000Z","volume":12000,"label":" ","price":6.73},{"type":"A","date":"2018-04-19T01:32:29.000Z","volume":2000,"label":" ","price":6.73},{"type":"A","date":"2018-04-19T01:32:30.000Z","volume":94000,"label":" ","price":6.73},{"type":"B","date":"2018-04-19T01:32:30.000Z","volume":30000,"label":" ","price":6.73},{"type":"B","date":"2018-04-19T01:32:30.000Z","volume":6000,"label":" ","price":6.72},{"type":"U","date":"2018-04-19T01:32:33.000Z","volume":3000,"label":" ","price":6.73},{"type":"A","date":"2018-04-19T01:32:33.000Z","volume":1000,"label":" ","price":6.73},{"type":"A","date":"2018-04-19T01:32:33.000Z","volume":21000,"label":" ","price":6.73},{"type":"B","date":"2018-04-19T01:32:33.000Z","volume":1000,"label":" ","price":6.72},{"type":"A","date":"2018-04-19T01:32:34.000Z","volume":67000,"label":" ","price":6.73},{"type":"A","date":"2018-04-19T01:32:34.000Z","volume":9000,"label":" ","price":6.73},{"type":"B","date":"2018-04-19T01:32:36.000Z","volume":32000,"label":" ","price":6.73},{"type":"B","date":"2018-04-19T01:32:37.000Z","volume":1000,"label":" ","price":6.73},{"type":"A","date":"2018-04-19T01:32:37.000Z","volume":9000,"label":" ","price":6.74},{"type":"B","date":"2018-04-19T01:32:39.000Z","volume":4000,"label":" ","price":6.72},{"type":"A","date":"2018-04-19T01:32:41.000Z","volume":7000,"label":" ","price":6.73},{"type":"B","date":"2018-04-19T01:32:44.000Z","volume":2000,"label":" ","price":6.73},{"type":"B","date":"2018-04-19T01:32:47.000Z","volume":75000,"label":" ","price":6.73},{"type":"B","date":"2018-04-19T01:32:48.000Z","volume":75000,"label":" ","price":6.73},{"type":"B","date":"2018-04-19T01:32:48.000Z","volume":48000,"label":" ","price":6.73},{"type":"B","date":"2018-04-19T01:32:48.000Z","volume":10000,"label":" ","price":6.73},{"type":"B","date":"2018-04-19T01:32:48.000Z","volume":76000,"label":" ","price":6.73},{"type":"B","date":"2018-04-19T01:32:48.000Z","volume":5000,"label":" ","price":6.73},{"type":"B","date":"2018-04-19T01:32:49.000Z","volume":66000,"label":" ","price":6.72},{"type":"B","date":"2018-04-19T01:32:53.000Z","volume":30000,"label":" ","price":6.72},{"type":"A","date":"2018-04-19T01:32:54.000Z","volume":14000,"label":" ","price":6.73},{"type":"B","date":"2018-04-19T01:32:56.000Z","volume":5000,"label":" ","price":6.73},{"type":"B","date":"2018-04-19T01:32:56.000Z","volume":20000,"label":" ","price":6.73},{"type":"B","date":"2018-04-19T01:32:57.000Z","volume":20000,"label":" ","price":6.73},{"type":"B","date":"2018-04-19T01:32:59.000Z","volume":13000,"label":" ","price":6.73},{"type":"A","date":"2018-04-19T01:33:02.000Z","volume":1000,"label":" ","price":6.74},{"type":"A","date":"2018-04-19T01:33:18.000Z","volume":6000,"label":"Y","price":6.74},{"type":"A","date":"2018-04-19T01:33:18.000Z","volume":9000,"label":" ","price":6.74},{"type":"A","date":"2018-04-19T01:33:18.000Z","volume":2000,"label":" ","price":6.74},{"type":"B","date":"2018-04-19T01:33:21.000Z","volume":6000,"label":" ","price":6.73},{"type":"A","date":"2018-04-19T01:33:31.000Z","volume":10000,"label":"Y","price":6.74},{"type":"A","date":"2018-04-19T01:33:31.000Z","volume":14000,"label":" ","price":6.74},{"type":"B","date":"2018-04-19T01:33:33.000Z","volume":7000,"label":" ","price":6.73},{"type":"B","date":"2018-04-19T01:33:34.000Z","volume":11000,"label":" ","price":6.73},{"type":"B","date":"2018-04-19T01:33:36.000Z","volume":2000,"label":" ","price":6.73},{"type":"B","date":"2018-04-19T01:33:36.000Z","volume":20000,"label":" ","price":6.73},{"type":"B","date":"2018-04-19T01:33:37.000Z","volume":7000,"label":" ","price":6.73},{"type":"A","date":"2018-04-19T01:33:39.000Z","volume":14000,"label":" ","price":6.74},{"type":"A","date":"2018-04-19T01:33:39.000Z","volume":2000,"label":" ","price":6.74},{"type":"B","date":"2018-04-19T01:33:40.000Z","volume":5000,"label":" ","price":6.73},{"type":"A","date":"2018-04-19T01:33:41.000Z","volume":71000,"label":" ","price":6.74},{"type":"B","date":"2018-04-19T01:33:43.000Z","volume":24000,"label":" ","price":6.73},{"type":"B","date":"2018-04-19T01:33:45.000Z","volume":5000,"label":" ","price":6.73},{"type":"A","date":"2018-04-19T01:33:45.000Z","volume":4000,"label":" ","price":6.74},{"type":"B","date":"2018-04-19T01:33:47.000Z","volume":3000,"label":" ","price":6.73},{"type":"B","date":"2018-04-19T01:33:55.000Z","volume":6000,"label":" ","price":6.73},{"type":"B","date":"2018-04-19T01:33:56.000Z","volume":2000,"label":" ","price":6.73},{"type":"A","date":"2018-04-19T01:34:01.000Z","volume":101000,"label":" ","price":6.74},{"type":"A","date":"2018-04-19T01:34:01.000Z","volume":124000,"label":" ","price":6.74},{"type":"A","date":"2018-04-19T01:34:01.000Z","volume":12000,"label":" ","price":6.75},{"type":"B","date":"2018-04-19T01:34:02.000Z","volume":79000,"label":" ","price":6.74},{"type":"B","date":"2018-04-19T01:34:16.000Z","volume":30000,"label":" ","price":6.74},{"type":"B","date":"2018-04-19T01:34:17.000Z","volume":10000,"label":" ","price":6.74},{"type":"U","date":"2018-04-19T01:34:17.000Z","volume":14000,"label":"X","price":6.745},{"type":"A","date":"2018-04-19T01:34:32.000Z","volume":49000,"label":" ","price":6.75},{"type":"U","date":"2018-04-19T01:34:33.000Z","volume":3000,"label":"X","price":6.745},{"type":"U","date":"2018-04-19T01:34:33.000Z","volume":1000,"label":"X","price":6.745},{"type":"U","date":"2018-04-19T01:34:33.000Z","volume":9000,"label":"X","price":6.745},{"type":"A","date":"2018-04-19T01:34:33.000Z","volume":2000,"label":" ","price":6.75},{"type":"B","date":"2018-04-19T01:34:35.000Z","volume":5000,"label":" ","price":6.74},{"type":"B","date":"2018-04-19T01:34:35.000Z","volume":19000,"label":" ","price":6.74},{"type":"A","date":"2018-04-19T01:34:38.000Z","volume":83000,"label":" ","price":6.75},{"type":"A","date":"2018-04-19T01:34:38.000Z","volume":4000,"label":" ","price":6.75},{"type":"B","date":"2018-04-19T01:34:39.000Z","volume":29000,"label":" ","price":6.74},{"type":"A","date":"2018-04-19T01:34:40.000Z","volume":1000,"label":" ","price":6.75},{"type":"U","date":"2018-04-19T01:34:41.000Z","volume":5000,"label":"X","price":6.745},{"type":"A","date":"2018-04-19T01:34:47.000Z","volume":24000,"label":" ","price":6.75},{"type":"A","date":"2018-04-19T01:34:47.000Z","volume":2000,"label":" ","price":6.75},{"type":"B","date":"2018-04-19T01:34:48.000Z","volume":8000,"label":" ","price":6.74},{"type":"A","date":"2018-04-19T01:34:48.000Z","volume":2000,"label":"Y","price":6.75},{"type":"A","date":"2018-04-19T01:34:48.000Z","volume":12000,"label":" ","price":6.75},{"type":"B","date":"2018-04-19T01:34:51.000Z","volume":5000,"label":" ","price":6.74},{"type":"U","date":"2018-04-19T01:34:52.000Z","volume":5000,"label":"X","price":6.745},{"type":"A","date":"2018-04-19T01:34:52.000Z","volume":148000,"label":" ","price":6.75},{"type":"B","date":"2018-04-19T01:34:54.000Z","volume":50000,"label":" ","price":6.75},{"type":"B","date":"2018-04-19T01:34:59.000Z","volume":4000,"label":" ","price":6.75},{"type":"B","date":"2018-04-19T01:35:00.000Z","volume":1000,"label":" ","price":6.75},{"type":"A","date":"2018-04-19T01:35:02.000Z","volume":2000,"label":" ","price":6.76},{"type":"A","date":"2018-04-19T01:35:03.000Z","volume":36000,"label":" ","price":6.76},{"type":"B","date":"2018-04-19T01:35:04.000Z","volume":13000,"label":" ","price":6.75},{"type":"A","date":"2018-04-19T01:35:04.000Z","volume":3000,"label":" ","price":6.76},{"type":"U","date":"2018-04-19T01:35:06.000Z","volume":12000,"label":"X","price":6.755},{"type":"U","date":"2018-04-19T01:35:16.000Z","volume":5000,"label":"X","price":6.755},{"type":"U","date":"2018-04-19T01:35:21.000Z","volume":1000,"label":"X","price":6.755},{"type":"U","date":"2018-04-19T01:35:31.000Z","volume":4000,"label":"X","price":6.755},{"type":"A","date":"2018-04-19T01:35:39.000Z","volume":1000,"label":" ","price":6.76},{"type":"B","date":"2018-04-19T01:35:39.000Z","volume":20000,"label":" ","price":6.75},{"type":"B","date":"2018-04-19T01:35:40.000Z","volume":8000,"label":" ","price":6.75},{"type":"B","date":"2018-04-19T01:35:41.000Z","volume":10000,"label":" ","price":6.75},{"type":"B","date":"2018-04-19T01:35:42.000Z","volume":3000,"label":" ","price":6.75},{"type":"B","date":"2018-04-19T01:35:43.000Z","volume":1000,"label":" ","price":6.75},{"type":"U","date":"2018-04-19T01:35:52.000Z","volume":4000,"label":"X","price":6.755},{"type":"U","date":"2018-04-19T01:35:52.000Z","volume":8000,"label":"X","price":6.755},{"type":"U","date":"2018-04-19T01:35:52.000Z","volume":1000,"label":"X","price":6.755},{"type":"B","date":"2018-04-19T01:35:56.000Z","volume":5000,"label":" ","price":6.75},{"type":"B","date":"2018-04-19T01:35:59.000Z","volume":2000,"label":" ","price":6.75},{"type":"U","date":"2018-04-19T01:36:00.000Z","volume":14000,"label":"X","price":6.755},{"type":"B","date":"2018-04-19T01:36:02.000Z","volume":10000,"label":" ","price":6.75},{"type":"A","date":"2018-04-19T01:36:02.000Z","volume":2000,"label":" ","price":6.76},{"type":"B","date":"2018-04-19T01:36:03.000Z","volume":4000,"label":" ","price":6.75},{"type":"U","date":"2018-04-19T01:36:04.000Z","volume":3000,"label":"X","price":6.755},{"type":"A","date":"2018-04-19T01:36:13.000Z","volume":70000,"label":" ","price":6.76},{"type":"A","date":"2018-04-19T01:36:13.000Z","volume":2000,"label":" ","price":6.76},{"type":"A","date":"2018-04-19T01:36:16.000Z","volume":2000,"label":" ","price":6.76},{"type":"A","date":"2018-04-19T01:36:16.000Z","volume":4000,"label":" ","price":6.76},{"type":"B","date":"2018-04-19T01:36:16.000Z","volume":24000,"label":" ","price":6.75},{"type":"A","date":"2018-04-19T01:36:19.000Z","volume":14000,"label":" ","price":6.76},{"type":"B","date":"2018-04-19T01:36:19.000Z","volume":7000,"label":" ","price":6.75},{"type":"B","date":"2018-04-19T01:36:30.000Z","volume":10000,"label":" ","price":6.75},{"type":"B","date":"2018-04-19T01:36:31.000Z","volume":1000,"label":" ","price":6.75},{"type":"B","date":"2018-04-19T01:36:31.000Z","volume":3000,"label":" ","price":6.75},{"type":"A","date":"2018-04-19T01:36:32.000Z","volume":87000,"label":" ","price":6.76},{"type":"A","date":"2018-04-19T01:36:32.000Z","volume":3000,"label":" ","price":6.76},{"type":"B","date":"2018-04-19T01:36:33.000Z","volume":10000,"label":" ","price":6.75},{"type":"B","date":"2018-04-19T01:36:34.000Z","volume":34000,"label":" ","price":6.75},{"type":"A","date":"2018-04-19T01:36:35.000Z","volume":2000,"label":" ","price":6.76},{"type":"B","date":"2018-04-19T01:36:41.000Z","volume":10000,"label":" ","price":6.75},{"type":"B","date":"2018-04-19T01:36:42.000Z","volume":4000,"label":" ","price":6.75},{"type":"B","date":"2018-04-19T01:36:43.000Z","volume":4000,"label":" ","price":6.75},{"type":"B","date":"2018-04-19T01:36:43.000Z","volume":1034000,"label":" ","price":6.75},{"type":"B","date":"2018-04-19T01:36:43.000Z","volume":14000,"label":" ","price":6.75},{"type":"B","date":"2018-04-19T01:36:43.000Z","volume":6000,"label":" ","price":6.75},{"type":"A","date":"2018-04-19T01:36:44.000Z","volume":7000,"label":" ","price":6.75},{"type":"B","date":"2018-04-19T01:36:45.000Z","volume":182000,"label":" ","price":6.74},{"type":"B","date":"2018-04-19T01:36:45.000Z","volume":173000,"label":" ","price":6.73},{"type":"B","date":"2018-04-19T01:36:52.000Z","volume":1000,"label":" ","price":6.73},{"type":"U","date":"2018-04-19T01:36:54.000Z","volume":17000,"label":"X","price":6.74},{"type":"B","date":"2018-04-19T01:37:02.000Z","volume":1000,"label":" ","price":6.74},{"type":"B","date":"2018-04-19T01:37:02.000Z","volume":2000,"label":" ","price":6.74},{"type":"A","date":"2018-04-19T01:37:02.000Z","volume":2000,"label":" ","price":6.75},{"type":"B","date":"2018-04-19T01:37:03.000Z","volume":1000,"label":" ","price":6.74},{"type":"B","date":"2018-04-19T01:37:03.000Z","volume":3000,"label":" ","price":6.74},{"type":"B","date":"2018-04-19T01:37:03.000Z","volume":7000,"label":" ","price":6.74},{"type":"B","date":"2018-04-19T01:37:05.000Z","volume":4000,"label":" ","price":6.74},{"type":"U","date":"2018-04-19T01:37:10.000Z","volume":3000,"label":"X","price":6.745},{"type":"U","date":"2018-04-19T01:37:10.000Z","volume":2000,"label":"X","price":6.745},{"type":"U","date":"2018-04-19T01:37:10.000Z","volume":7000,"label":"X","price":6.745},{"type":"U","date":"2018-04-19T01:37:12.000Z","volume":1000,"label":"X","price":6.745},{"type":"U","date":"2018-04-19T01:37:16.000Z","volume":6000,"label":"X","price":6.745},{"type":"A","date":"2018-04-19T01:37:22.000Z","volume":2000,"label":"Y","price":6.75},{"type":"A","date":"2018-04-19T01:37:22.000Z","volume":49000,"label":" ","price":6.75},{"type":"A","date":"2018-04-19T01:37:22.000Z","volume":4000,"label":" ","price":6.75},{"type":"B","date":"2018-04-19T01:37:22.000Z","volume":18000,"label":" ","price":6.74},{"type":"A","date":"2018-04-19T01:37:24.000Z","volume":100000,"label":" ","price":6.75},{"type":"A","date":"2018-04-19T01:37:24.000Z","volume":111000,"label":" ","price":6.75},{"type":"A","date":"2018-04-19T01:37:24.000Z","volume":21000,"label":" ","price":6.75},{"type":"A","date":"2018-04-19T01:37:24.000Z","volume":1000,"label":" ","price":6.75},{"type":"B","date":"2018-04-19T01:37:25.000Z","volume":78000,"label":" ","price":6.75},{"type":"B","date":"2018-04-19T01:37:25.000Z","volume":140000,"label":" ","price":6.75},{"type":"A","date":"2018-04-19T01:37:25.000Z","volume":17000,"label":" ","price":6.75},{"type":"A","date":"2018-04-19T01:37:26.000Z","volume":12000,"label":" ","price":6.76},{"type":"B","date":"2018-04-19T01:37:27.000Z","volume":12000,"label":" ","price":6.75},{"type":"B","date":"2018-04-19T01:37:27.000Z","volume":44000,"label":" ","price":6.74},{"type":"B","date":"2018-04-19T01:37:42.000Z","volume":40000,"label":" ","price":6.75},{"type":"B","date":"2018-04-19T01:37:42.000Z","volume":12000,"label":" ","price":6.75},{"type":"B","date":"2018-04-19T01:37:43.000Z","volume":18000,"label":" ","price":6.75},{"type":"A","date":"2018-04-19T01:37:46.000Z","volume":54000,"label":" ","price":6.76},{"type":"A","date":"2018-04-19T01:37:46.000Z","volume":3000,"label":" ","price":6.76},{"type":"B","date":"2018-04-19T01:37:47.000Z","volume":19000,"label":" ","price":6.75},{"type":"B","date":"2018-04-19T01:37:47.000Z","volume":30000,"label":" ","price":6.75},{"type":"B","date":"2018-04-19T01:37:47.000Z","volume":5000,"label":" ","price":6.75},{"type":"B","date":"2018-04-19T01:37:47.000Z","volume":10000,"label":" ","price":6.75},{"type":"B","date":"2018-04-19T01:37:49.000Z","volume":15000,"label":" ","price":6.75},{"type":"A","date":"2018-04-19T01:37:50.000Z","volume":45000,"label":" ","price":6.76},{"type":"A","date":"2018-04-19T01:37:51.000Z","volume":2000,"label":" ","price":6.76},{"type":"B","date":"2018-04-19T01:37:51.000Z","volume":173000,"label":" ","price":6.75},{"type":"B","date":"2018-04-19T01:37:51.000Z","volume":25000,"label":" ","price":6.75},{"type":"B","date":"2018-04-19T01:37:51.000Z","volume":70000,"label":" ","price":6.75},{"type":"B","date":"2018-04-19T01:37:51.000Z","volume":62000,"label":" ","price":6.75},{"type":"B","date":"2018-04-19T01:37:51.000Z","volume":6000,"label":" ","price":6.75},{"type":"B","date":"2018-04-19T01:37:51.000Z","volume":15000,"label":" ","price":6.74},{"type":"B","date":"2018-04-19T01:37:51.000Z","volume":3000,"label":" ","price":6.75},{"type":"B","date":"2018-04-19T01:37:51.000Z","volume":13000,"label":" ","price":6.75},{"type":"B","date":"2018-04-19T01:37:54.000Z","volume":118000,"label":" ","price":6.74},{"type":"A","date":"2018-04-19T01:37:55.000Z","volume":5000,"label":" ","price":6.75},{"type":"B","date":"2018-04-19T01:37:56.000Z","volume":1000,"label":" ","price":6.74},{"type":"A","date":"2018-04-19T01:38:02.000Z","volume":2000,"label":" ","price":6.75},{"type":"B","date":"2018-04-19T01:38:05.000Z","volume":1000,"label":" ","price":6.74},{"type":"B","date":"2018-04-19T01:38:06.000Z","volume":10000,"label":" ","price":6.74},{"type":"B","date":"2018-04-19T01:38:08.000Z","volume":3000,"label":" ","price":6.74},{"type":"B","date":"2018-04-19T01:38:20.000Z","volume":16000,"label":" ","price":6.74},{"type":"U","date":"2018-04-19T01:38:21.000Z","volume":1000,"label":"X","price":6.745},{"type":"B","date":"2018-04-19T01:38:23.000Z","volume":6000,"label":" ","price":6.74},{"type":"U","date":"2018-04-19T01:38:24.000Z","volume":2000,"label":"X","price":6.745},{"type":"U","date":"2018-04-19T01:38:25.000Z","volume":2000,"label":"X","price":6.745},{"type":"U","date":"2018-04-19T01:38:36.000Z","volume":14000,"label":"X","price":6.745},{"type":"U","date":"2018-04-19T01:38:36.000Z","volume":1000,"label":"X","price":6.745},{"type":"U","date":"2018-04-19T01:38:36.000Z","volume":6000,"label":"X","price":6.745},{"type":"B","date":"2018-04-19T01:38:38.000Z","volume":5000,"label":" ","price":6.74},{"type":"B","date":"2018-04-19T01:38:41.000Z","volume":1000,"label":" ","price":6.74},{"type":"B","date":"2018-04-19T01:38:41.000Z","volume":6000,"label":" ","price":6.74},{"type":"U","date":"2018-04-19T01:38:42.000Z","volume":11000,"label":"X","price":6.745},{"type":"B","date":"2018-04-19T01:38:43.000Z","volume":2000,"label":" ","price":6.74},{"type":"U","date":"2018-04-19T01:38:49.000Z","volume":6000,"label":"X","price":6.745},{"type":"B","date":"2018-04-19T01:38:59.000Z","volume":3000,"label":" ","price":6.74},{"type":"U","date":"2018-04-19T01:38:59.000Z","volume":3000,"label":"X","price":6.745},{"type":"B","date":"2018-04-19T01:39:02.000Z","volume":1000,"label":" ","price":6.74},{"type":"A","date":"2018-04-19T01:39:02.000Z","volume":1000,"label":" ","price":6.75},{"type":"U","date":"2018-04-19T01:39:08.000Z","volume":1000,"label":"X","price":6.745},{"type":"A","date":"2018-04-19T01:39:13.000Z","volume":2000,"label":"Y","price":6.75},{"type":"A","date":"2018-04-19T01:39:13.000Z","volume":296000,"label":" ","price":6.75},{"type":"A","date":"2018-04-19T01:39:13.000Z","volume":14000,"label":" ","price":6.75},{"type":"B","date":"2018-04-19T01:39:14.000Z","volume":105000,"label":" ","price":6.74},{"type":"A","date":"2018-04-19T01:39:16.000Z","volume":2000,"label":" ","price":6.75},{"type":"A","date":"2018-04-19T01:39:24.000Z","volume":85000,"label":" ","price":6.75},{"type":"A","date":"2018-04-19T01:39:24.000Z","volume":1000,"label":" ","price":6.75},{"type":"A","date":"2018-04-19T01:39:28.000Z","volume":3000,"label":" ","price":6.76},{"type":"B","date":"2018-04-19T01:39:28.000Z","volume":29000,"label":" ","price":6.75},{"type":"B","date":"2018-04-19T01:39:28.000Z","volume":20000,"label":" ","price":6.75},{"type":"B","date":"2018-04-19T01:39:28.000Z","volume":98000,"label":" ","price":6.75},{"type":"A","date":"2018-04-19T01:39:30.000Z","volume":33000,"label":" ","price":6.75},{"type":"B","date":"2018-04-19T01:39:30.000Z","volume":51000,"label":" ","price":6.74},{"type":"A","date":"2018-04-19T01:39:30.000Z","volume":6000,"label":" ","price":6.75},{"type":"U","date":"2018-04-19T01:39:32.000Z","volume":13000,"label":" ","price":6.75},{"type":"A","date":"2018-04-19T01:39:32.000Z","volume":13000,"label":" ","price":6.75},{"type":"A","date":"2018-04-19T01:39:32.000Z","volume":5000,"label":" ","price":6.75},{"type":"B","date":"2018-04-19T01:39:34.000Z","volume":13000,"label":" ","price":6.74},{"type":"A","date":"2018-04-19T01:39:34.000Z","volume":3000,"label":" ","price":6.75},{"type":"A","date":"2018-04-19T01:39:36.000Z","volume":6000,"label":" ","price":6.75},{"type":"A","date":"2018-04-19T01:39:36.000Z","volume":13000,"label":" ","price":6.75},{"type":"B","date":"2018-04-19T01:39:38.000Z","volume":7000,"label":" ","price":6.74},{"type":"B","date":"2018-04-19T01:39:39.000Z","volume":20000,"label":" ","price":6.74},{"type":"B","date":"2018-04-19T01:39:42.000Z","volume":7000,"label":" ","price":6.74},{"type":"A","date":"2018-04-19T01:39:42.000Z","volume":1000,"label":" ","price":6.75},{"type":"B","date":"2018-04-19T01:39:46.000Z","volume":10000,"label":" ","price":6.74},{"type":"B","date":"2018-04-19T01:39:47.000Z","volume":3000,"label":" ","price":6.74},{"type":"A","date":"2018-04-19T01:39:54.000Z","volume":56000,"label":" ","price":6.75},{"type":"A","date":"2018-04-19T01:39:54.000Z","volume":4000,"label":" ","price":6.75},{"type":"B","date":"2018-04-19T01:39:55.000Z","volume":20000,"label":" ","price":6.74},{"type":"A","date":"2018-04-19T01:40:03.000Z","volume":2000,"label":" ","price":6.75},{"type":"B","date":"2018-04-19T01:40:06.000Z","volume":1000,"label":" ","price":6.74},{"type":"A","date":"2018-04-19T01:40:07.000Z","volume":5000,"label":" ","price":6.75},{"type":"B","date":"2018-04-19T01:40:09.000Z","volume":2000,"label":" ","price":6.74},{"type":"A","date":"2018-04-19T01:40:11.000Z","volume":1000,"label":" ","price":6.75},{"type":"A","date":"2018-04-19T01:40:22.000Z","volume":91000,"label":"Y","price":6.75},{"type":"A","date":"2018-04-19T01:40:22.000Z","volume":9000,"label":" ","price":6.75},{"type":"A","date":"2018-04-19T01:40:22.000Z","volume":5000,"label":"Y","price":6.75},{"type":"B","date":"2018-04-19T01:40:23.000Z","volume":35000,"label":" ","price":6.74},{"type":"B","date":"2018-04-19T01:40:25.000Z","volume":20000,"label":" ","price":6.74},{"type":"B","date":"2018-04-19T01:40:26.000Z","volume":7000,"label":" ","price":6.74},{"type":"A","date":"2018-04-19T01:40:27.000Z","volume":9000,"label":" ","price":6.75},{"type":"B","date":"2018-04-19T01:40:29.000Z","volume":3000,"label":" ","price":6.74},{"type":"B","date":"2018-04-19T01:40:34.000Z","volume":4000,"label":" ","price":6.74},{"type":"B","date":"2018-04-19T01:40:35.000Z","volume":1000,"label":" ","price":6.74},{"type":"B","date":"2018-04-19T01:40:51.000Z","volume":9000,"label":" ","price":6.74},{"type":"B","date":"2018-04-19T01:40:51.000Z","volume":3000,"label":" ","price":6.74},{"type":"B","date":"2018-04-19T01:41:00.000Z","volume":5000,"label":" ","price":6.74},{"type":"B","date":"2018-04-19T01:41:01.000Z","volume":2000,"label":" ","price":6.74},{"type":"A","date":"2018-04-19T01:41:03.000Z","volume":2000,"label":" ","price":6.75},{"type":"A","date":"2018-04-19T01:41:08.000Z","volume":84000,"label":" ","price":6.75},{"type":"A","date":"2018-04-19T01:41:08.000Z","volume":5000,"label":" ","price":6.75},{"type":"B","date":"2018-04-19T01:41:10.000Z","volume":30000,"label":" ","price":6.74},{"type":"B","date":"2018-04-19T01:41:14.000Z","volume":50000,"label":" ","price":6.74},{"type":"B","date":"2018-04-19T01:41:15.000Z","volume":17000,"label":" ","price":6.74},{"type":"B","date":"2018-04-19T01:41:18.000Z","volume":5000,"label":" ","price":6.74},{"type":"B","date":"2018-04-19T01:41:21.000Z","volume":1000,"label":" ","price":6.74},{"type":"B","date":"2018-04-19T01:41:27.000Z","volume":3000,"label":" ","price":6.74},{"type":"B","date":"2018-04-19T01:41:30.000Z","volume":1000,"label":" ","price":6.74},{"type":"A","date":"2018-04-19T01:41:32.000Z","volume":20000,"label":" ","price":6.75},{"type":"B","date":"2018-04-19T01:41:32.000Z","volume":9000,"label":" ","price":6.74},{"type":"B","date":"2018-04-19T01:41:36.000Z","volume":10000,"label":" ","price":6.74},{"type":"B","date":"2018-04-19T01:41:46.000Z","volume":10000,"label":" ","price":6.74},{"type":"B","date":"2018-04-19T01:41:46.000Z","volume":3000,"label":" ","price":6.74},{"type":"B","date":"2018-04-19T01:41:52.000Z","volume":11000,"label":" ","price":6.74},{"type":"B","date":"2018-04-19T01:41:56.000Z","volume":4000,"label":" ","price":6.74},{"type":"A","date":"2018-04-19T01:42:03.000Z","volume":2000,"label":" ","price":6.75},{"type":"A","date":"2018-04-19T01:42:04.000Z","volume":1000,"label":" ","price":6.75},{"type":"B","date":"2018-04-19T01:42:04.000Z","volume":1000,"label":" ","price":6.74},{"type":"B","date":"2018-04-19T01:42:08.000Z","volume":8000,"label":" ","price":6.74},{"type":"U","date":"2018-04-19T01:42:08.000Z","volume":1000,"label":"X","price":6.745},{"type":"U","date":"2018-04-19T01:42:08.000Z","volume":4000,"label":"X","price":6.745},{"type":"U","date":"2018-04-19T01:42:08.000Z","volume":3000,"label":"X","price":6.745},{"type":"U","date":"2018-04-19T01:42:08.000Z","volume":3000,"label":"X","price":6.745},{"type":"U","date":"2018-04-19T01:42:08.000Z","volume":6000,"label":"X","price":6.745},{"type":"U","date":"2018-04-19T01:42:08.000Z","volume":11000,"label":"X","price":6.745},{"type":"U","date":"2018-04-19T01:42:08.000Z","volume":1000,"label":"X","price":6.745},{"type":"U","date":"2018-04-19T01:42:08.000Z","volume":1000,"label":"X","price":6.745},{"type":"U","date":"2018-04-19T01:42:09.000Z","volume":2000,"label":"X","price":6.745},{"type":"B","date":"2018-04-19T01:42:11.000Z","volume":3000,"label":" ","price":6.74},{"type":"B","date":"2018-04-19T01:42:12.000Z","volume":50000,"label":" ","price":6.74},{"type":"B","date":"2018-04-19T01:42:13.000Z","volume":5000,"label":" ","price":6.74},{"type":"B","date":"2018-04-19T01:42:13.000Z","volume":16000,"label":" ","price":6.74},{"type":"B","date":"2018-04-19T01:42:15.000Z","volume":2000,"label":" ","price":6.74},{"type":"B","date":"2018-04-19T01:42:16.000Z","volume":10000,"label":" ","price":6.74},{"type":"B","date":"2018-04-19T01:42:18.000Z","volume":3000,"label":" ","price":6.74},{"type":"U","date":"2018-04-19T01:42:23.000Z","volume":1000,"label":"X","price":6.745},{"type":"U","date":"2018-04-19T01:42:23.000Z","volume":1000,"label":"X","price":6.745},{"type":"B","date":"2018-04-19T01:42:29.000Z","volume":10000,"label":" ","price":6.74},{"type":"B","date":"2018-04-19T01:42:31.000Z","volume":4000,"label":" ","price":6.74},{"type":"A","date":"2018-04-19T01:42:33.000Z","volume":47000,"label":" ","price":6.75},{"type":"A","date":"2018-04-19T01:42:34.000Z","volume":3000,"label":" ","price":6.75},{"type":"B","date":"2018-04-19T01:42:34.000Z","volume":16000,"label":" ","price":6.74},{"type":"A","date":"2018-04-19T01:42:38.000Z","volume":10000,"label":" ","price":6.75},{"type":"B","date":"2018-04-19T01:42:40.000Z","volume":4000,"label":" ","price":6.74},{"type":"A","date":"2018-04-19T01:42:40.000Z","volume":270000,"label":" ","price":6.75},{"type":"A","date":"2018-04-19T01:42:40.000Z","volume":221000,"label":" ","price":6.75},{"type":"A","date":"2018-04-19T01:42:40.000Z","volume":15000,"label":" ","price":6.76},{"type":"A","date":"2018-04-19T01:42:42.000Z","volume":10000,"label":" ","price":6.76},{"type":"A","date":"2018-04-19T01:42:42.000Z","volume":13000,"label":" ","price":6.76},{"type":"B","date":"2018-04-19T01:42:43.000Z","volume":172000,"label":" ","price":6.75},{"type":"B","date":"2018-04-19T01:42:44.000Z","volume":3000,"label":" ","price":6.75},{"type":"B","date":"2018-04-19T01:42:45.000Z","volume":5000,"label":" ","price":6.75},{"type":"U","date":"2018-04-19T01:42:51.000Z","volume":4000,"label":"X","price":6.755},{"type":"A","date":"2018-04-19T01:42:55.000Z","volume":1000,"label":" ","price":6.76},{"type":"B","date":"2018-04-19T01:43:00.000Z","volume":279000,"label":" ","price":6.75},{"type":"B","date":"2018-04-19T01:43:00.000Z","volume":8000,"label":" ","price":6.75},{"type":"B","date":"2018-04-19T01:43:00.000Z","volume":1000,"label":" ","price":6.75},{"type":"B","date":"2018-04-19T01:43:00.000Z","volume":4000,"label":" ","price":6.75},{"type":"B","date":"2018-04-19T01:43:00.000Z","volume":10000,"label":" ","price":6.75},{"type":"B","date":"2018-04-19T01:43:00.000Z","volume":10000,"label":" ","price":6.75},{"type":"A","date":"2018-04-19T01:43:02.000Z","volume":220000,"label":" ","price":6.75},{"type":"A","date":"2018-04-19T01:43:03.000Z","volume":2000,"label":" ","price":6.76},{"type":"B","date":"2018-04-19T01:43:04.000Z","volume":105000,"label":" ","price":6.75},{"type":"B","date":"2018-04-19T01:43:04.000Z","volume":73000,"label":" ","price":6.74},{"type":"U","date":"2018-04-19T01:43:05.000Z","volume":700,"label":"D","price":6.69},{"type":"U","date":"2018-04-19T01:43:06.000Z","volume":226,"label":"D","price":6.69},{"type":"B","date":"2018-04-19T01:43:16.000Z","volume":11000,"label":" ","price":6.75},{"type":"A","date":"2018-04-19T01:43:17.000Z","volume":14000,"label":" ","price":6.76},{"type":"A","date":"2018-04-19T01:43:17.000Z","volume":2000,"label":" ","price":6.76},{"type":"B","date":"2018-04-19T01:43:18.000Z","volume":9000,"label":" ","price":6.75},{"type":"A","date":"2018-04-19T01:43:22.000Z","volume":10000,"label":" ","price":6.76},{"type":"B","date":"2018-04-19T01:43:23.000Z","volume":4000,"label":" ","price":6.75},{"type":"U","date":"2018-04-19T01:43:32.000Z","volume":4000,"label":"X","price":6.755},{"type":"U","date":"2018-04-19T01:43:32.000Z","volume":13000,"label":"X","price":6.755},{"type":"U","date":"2018-04-19T01:43:32.000Z","volume":1000,"label":"X","price":6.755},{"type":"A","date":"2018-04-19T01:43:33.000Z","volume":543000,"label":" ","price":6.76},{"type":"B","date":"2018-04-19T01:43:33.000Z","volume":5000,"label":" ","price":6.75},{"type":"A","date":"2018-04-19T01:43:33.000Z","volume":16000,"label":" ","price":6.76},{"type":"B","date":"2018-04-19T01:43:34.000Z","volume":188000,"label":" ","price":6.75},{"type":"B","date":"2018-04-19T01:43:34.000Z","volume":21000,"label":" ","price":6.75},{"type":"A","date":"2018-04-19T01:43:34.000Z","volume":13000,"label":" ","price":6.76},{"type":"B","date":"2018-04-19T01:43:34.000Z","volume":90000,"label":" ","price":6.75},{"type":"A","date":"2018-04-19T01:43:35.000Z","volume":10000,"label":" ","price":6.76},{"type":"A","date":"2018-04-19T01:43:35.000Z","volume":12000,"label":" ","price":6.76},{"type":"A","date":"2018-04-19T01:43:35.000Z","volume":7000,"label":" ","price":6.76},{"type":"A","date":"2018-04-19T01:43:35.000Z","volume":4000,"label":" ","price":6.76},{"type":"A","date":"2018-04-19T01:43:35.000Z","volume":3000,"label":" ","price":6.76},{"type":"B","date":"2018-04-19T01:43:36.000Z","volume":53000,"label":" ","price":6.74},{"type":"A","date":"2018-04-19T01:43:36.000Z","volume":10000,"label":" ","price":6.75},{"type":"A","date":"2018-04-19T01:43:36.000Z","volume":32000,"label":" ","price":6.75},{"type":"A","date":"2018-04-19T01:43:36.000Z","volume":1000,"label":" ","price":6.75},{"type":"B","date":"2018-04-19T01:43:39.000Z","volume":14000,"label":" ","price":6.75},{"type":"U","date":"2018-04-19T01:43:47.000Z","volume":13000,"label":"X","price":6.755},{"type":"B","date":"2018-04-19T01:43:50.000Z","volume":20000,"label":" ","price":6.75},{"type":"B","date":"2018-04-19T01:43:50.000Z","volume":7000,"label":" ","price":6.75},{"type":"B","date":"2018-04-19T01:43:53.000Z","volume":10000,"label":" ","price":6.75},{"type":"B","date":"2018-04-19T01:43:55.000Z","volume":3000,"label":" ","price":6.75},{"type":"U","date":"2018-04-19T01:43:56.000Z","volume":3000,"label":"X","price":6.755},{"type":"U","date":"2018-04-19T01:43:56.000Z","volume":1000,"label":"X","price":6.755},{"type":"A","date":"2018-04-19T01:44:02.000Z","volume":309000,"label":" ","price":6.76},{"type":"A","date":"2018-04-19T01:44:02.000Z","volume":205000,"label":" ","price":6.76},{"type":"A","date":"2018-04-19T01:44:02.000Z","volume":135000,"label":" ","price":6.76},{"type":"A","date":"2018-04-19T01:44:02.000Z","volume":135000,"label":" ","price":6.76},{"type":"A","date":"2018-04-19T01:44:02.000Z","volume":22000,"label":" ","price":6.77},{"type":"B","date":"2018-04-19T01:44:04.000Z","volume":269000,"label":" ","price":6.76},{"type":"B","date":"2018-04-19T01:44:04.000Z","volume":167000,"label":" ","price":6.76},{"type":"B","date":"2018-04-19T01:44:04.000Z","volume":159000,"label":" ","price":6.76},{"type":"A","date":"2018-04-19T01:44:04.000Z","volume":59000,"label":" ","price":6.77},{"type":"A","date":"2018-04-19T01:44:04.000Z","volume":10000,"label":" ","price":6.77},{"type":"A","date":"2018-04-19T01:44:05.000Z","volume":1000,"label":" ","price":6.77},{"type":"A","date":"2018-04-19T01:44:05.000Z","volume":4000,"label":" ","price":6.77},{"type":"B","date":"2018-04-19T01:44:06.000Z","volume":15000,"label":" ","price":6.76},{"type":"B","date":"2018-04-19T01:44:06.000Z","volume":118000,"label":" ","price":6.75},{"type":"A","date":"2018-04-19T01:44:11.000Z","volume":6000,"label":" ","price":6.77},{"type":"B","date":"2018-04-19T01:44:12.000Z","volume":2000,"label":" ","price":6.75},{"type":"A","date":"2018-04-19T01:44:17.000Z","volume":2000,"label":" ","price":6.76},{"type":"B","date":"2018-04-19T01:44:19.000Z","volume":5000,"label":" ","price":6.75},{"type":"B","date":"2018-04-19T01:44:19.000Z","volume":3000,"label":" ","price":6.75},{"type":"A","date":"2018-04-19T01:44:25.000Z","volume":2000,"label":" ","price":6.76},{"type":"A","date":"2018-04-19T01:44:27.000Z","volume":3000,"label":" ","price":6.76},{"type":"A","date":"2018-04-19T01:44:27.000Z","volume":11000,"label":" ","price":6.76},{"type":"A","date":"2018-04-19T01:44:27.000Z","volume":16000,"label":" ","price":6.76},{"type":"A","date":"2018-04-19T01:44:27.000Z","volume":1000,"label":" ","price":6.76},{"type":"A","date":"2018-04-19T01:44:27.000Z","volume":7000,"label":" ","price":6.76},{"type":"A","date":"2018-04-19T01:44:27.000Z","volume":8000,"label":" ","price":6.76},{"type":"A","date":"2018-04-19T01:44:27.000Z","volume":10000,"label":" ","price":6.76},{"type":"A","date":"2018-04-19T01:44:27.000Z","volume":3000,"label":" ","price":6.76},{"type":"A","date":"2018-04-19T01:44:27.000Z","volume":5000,"label":" ","price":6.76},{"type":"A","date":"2018-04-19T01:44:27.000Z","volume":1000,"label":" ","price":6.76},{"type":"A","date":"2018-04-19T01:44:27.000Z","volume":12000,"label":" ","price":6.76},{"type":"A","date":"2018-04-19T01:44:27.000Z","volume":4000,"label":" ","price":6.76},{"type":"A","date":"2018-04-19T01:44:27.000Z","volume":5000,"label":" ","price":6.76},{"type":"B","date":"2018-04-19T01:44:29.000Z","volume":29000,"label":" ","price":6.75},{"type":"U","date":"2018-04-19T01:44:52.000Z","volume":1000,"label":"X","price":6.755},{"type":"U","date":"2018-04-19T01:44:59.000Z","volume":12000,"label":"X","price":6.755},{"type":"A","date":"2018-04-19T01:45:03.000Z","volume":2000,"label":" ","price":6.76},{"type":"A","date":"2018-04-19T01:45:11.000Z","volume":14000,"label":" ","price":6.76},{"type":"A","date":"2018-04-19T01:45:11.000Z","volume":2000,"label":" ","price":6.76},{"type":"B","date":"2018-04-19T01:45:11.000Z","volume":6000,"label":" ","price":6.75},{"type":"B","date":"2018-04-19T01:45:13.000Z","volume":10000,"label":" ","price":6.75},{"type":"B","date":"2018-04-19T01:45:14.000Z","volume":3000,"label":" ","price":6.75},{"type":"U","date":"2018-04-19T01:45:17.000Z","volume":1000,"label":"X","price":6.755},{"type":"U","date":"2018-04-19T01:45:18.000Z","volume":5000,"label":"X","price":6.755},{"type":"U","date":"2018-04-19T01:45:26.000Z","volume":9000,"label":"X","price":6.755},{"type":"U","date":"2018-04-19T01:45:39.000Z","volume":9000,"label":"X","price":6.755},{"type":"U","date":"2018-04-19T01:45:49.000Z","volume":2000,"label":"X","price":6.755},{"type":"U","date":"2018-04-19T01:45:50.000Z","volume":1000,"label":"X","price":6.755},{"type":"A","date":"2018-04-19T01:45:53.000Z","volume":7000,"label":" ","price":6.76},{"type":"B","date":"2018-04-19T01:45:54.000Z","volume":3000,"label":" ","price":6.75},{"type":"A","date":"2018-04-19T01:45:55.000Z","volume":11000,"label":" ","price":6.76},{"type":"B","date":"2018-04-19T01:45:56.000Z","volume":3000,"label":" ","price":6.75},{"type":"A","date":"2018-04-19T01:46:04.000Z","volume":1000,"label":" ","price":6.76},{"type":"B","date":"2018-04-19T01:46:07.000Z","volume":15000,"label":" ","price":6.75},{"type":"A","date":"2018-04-19T01:46:07.000Z","volume":689000,"label":" ","price":6.76},{"type":"A","date":"2018-04-19T01:46:07.000Z","volume":116000,"label":" ","price":6.76},{"type":"A","date":"2018-04-19T01:46:07.000Z","volume":121000,"label":" ","price":6.77},{"type":"A","date":"2018-04-19T01:46:07.000Z","volume":48000,"label":" ","price":6.77},{"type":"A","date":"2018-04-19T01:46:07.000Z","volume":25000,"label":" ","price":6.77},{"type":"A","date":"2018-04-19T01:46:08.000Z","volume":4000,"label":" ","price":6.77},{"type":"A","date":"2018-04-19T01:46:08.000Z","volume":4000,"label":" ","price":6.77},{"type":"A","date":"2018-04-19T01:46:08.000Z","volume":1000,"label":" ","price":6.77},{"type":"A","date":"2018-04-19T01:46:08.000Z","volume":157000,"label":" ","price":6.77},{"type":"A","date":"2018-04-19T01:46:08.000Z","volume":16000,"label":" ","price":6.78},{"type":"A","date":"2018-04-19T01:46:08.000Z","volume":31000,"label":" ","price":6.78},{"type":"B","date":"2018-04-19T01:46:09.000Z","volume":147000,"label":" ","price":6.77},{"type":"B","date":"2018-04-19T01:46:09.000Z","volume":263000,"label":" ","price":6.76},{"type":"A","date":"2018-04-19T01:46:11.000Z","volume":63000,"label":" ","price":6.77},{"type":"B","date":"2018-04-19T01:46:12.000Z","volume":21000,"label":" ","price":6.76},{"type":"A","date":"2018-04-19T01:46:18.000Z","volume":9000,"label":" ","price":6.77},{"type":"B","date":"2018-04-19T01:46:20.000Z","volume":3000,"label":" ","price":6.76},{"type":"B","date":"2018-04-19T01:46:21.000Z","volume":10000,"label":" ","price":6.76},{"type":"B","date":"2018-04-19T01:46:23.000Z","volume":3000,"label":" ","price":6.76},{"type":"A","date":"2018-04-19T01:46:25.000Z","volume":33000,"label":" ","price":6.77},{"type":"B","date":"2018-04-19T01:46:27.000Z","volume":11000,"label":" ","price":6.76},{"type":"A","date":"2018-04-19T01:46:27.000Z","volume":2000,"label":" ","price":6.77},{"type":"B","date":"2018-04-19T01:46:30.000Z","volume":4000,"label":" ","price":6.76},{"type":"B","date":"2018-04-19T01:46:33.000Z","volume":10000,"label":" ","price":6.76},{"type":"B","date":"2018-04-19T01:46:34.000Z","volume":5000,"label":" ","price":6.76},{"type":"B","date":"2018-04-19T01:46:39.000Z","volume":10000,"label":" ","price":6.76},{"type":"B","date":"2018-04-19T01:46:41.000Z","volume":4000,"label":" ","price":6.76},{"type":"A","date":"2018-04-19T01:46:44.000Z","volume":110000,"label":" ","price":6.77},{"type":"A","date":"2018-04-19T01:46:44.000Z","volume":6000,"label":" ","price":6.77},{"type":"B","date":"2018-04-19T01:46:44.000Z","volume":38000,"label":" ","price":6.76},{"type":"B","date":"2018-04-19T01:46:44.000Z","volume":1000,"label":" ","price":6.76},{"type":"A","date":"2018-04-19T01:46:50.000Z","volume":6000,"label":" ","price":6.77},{"type":"B","date":"2018-04-19T01:46:52.000Z","volume":3000,"label":" ","price":6.76},{"type":"B","date":"2018-04-19T01:46:52.000Z","volume":10000,"label":" ","price":6.76},{"type":"B","date":"2018-04-19T01:46:54.000Z","volume":3000,"label":" ","price":6.76},{"type":"U","date":"2018-04-19T01:46:54.000Z","volume":16000,"label":"X","price":6.765},{"type":"U","date":"2018-04-19T01:46:58.000Z","volume":1000,"label":"X","price":6.765},{"type":"A","date":"2018-04-19T01:47:03.000Z","volume":153000,"label":" ","price":6.77},{"type":"A","date":"2018-04-19T01:47:03.000Z","volume":100000,"label":" ","price":6.77},{"type":"A","date":"2018-04-19T01:47:03.000Z","volume":6000,"label":" ","price":6.77},{"type":"A","date":"2018-04-19T01:47:03.000Z","volume":13000,"label":" ","price":6.77},{"type":"A","date":"2018-04-19T01:47:04.000Z","volume":87000,"label":" ","price":6.77},{"type":"B","date":"2018-04-19T01:47:05.000Z","volume":120000,"label":" ","price":6.77},{"type":"A","date":"2018-04-19T01:47:09.000Z","volume":3000,"label":" ","price":6.78},{"type":"U","date":"2018-04-19T01:47:09.000Z","volume":1000,"label":"X","price":6.775},{"type":"B","date":"2018-04-19T01:47:10.000Z","volume":5000,"label":" ","price":6.77},{"type":"B","date":"2018-04-19T01:47:10.000Z","volume":2000,"label":" ","price":6.77},{"type":"B","date":"2018-04-19T01:47:20.000Z","volume":10000,"label":" ","price":6.77},{"type":"B","date":"2018-04-19T01:47:21.000Z","volume":4000,"label":" ","price":6.77},{"type":"B","date":"2018-04-19T01:47:23.000Z","volume":10000,"label":" ","price":6.77},{"type":"B","date":"2018-04-19T01:47:27.000Z","volume":3000,"label":" ","price":6.77},{"type":"B","date":"2018-04-19T01:47:28.000Z","volume":13000,"label":" ","price":6.77},{"type":"B","date":"2018-04-19T01:47:29.000Z","volume":4000,"label":" ","price":6.77},{"type":"B","date":"2018-04-19T01:47:31.000Z","volume":10000,"label":" ","price":6.77},{"type":"B","date":"2018-04-19T01:47:32.000Z","volume":10000,"label":" ","price":6.77},{"type":"B","date":"2018-04-19T01:47:32.000Z","volume":7000,"label":" ","price":6.77},{"type":"B","date":"2018-04-19T01:47:33.000Z","volume":100000,"label":" ","price":6.77},{"type":"U","date":"2018-04-19T01:47:33.000Z","volume":16000,"label":"X","price":6.775},{"type":"B","date":"2018-04-19T01:47:35.000Z","volume":33000,"label":" ","price":6.77},{"type":"B","date":"2018-04-19T01:47:43.000Z","volume":4000,"label":" ","price":6.77},{"type":"B","date":"2018-04-19T01:47:43.000Z","volume":2000,"label":" ","price":6.77},{"type":"B","date":"2018-04-19T01:47:44.000Z","volume":100000,"label":" ","price":6.77},{"type":"B","date":"2018-04-19T01:47:45.000Z","volume":5000,"label":" ","price":6.77},{"type":"B","date":"2018-04-19T01:47:45.000Z","volume":33000,"label":" ","price":6.77},{"type":"U","date":"2018-04-19T01:47:46.000Z","volume":1000,"label":"X","price":6.775},{"type":"U","date":"2018-04-19T01:47:48.000Z","volume":9000,"label":"X","price":6.775},{"type":"B","date":"2018-04-19T01:47:48.000Z","volume":2000,"label":" ","price":6.77},{"type":"B","date":"2018-04-19T01:47:50.000Z","volume":5000,"label":" ","price":6.77},{"type":"B","date":"2018-04-19T01:47:52.000Z","volume":1000,"label":" ","price":6.77},{"type":"U","date":"2018-04-19T01:47:53.000Z","volume":45,"label":"D","price":6.71},{"type":"A","date":"2018-04-19T01:47:54.000Z","volume":4000,"label":" ","price":6.78},{"type":"B","date":"2018-04-19T01:47:54.000Z","volume":2000,"label":" ","price":6.77},{"type":"A","date":"2018-04-19T01:48:04.000Z","volume":2000,"label":" ","price":6.78},{"type":"B","date":"2018-04-19T01:48:08.000Z","volume":60000,"label":" ","price":6.77},{"type":"B","date":"2018-04-19T01:48:10.000Z","volume":20000,"label":" ","price":6.77},{"type":"U","date":"2018-04-19T01:48:18.000Z","volume":1000,"label":"X","price":6.775},{"type":"U","date":"2018-04-19T01:48:21.000Z","volume":14000,"label":"X","price":6.775},{"type":"B","date":"2018-04-19T01:48:23.000Z","volume":4000,"label":" ","price":6.77},{"type":"U","date":"2018-04-19T01:48:25.000Z","volume":945,"label":"D","price":6.72},{"type":"B","date":"2018-04-19T01:48:26.000Z","volume":2000,"label":" ","price":6.77},{"type":"U","date":"2018-04-19T01:48:32.000Z","volume":3000,"label":"X","price":6.775},{"type":"A","date":"2018-04-19T01:48:34.000Z","volume":3000,"label":" ","price":6.78},{"type":"B","date":"2018-04-19T01:48:56.000Z","volume":20000,"label":" ","price":6.77},{"type":"B","date":"2018-04-19T01:48:58.000Z","volume":7000,"label":" ","price":6.77},{"type":"A","date":"2018-04-19T01:48:59.000Z","volume":9000,"label":" ","price":6.78},{"type":"B","date":"2018-04-19T01:49:01.000Z","volume":3000,"label":" ","price":6.77},{"type":"B","date":"2018-04-19T01:49:02.000Z","volume":600000,"label":" ","price":6.77},{"type":"B","date":"2018-04-19T01:49:04.000Z","volume":200000,"label":" ","price":6.77},{"type":"B","date":"2018-04-19T01:49:04.000Z","volume":909000,"label":" ","price":6.77},{"type":"B","date":"2018-04-19T01:49:04.000Z","volume":230000,"label":" ","price":6.77},{"type":"B","date":"2018-04-19T01:49:04.000Z","volume":230000,"label":" ","price":6.77},{"type":"B","date":"2018-04-19T01:49:04.000Z","volume":110000,"label":" ","price":6.77},{"type":"A","date":"2018-04-19T01:49:04.000Z","volume":2000,"label":" ","price":6.78},{"type":"A","date":"2018-04-19T01:49:05.000Z","volume":55000,"label":" ","price":6.77},{"type":"A","date":"2018-04-19T01:49:06.000Z","volume":135000,"label":" ","price":6.78},{"type":"U","date":"2018-04-19T01:49:07.000Z","volume":110000,"label":" ","price":6.77},{"type":"B","date":"2018-04-19T01:49:07.000Z","volume":447000,"label":" ","price":6.76},{"type":"A","date":"2018-04-19T01:49:07.000Z","volume":23000,"label":" ","price":6.78},{"type":"B","date":"2018-04-19T01:49:10.000Z","volume":8000,"label":" ","price":6.77},{"type":"U","date":"2018-04-19T01:49:20.000Z","volume":1000,"label":"X","price":6.775},{"type":"B","date":"2018-04-19T01:49:23.000Z","volume":50000,"label":" ","price":6.77},{"type":"B","date":"2018-04-19T01:49:24.000Z","volume":17000,"label":" ","price":6.77},{"type":"B","date":"2018-04-19T01:49:31.000Z","volume":3000,"label":" ","price":6.77},{"type":"U","date":"2018-04-19T01:49:34.000Z","volume":16000,"label":"X","price":6.775},{"type":"A","date":"2018-04-19T01:49:35.000Z","volume":33000,"label":" ","price":6.78},{"type":"B","date":"2018-04-19T01:49:38.000Z","volume":4000,"label":" ","price":6.77},{"type":"A","date":"2018-04-19T01:49:38.000Z","volume":2000,"label":" ","price":6.78},{"type":"B","date":"2018-04-19T01:49:38.000Z","volume":14000,"label":" ","price":6.77},{"type":"B","date":"2018-04-19T01:49:39.000Z","volume":6000,"label":" ","price":6.77},{"type":"B","date":"2018-04-19T01:49:40.000Z","volume":2000,"label":" ","price":6.77},{"type":"B","date":"2018-04-19T01:49:44.000Z","volume":9000,"label":" ","price":6.77},{"type":"B","date":"2018-04-19T01:49:44.000Z","volume":3000,"label":" ","price":6.77},{"type":"B","date":"2018-04-19T01:49:48.000Z","volume":10000,"label":" ","price":6.77},{"type":"B","date":"2018-04-19T01:49:51.000Z","volume":3000,"label":" ","price":6.77},{"type":"A","date":"2018-04-19T01:49:55.000Z","volume":519000,"label":" ","price":6.78},{"type":"A","date":"2018-04-19T01:49:55.000Z","volume":1003000,"label":" ","price":6.78},{"type":"A","date":"2018-04-19T01:49:55.000Z","volume":20000,"label":" ","price":6.78},{"type":"B","date":"2018-04-19T01:49:58.000Z","volume":502000,"label":" ","price":6.78},{"type":"B","date":"2018-04-19T01:49:58.000Z","volume":12000,"label":" ","price":6.77},{"type":"B","date":"2018-04-19T01:49:58.000Z","volume":172000,"label":" ","price":6.78},{"type":"A","date":"2018-04-19T01:49:59.000Z","volume":108000,"label":" ","price":6.79},{"type":"B","date":"2018-04-19T01:50:01.000Z","volume":93000,"label":" ","price":6.78},{"type":"B","date":"2018-04-19T01:50:01.000Z","volume":30000,"label":" ","price":6.78},{"type":"A","date":"2018-04-19T01:50:04.000Z","volume":2000,"label":" ","price":6.79},{"type":"B","date":"2018-04-19T01:50:04.000Z","volume":10000,"label":" ","price":6.78},{"type":"A","date":"2018-04-19T01:50:05.000Z","volume":2000,"label":" ","price":6.79},{"type":"A","date":"2018-04-19T01:50:05.000Z","volume":5000,"label":" ","price":6.79},{"type":"B","date":"2018-04-19T01:50:08.000Z","volume":3000,"label":" ","price":6.78},{"type":"B","date":"2018-04-19T01:50:09.000Z","volume":4000,"label":" ","price":6.78},{"type":"B","date":"2018-04-19T01:50:10.000Z","volume":2000,"label":" ","price":6.78},{"type":"U","date":"2018-04-19T01:50:12.000Z","volume":17000,"label":"X","price":6.785},{"type":"U","date":"2018-04-19T01:50:12.000Z","volume":1000,"label":"X","price":6.785},{"type":"B","date":"2018-04-19T01:50:15.000Z","volume":20000,"label":" ","price":6.78},{"type":"B","date":"2018-04-19T01:50:17.000Z","volume":6000,"label":" ","price":6.78},{"type":"B","date":"2018-04-19T01:50:23.000Z","volume":10000,"label":" ","price":6.78},{"type":"B","date":"2018-04-19T01:50:23.000Z","volume":4000,"label":" ","price":6.78},{"type":"B","date":"2018-04-19T01:50:25.000Z","volume":10000,"label":" ","price":6.78},{"type":"B","date":"2018-04-19T01:50:26.000Z","volume":3000,"label":" ","price":6.78},{"type":"U","date":"2018-04-19T01:50:32.000Z","volume":9000,"label":"X","price":6.785},{"type":"A","date":"2018-04-19T01:50:34.000Z","volume":2000,"label":"Y","price":6.79},{"type":"A","date":"2018-04-19T01:50:35.000Z","volume":6000,"label":" ","price":6.79},{"type":"B","date":"2018-04-19T01:50:38.000Z","volume":20000,"label":" ","price":6.78},{"type":"B","date":"2018-04-19T01:50:39.000Z","volume":9000,"label":" ","price":6.78},{"type":"B","date":"2018-04-19T01:50:40.000Z","volume":3000,"label":" ","price":6.78},{"type":"B","date":"2018-04-19T01:50:43.000Z","volume":1000,"label":" ","price":6.78},{"type":"U","date":"2018-04-19T01:50:44.000Z","volume":1000,"label":"X","price":6.785},{"type":"A","date":"2018-04-19T01:50:46.000Z","volume":46000,"label":" ","price":6.79},{"type":"A","date":"2018-04-19T01:50:46.000Z","volume":3000,"label":" ","price":6.79},{"type":"B","date":"2018-04-19T01:50:48.000Z","volume":17000,"label":" ","price":6.78},{"type":"B","date":"2018-04-19T01:50:52.000Z","volume":10000,"label":" ","price":6.78},{"type":"B","date":"2018-04-19T01:50:53.000Z","volume":1000,"label":" ","price":6.78},{"type":"B","date":"2018-04-19T01:50:55.000Z","volume":3000,"label":" ","price":6.78},{"type":"A","date":"2018-04-19T01:50:57.000Z","volume":5000,"label":" ","price":6.79},{"type":"B","date":"2018-04-19T01:50:58.000Z","volume":2000,"label":" ","price":6.78},{"type":"U","date":"2018-04-19T01:51:01.000Z","volume":17000,"label":"X","price":6.785},{"type":"A","date":"2018-04-19T01:51:04.000Z","volume":2000,"label":" ","price":6.79},{"type":"U","date":"2018-04-19T01:51:05.000Z","volume":867,"label":"D","price":6.78},{"type":"U","date":"2018-04-19T01:51:11.000Z","volume":1000,"label":"X","price":6.785},{"type":"B","date":"2018-04-19T01:51:12.000Z","volume":10000,"label":" ","price":6.78},{"type":"B","date":"2018-04-19T01:51:13.000Z","volume":4000,"label":" ","price":6.78},{"type":"B","date":"2018-04-19T01:51:14.000Z","volume":201000,"label":" ","price":6.78},{"type":"B","date":"2018-04-19T01:51:14.000Z","volume":172000,"label":" ","price":6.78},{"type":"B","date":"2018-04-19T01:51:14.000Z","volume":110000,"label":" ","price":6.78},{"type":"B","date":"2018-04-19T01:51:14.000Z","volume":581000,"label":" ","price":6.78},{"type":"B","date":"2018-04-19T01:51:14.000Z","volume":1000,"label":" ","price":6.78},{"type":"B","date":"2018-04-19T01:51:14.000Z","volume":1000,"label":" ","price":6.78},{"type":"A","date":"2018-04-19T01:51:14.000Z","volume":46000,"label":" ","price":6.79},{"type":"B","date":"2018-04-19T01:51:14.000Z","volume":1000,"label":" ","price":6.78},{"type":"B","date":"2018-04-19T01:51:14.000Z","volume":1000,"label":" ","price":6.78},{"type":"B","date":"2018-04-19T01:51:14.000Z","volume":1000,"label":" ","price":6.78},{"type":"B","date":"2018-04-19T01:51:14.000Z","volume":1000,"label":" ","price":6.78},{"type":"B","date":"2018-04-19T01:51:14.000Z","volume":1000,"label":" ","price":6.78},{"type":"B","date":"2018-04-19T01:51:14.000Z","volume":1000,"label":" ","price":6.78},{"type":"B","date":"2018-04-19T01:51:14.000Z","volume":1000,"label":" ","price":6.78},{"type":"B","date":"2018-04-19T01:51:14.000Z","volume":1000,"label":" ","price":6.78},{"type":"B","date":"2018-04-19T01:51:15.000Z","volume":373000,"label":" ","price":6.77},{"type":"A","date":"2018-04-19T01:51:18.000Z","volume":37000,"label":" ","price":6.78},{"type":"A","date":"2018-04-19T01:51:18.000Z","volume":5000,"label":" ","price":6.78},{"type":"A","date":"2018-04-19T01:51:18.000Z","volume":4000,"label":" ","price":6.78},{"type":"A","date":"2018-04-19T01:51:18.000Z","volume":11000,"label":" ","price":6.78},{"type":"A","date":"2018-04-19T01:51:18.000Z","volume":15000,"label":" ","price":6.78},{"type":"A","date":"2018-04-19T01:51:18.000Z","volume":2000,"label":" ","price":6.78},{"type":"A","date":"2018-04-19T01:51:21.000Z","volume":2000,"label":" ","price":6.78},{"type":"B","date":"2018-04-19T01:51:21.000Z","volume":25000,"label":" ","price":6.77},{"type":"A","date":"2018-04-19T01:51:25.000Z","volume":247000,"label":" ","price":6.78},{"type":"A","date":"2018-04-19T01:51:25.000Z","volume":293000,"label":" ","price":6.79},{"type":"A","date":"2018-04-19T01:51:25.000Z","volume":202000,"label":" ","price":6.78},{"type":"A","date":"2018-04-19T01:51:25.000Z","volume":17000,"label":" ","price":6.78},{"type":"A","date":"2018-04-19T01:51:25.000Z","volume":27000,"label":" ","price":6.78},{"type":"A","date":"2018-04-19T01:51:25.000Z","volume":2000,"label":" ","price":6.78},{"type":"B","date":"2018-04-19T01:51:26.000Z","volume":125000,"label":" ","price":6.77},{"type":"B","date":"2018-04-19T01:51:26.000Z","volume":138000,"label":" ","price":6.76},{"type":"B","date":"2018-04-19T01:51:26.000Z","volume":110000,"label":" ","price":6.77},{"type":"A","date":"2018-04-19T01:51:28.000Z","volume":62000,"label":" ","price":6.78},{"type":"B","date":"2018-04-19T01:51:29.000Z","volume":58000,"label":" ","price":6.77},{"type":"A","date":"2018-04-19T01:51:31.000Z","volume":33000,"label":" ","price":6.78},{"type":"B","date":"2018-04-19T01:51:33.000Z","volume":11000,"label":" ","price":6.77},{"type":"B","date":"2018-04-19T01:51:34.000Z","volume":10000,"label":" ","price":6.77},{"type":"B","date":"2018-04-19T01:51:37.000Z","volume":3000,"label":" ","price":6.77},{"type":"A","date":"2018-04-19T01:51:46.000Z","volume":12000,"label":" ","price":6.78},{"type":"B","date":"2018-04-19T01:51:47.000Z","volume":4000,"label":" ","price":6.77},{"type":"U","date":"2018-04-19T01:51:52.000Z","volume":1000,"label":"X","price":6.775},{"type":"B","date":"2018-04-19T01:51:59.000Z","volume":100000,"label":" ","price":6.77},{"type":"B","date":"2018-04-19T01:52:01.000Z","volume":33000,"label":" ","price":6.77},{"type":"A","date":"2018-04-19T01:52:04.000Z","volume":2000,"label":" ","price":6.78},{"type":"U","date":"2018-04-19T01:52:05.000Z","volume":16000,"label":"X","price":6.775},{"type":"B","date":"2018-04-19T01:52:05.000Z","volume":1000,"label":" ","price":6.77},{"type":"A","date":"2018-04-19T01:52:18.000Z","volume":22000,"label":"Y","price":6.78},{"type":"A","date":"2018-04-19T01:52:18.000Z","volume":25000,"label":" ","price":6.78},{"type":"A","date":"2018-04-19T01:52:18.000Z","volume":690000,"label":" ","price":6.78},{"type":"A","date":"2018-04-19T01:52:18.000Z","volume":36000,"label":" ","price":6.79},{"type":"B","date":"2018-04-19T01:52:19.000Z","volume":5000,"label":" ","price":6.78},{"type":"B","date":"2018-04-19T01:52:21.000Z","volume":136000,"label":" ","price":6.78},{"type":"B","date":"2018-04-19T01:52:21.000Z","volume":123000,"label":" ","price":6.77},{"type":"A","date":"2018-04-19T01:52:21.000Z","volume":11000,"label":" ","price":6.78},{"type":"B","date":"2018-04-19T01:52:24.000Z","volume":4000,"label":" ","price":6.77},{"type":"B","date":"2018-04-19T01:52:41.000Z","volume":10000,"label":" ","price":6.77},{"type":"U","date":"2018-04-19T01:52:41.000Z","volume":10000,"label":" ","price":6.78},{"type":"A","date":"2018-04-19T01:52:41.000Z","volume":8000,"label":" ","price":6.79},{"type":"B","date":"2018-04-19T01:52:43.000Z","volume":2000,"label":" ","price":6.78},{"type":"B","date":"2018-04-19T01:52:43.000Z","volume":10000,"label":" ","price":6.78},{"type":"U","date":"2018-04-19T01:52:48.000Z","volume":1000,"label":"X","price":6.785},{"type":"U","date":"2018-04-19T01:52:53.000Z","volume":16000,"label":"X","price":6.785},{"type":"B","date":"2018-04-19T01:52:54.000Z","volume":8000,"label":" ","price":6.78},{"type":"B","date":"2018-04-19T01:52:54.000Z","volume":10000,"label":" ","price":6.78},{"type":"B","date":"2018-04-19T01:52:55.000Z","volume":6000,"label":" ","price":6.78},{"type":"B","date":"2018-04-19T01:53:01.000Z","volume":3000,"label":" ","price":6.78},{"type":"B","date":"2018-04-19T01:53:02.000Z","volume":1000,"label":" ","price":6.78},{"type":"A","date":"2018-04-19T01:53:04.000Z","volume":1000,"label":" ","price":6.79},{"type":"B","date":"2018-04-19T01:53:04.000Z","volume":10000,"label":" ","price":6.78},{"type":"B","date":"2018-04-19T01:53:07.000Z","volume":4000,"label":" ","price":6.78},{"type":"U","date":"2018-04-19T01:53:08.000Z","volume":1000,"label":"X","price":6.785},{"type":"U","date":"2018-04-19T01:53:11.000Z","volume":9000,"label":"X","price":6.785},{"type":"B","date":"2018-04-19T01:53:24.000Z","volume":350000,"label":" ","price":6.78},{"type":"B","date":"2018-04-19T01:53:25.000Z","volume":10000,"label":" ","price":6.78},{"type":"B","date":"2018-04-19T01:53:26.000Z","volume":50000,"label":" ","price":6.78},{"type":"B","date":"2018-04-19T01:53:26.000Z","volume":70000,"label":" ","price":6.77},{"type":"B","date":"2018-04-19T01:53:29.000Z","volume":10000,"label":" ","price":6.77},{"type":"A","date":"2018-04-19T01:53:30.000Z","volume":20000,"label":" ","price":6.79},{"type":"B","date":"2018-04-19T01:53:31.000Z","volume":10000,"label":" ","price":6.77},{"type":"U","date":"2018-04-19T01:53:42.000Z","volume":300000,"label":" ","price":6.78},{"type":"B","date":"2018-04-19T01:53:42.000Z","volume":30000,"label":" ","price":6.78},{"type":"A","date":"2018-04-19T01:53:42.000Z","volume":17000,"label":" ","price":6.79},{"type":"B","date":"2018-04-19T01:53:42.000Z","volume":115000,"label":" ","price":6.78},{"type":"B","date":"2018-04-19T01:53:43.000Z","volume":14000,"label":" ","price":6.78},{"type":"B","date":"2018-04-19T01:53:43.000Z","volume":3000,"label":" ","price":6.78},{"type":"B","date":"2018-04-19T01:53:44.000Z","volume":6000,"label":" ","price":6.78},{"type":"U","date":"2018-04-19T01:53:46.000Z","volume":1000,"label":"X","price":6.785},{"type":"B","date":"2018-04-19T01:53:46.000Z","volume":1000,"label":" ","price":6.78},{"type":"B","date":"2018-04-19T01:53:50.000Z","volume":293000,"label":" ","price":6.78},{"type":"B","date":"2018-04-19T01:53:50.000Z","volume":16000,"label":" ","price":6.78},{"type":"A","date":"2018-04-19T01:53:52.000Z","volume":5000,"label":" ","price":6.78},{"type":"A","date":"2018-04-19T01:53:53.000Z","volume":295000,"label":" ","price":6.78},{"type":"A","date":"2018-04-19T01:53:54.000Z","volume":15000,"label":" ","price":6.79},{"type":"B","date":"2018-04-19T01:53:54.000Z","volume":43000,"label":" ","price":6.78},{"type":"B","date":"2018-04-19T01:53:54.000Z","volume":165000,"label":" ","price":6.77},{"type":"A","date":"2018-04-19T01:53:58.000Z","volume":3000,"label":" ","price":6.78},{"type":"B","date":"2018-04-19T01:54:00.000Z","volume":1000,"label":" ","price":6.77},{"type":"A","date":"2018-04-19T01:54:04.000Z","volume":2000,"label":" ","price":6.78},{"type":"B","date":"2018-04-19T01:54:07.000Z","volume":1000,"label":" ","price":6.77},{"type":"A","date":"2018-04-19T01:54:21.000Z","volume":3000,"label":" ","price":6.78},{"type":"A","date":"2018-04-19T01:54:21.000Z","volume":681000,"label":" ","price":6.78},{"type":"A","date":"2018-04-19T01:54:21.000Z","volume":36000,"label":" ","price":6.79},{"type":"A","date":"2018-04-19T01:54:21.000Z","volume":227000,"label":" ","price":6.79},{"type":"A","date":"2018-04-19T01:54:21.000Z","volume":244000,"label":" ","price":6.79},{"type":"A","date":"2018-04-19T01:54:21.000Z","volume":9000,"label":" ","price":6.79},{"type":"A","date":"2018-04-19T01:54:21.000Z","volume":10000,"label":" ","price":6.79},{"type":"A","date":"2018-04-19T01:54:21.000Z","volume":17000,"label":" ","price":6.79},{"type":"A","date":"2018-04-19T01:54:21.000Z","volume":93000,"label":" ","price":6.8},{"type":"A","date":"2018-04-19T01:54:22.000Z","volume":11000,"label":" ","price":6.79},{"type":"A","date":"2018-04-19T01:54:22.000Z","volume":12000,"label":" ","price":6.8},{"type":"A","date":"2018-04-19T01:54:22.000Z","volume":4000,"label":" ","price":6.8},{"type":"B","date":"2018-04-19T01:54:22.000Z","volume":44000,"label":" ","price":6.79},{"type":"A","date":"2018-04-19T01:54:22.000Z","volume":14000,"label":" ","price":6.8},{"type":"B","date":"2018-04-19T01:54:24.000Z","volume":468000,"label":" ","price":6.78},{"type":"B","date":"2018-04-19T01:54:24.000Z","volume":227000,"label":" ","price":6.78},{"type":"B","date":"2018-04-19T01:54:24.000Z","volume":39000,"label":" ","price":6.78},{"type":"B","date":"2018-04-19T01:54:24.000Z","volume":83000,"label":" ","price":6.78},{"type":"B","date":"2018-04-19T01:54:24.000Z","volume":17000,"label":" ","price":6.78},{"type":"B","date":"2018-04-19T01:54:24.000Z","volume":30000,"label":" ","price":6.78},{"type":"A","date":"2018-04-19T01:54:24.000Z","volume":169000,"label":" ","price":6.79},{"type":"A","date":"2018-04-19T01:54:24.000Z","volume":109000,"label":" ","price":6.8},{"type":"A","date":"2018-04-19T01:54:24.000Z","volume":30000,"label":" ","price":6.79},{"type":"A","date":"2018-04-19T01:54:24.000Z","volume":30000,"label":" ","price":6.79},{"type":"A","date":"2018-04-19T01:54:24.000Z","volume":10000,"label":" ","price":6.8},{"type":"A","date":"2018-04-19T01:54:24.000Z","volume":7000,"label":" ","price":6.8},{"type":"A","date":"2018-04-19T01:54:24.000Z","volume":8000,"label":" ","price":6.8},{"type":"A","date":"2018-04-19T01:54:24.000Z","volume":3000,"label":" ","price":6.8},{"type":"A","date":"2018-04-19T01:54:24.000Z","volume":1000,"label":" ","price":6.8},{"type":"A","date":"2018-04-19T01:54:24.000Z","volume":1000,"label":" ","price":6.8},{"type":"B","date":"2018-04-19T01:54:26.000Z","volume":255000,"label":" ","price":6.78},{"type":"A","date":"2018-04-19T01:54:26.000Z","volume":67000,"label":" ","price":6.79},{"type":"A","date":"2018-04-19T01:54:26.000Z","volume":31000,"label":" ","price":6.79},{"type":"A","date":"2018-04-19T01:54:27.000Z","volume":85000,"label":" ","price":6.8},{"type":"A","date":"2018-04-19T01:54:27.000Z","volume":5000,"label":" ","price":6.8},{"type":"A","date":"2018-04-19T01:54:27.000Z","volume":26000,"label":" ","price":6.8},{"type":"A","date":"2018-04-19T01:54:27.000Z","volume":2000,"label":" ","price":6.8},{"type":"U","date":"2018-04-19T01:54:28.000Z","volume":20000,"label":" ","price":6.79},{"type":"A","date":"2018-04-19T01:54:28.000Z","volume":7000,"label":" ","price":6.8},{"type":"B","date":"2018-04-19T01:54:29.000Z","volume":24000,"label":" ","price":6.79},{"type":"B","date":"2018-04-19T01:54:29.000Z","volume":57000,"label":" ","price":6.78},{"type":"A","date":"2018-04-19T01:54:30.000Z","volume":27000,"label":" ","price":6.8},{"type":"A","date":"2018-04-19T01:54:30.000Z","volume":9000,"label":" ","price":6.8},{"type":"U","date":"2018-04-19T01:54:30.000Z","volume":1000,"label":"X","price":6.795},{"type":"A","date":"2018-04-19T01:54:30.000Z","volume":3000,"label":" ","price":6.8},{"type":"B","date":"2018-04-19T01:54:32.000Z","volume":13000,"label":" ","price":6.79},{"type":"A","date":"2018-04-19T01:54:33.000Z","volume":4000,"label":" ","price":6.8},{"type":"B","date":"2018-04-19T01:54:36.000Z","volume":1000,"label":" ","price":6.79},{"type":"U","date":"2018-04-19T01:54:39.000Z","volume":17000,"label":"X","price":6.795},{"type":"B","date":"2018-04-19T01:54:44.000Z","volume":10000,"label":" ","price":6.79},{"type":"A","date":"2018-04-19T01:54:44.000Z","volume":4000,"label":" ","price":6.8},{"type":"B","date":"2018-04-19T01:54:45.000Z","volume":5000,"label":" ","price":6.79},{"type":"A","date":"2018-04-19T01:54:45.000Z","volume":1000,"label":" ","price":6.8},{"type":"B","date":"2018-04-19T01:54:52.000Z","volume":6000,"label":" ","price":6.79},{"type":"B","date":"2018-04-19T01:54:52.000Z","volume":2000,"label":" ","price":6.79},{"type":"A","date":"2018-04-19T01:54:52.000Z","volume":2000,"label":" ","price":6.8},{"type":"B","date":"2018-04-19T01:54:52.000Z","volume":500000,"label":" ","price":6.79},{"type":"B","date":"2018-04-19T01:54:52.000Z","volume":90000,"label":" ","price":6.79},{"type":"B","date":"2018-04-19T01:54:52.000Z","volume":96000,"label":" ","price":6.79},{"type":"B","date":"2018-04-19T01:54:52.000Z","volume":90000,"label":" ","price":6.79},{"type":"B","date":"2018-04-19T01:54:52.000Z","volume":32000,"label":" ","price":6.79},{"type":"A","date":"2018-04-19T01:54:52.000Z","volume":1000,"label":" ","price":6.8},{"type":"A","date":"2018-04-19T01:54:52.000Z","volume":269000,"label":" ","price":6.8},{"type":"A","date":"2018-04-19T01:54:52.000Z","volume":14000,"label":" ","price":6.8},{"type":"A","date":"2018-04-19T01:54:53.000Z","volume":5000,"label":" ","price":6.8},{"type":"B","date":"2018-04-19T01:54:56.000Z","volume":367000,"label":" ","price":6.79},{"type":"B","date":"2018-04-19T01:54:56.000Z","volume":116000,"label":" ","price":6.79},{"type":"A","date":"2018-04-19T01:54:56.000Z","volume":2000,"label":" ","price":6.79},{"type":"A","date":"2018-04-19T01:54:56.000Z","volume":30000,"label":" ","price":6.79},{"type":"A","date":"2018-04-19T01:54:56.000Z","volume":131000,"label":" ","price":6.8},{"type":"A","date":"2018-04-19T01:54:57.000Z","volume":1000,"label":" ","price":6.8},{"type":"U","date":"2018-04-19T01:54:58.000Z","volume":850,"label":"D","price":6.71},{"type":"B","date":"2018-04-19T01:54:59.000Z","volume":93000,"label":" ","price":6.78},{"type":"U","date":"2018-04-19T01:54:59.000Z","volume":21000,"label":" ","price":6.79},{"type":"A","date":"2018-04-19T01:54:59.000Z","volume":10000,"label":" ","price":6.8},{"type":"U","date":"2018-04-19T01:55:00.000Z","volume":10000,"label":" ","price":6.79},{"type":"A","date":"2018-04-19T01:55:00.000Z","volume":3000,"label":" ","price":6.8},{"type":"B","date":"2018-04-19T01:55:00.000Z","volume":5000,"label":" ","price":6.78},{"type":"U","date":"2018-04-19T01:55:00.000Z","volume":20000,"label":" ","price":6.79},{"type":"A","date":"2018-04-19T01:55:01.000Z","volume":2000,"label":" ","price":6.8},{"type":"A","date":"2018-04-19T01:55:01.000Z","volume":6000,"label":" ","price":6.8},{"type":"B","date":"2018-04-19T01:55:01.000Z","volume":13000,"label":" ","price":6.79},{"type":"B","date":"2018-04-19T01:55:01.000Z","volume":7000,"label":" ","price":6.79},{"type":"B","date":"2018-04-19T01:55:01.000Z","volume":20000,"label":" ","price":6.79},{"type":"A","date":"2018-04-19T01:55:02.000Z","volume":7000,"label":" ","price":6.8},{"type":"B","date":"2018-04-19T01:55:02.000Z","volume":26000,"label":" ","price":6.78},{"type":"A","date":"2018-04-19T01:55:02.000Z","volume":4000,"label":" ","price":6.8},{"type":"A","date":"2018-04-19T01:55:02.000Z","volume":1000,"label":" ","price":6.8},{"type":"A","date":"2018-04-19T01:55:02.000Z","volume":9000,"label":" ","price":6.8},{"type":"A","date":"2018-04-19T01:55:02.000Z","volume":1000,"label":" ","price":6.8},{"type":"A","date":"2018-04-19T01:55:03.000Z","volume":4000,"label":" ","price":6.8},{"type":"A","date":"2018-04-19T01:55:03.000Z","volume":2000,"label":" ","price":6.8},{"type":"A","date":"2018-04-19T01:55:04.000Z","volume":8000,"label":" ","price":6.8},{"type":"A","date":"2018-04-19T01:55:04.000Z","volume":2000,"label":" ","price":6.8},{"type":"B","date":"2018-04-19T01:55:04.000Z","volume":26000,"label":" ","price":6.79},{"type":"A","date":"2018-04-19T01:55:04.000Z","volume":2000,"label":" ","price":6.8},{"type":"A","date":"2018-04-19T01:55:04.000Z","volume":9000,"label":" ","price":6.8},{"type":"A","date":"2018-04-19T01:55:05.000Z","volume":1000,"label":" ","price":6.8},{"type":"U","date":"2018-04-19T01:55:05.000Z","volume":254,"label":"D","price":6.72},{"type":"B","date":"2018-04-19T01:55:07.000Z","volume":4000,"label":" ","price":6.79},{"type":"A","date":"2018-04-19T01:55:07.000Z","volume":1000,"label":" ","price":6.8},{"type":"B","date":"2018-04-19T01:55:08.000Z","volume":480000,"label":" ","price":6.79},{"type":"B","date":"2018-04-19T01:55:08.000Z","volume":187000,"label":" ","price":6.79},{"type":"B","date":"2018-04-19T01:55:08.000Z","volume":30000,"label":" ","price":6.79},{"type":"A","date":"2018-04-19T01:55:08.000Z","volume":222000,"label":" ","price":6.8},{"type":"A","date":"2018-04-19T01:55:09.000Z","volume":10000,"label":" ","price":6.8},{"type":"B","date":"2018-04-19T01:55:10.000Z","volume":15000,"label":" ","price":6.79},{"type":"B","date":"2018-04-19T01:55:10.000Z","volume":295000,"label":" ","price":6.78},{"type":"B","date":"2018-04-19T01:55:10.000Z","volume":122000,"label":" ","price":6.79},{"type":"A","date":"2018-04-19T01:55:10.000Z","volume":104000,"label":" ","price":6.8},{"type":"A","date":"2018-04-19T01:55:10.000Z","volume":6000,"label":" ","price":6.8},{"type":"A","date":"2018-04-19T01:55:10.000Z","volume":32000,"label":" ","price":6.8},{"type":"B","date":"2018-04-19T01:55:11.000Z","volume":10000,"label":" ","price":6.79},{"type":"A","date":"2018-04-19T01:55:11.000Z","volume":2000,"label":" ","price":6.8},{"type":"A","date":"2018-04-19T01:55:11.000Z","volume":3000,"label":" ","price":6.8},{"type":"A","date":"2018-04-19T01:55:11.000Z","volume":1000,"label":" ","price":6.8},{"type":"U","date":"2018-04-19T01:55:11.000Z","volume":16000,"label":"X","price":6.795},{"type":"A","date":"2018-04-19T01:55:12.000Z","volume":24000,"label":" ","price":6.8},{"type":"A","date":"2018-04-19T01:55:12.000Z","volume":8000,"label":" ","price":6.8},{"type":"B","date":"2018-04-19T01:55:13.000Z","volume":104000,"label":" ","price":6.79},{"type":"A","date":"2018-04-19T01:55:13.000Z","volume":34000,"label":" ","price":6.8},{"type":"B","date":"2018-04-19T01:55:15.000Z","volume":11000,"label":" ","price":6.79},{"type":"A","date":"2018-04-19T01:55:15.000Z","volume":2000,"label":" ","price":6.8},{"type":"A","date":"2018-04-19T01:55:16.000Z","volume":5000,"label":" ","price":6.8},{"type":"B","date":"2018-04-19T01:55:18.000Z","volume":10000,"label":" ","price":6.79},{"type":"A","date":"2018-04-19T01:55:19.000Z","volume":3000,"label":" ","price":6.8},{"type":"B","date":"2018-04-19T01:55:19.000Z","volume":7000,"label":" ","price":6.79},{"type":"A","date":"2018-04-19T01:55:20.000Z","volume":2000,"label":" ","price":6.8},{"type":"A","date":"2018-04-19T01:55:24.000Z","volume":5000,"label":" ","price":6.8},{"type":"A","date":"2018-04-19T01:55:24.000Z","volume":2000,"label":" ","price":6.8},{"type":"U","date":"2018-04-19T01:55:26.000Z","volume":9000,"label":"X","price":6.795},{"type":"B","date":"2018-04-19T01:55:27.000Z","volume":3000,"label":" ","price":6.79},{"type":"A","date":"2018-04-19T01:55:27.000Z","volume":1000,"label":" ","price":6.8},{"type":"B","date":"2018-04-19T01:55:28.000Z","volume":10000,"label":" ","price":6.79},{"type":"A","date":"2018-04-19T01:55:29.000Z","volume":3000,"label":" ","price":6.8},{"type":"A","date":"2018-04-19T01:55:29.000Z","volume":2000,"label":" ","price":6.8},{"type":"A","date":"2018-04-19T01:55:29.000Z","volume":1000,"label":" ","price":6.8},{"type":"B","date":"2018-04-19T01:55:30.000Z","volume":5000,"label":" ","price":6.79},{"type":"A","date":"2018-04-19T01:55:30.000Z","volume":2000,"label":" ","price":6.8},{"type":"B","date":"2018-04-19T01:55:33.000Z","volume":1000,"label":" ","price":6.79},{"type":"B","date":"2018-04-19T01:55:34.000Z","volume":1000,"label":" ","price":6.79},{"type":"U","date":"2018-04-19T01:55:38.000Z","volume":1000,"label":"X","price":6.795},{"type":"B","date":"2018-04-19T01:55:48.000Z","volume":20000,"label":" ","price":6.79},{"type":"A","date":"2018-04-19T01:55:49.000Z","volume":7000,"label":" ","price":6.8},{"type":"B","date":"2018-04-19T01:55:51.000Z","volume":9000,"label":" ","price":6.79},{"type":"A","date":"2018-04-19T01:55:51.000Z","volume":3000,"label":" ","price":6.8},{"type":"B","date":"2018-04-19T01:55:53.000Z","volume":10000,"label":" ","price":6.79},{"type":"B","date":"2018-04-19T01:55:53.000Z","volume":1000,"label":" ","price":6.79},{"type":"A","date":"2018-04-19T01:55:53.000Z","volume":3000,"label":" ","price":6.8},{"type":"A","date":"2018-04-19T01:55:53.000Z","volume":1000,"label":" ","price":6.8},{"type":"B","date":"2018-04-19T01:55:56.000Z","volume":5000,"label":" ","price":6.79},{"type":"A","date":"2018-04-19T01:55:56.000Z","volume":1000,"label":" ","price":6.8},{"type":"A","date":"2018-04-19T01:56:01.000Z","volume":805000,"label":" ","price":6.8},{"type":"A","date":"2018-04-19T01:56:01.000Z","volume":671000,"label":" ","price":6.8},{"type":"A","date":"2018-04-19T01:56:01.000Z","volume":315000,"label":" ","price":6.8},{"type":"A","date":"2018-04-19T01:56:01.000Z","volume":57000,"label":" ","price":6.8},{"type":"A","date":"2018-04-19T01:56:02.000Z","volume":489000,"label":" ","price":6.81},{"type":"A","date":"2018-04-19T01:56:02.000Z","volume":15000,"label":" ","price":6.81},{"type":"A","date":"2018-04-19T01:56:02.000Z","volume":92000,"label":" ","price":6.81},{"type":"A","date":"2018-04-19T01:56:02.000Z","volume":132000,"label":" ","price":6.82},{"type":"A","date":"2018-04-19T01:56:02.000Z","volume":31000,"label":" ","price":6.82},{"type":"B","date":"2018-04-19T01:56:03.000Z","volume":148000,"label":" ","price":6.81},{"type":"B","date":"2018-04-19T01:56:03.000Z","volume":30000,"label":" ","price":6.81},{"type":"B","date":"2018-04-19T01:56:03.000Z","volume":45000,"label":" ","price":6.81},{"type":"A","date":"2018-04-19T01:56:03.000Z","volume":49000,"label":" ","price":6.82},{"type":"A","date":"2018-04-19T01:56:03.000Z","volume":9000,"label":" ","price":6.82},{"type":"A","date":"2018-04-19T01:56:03.000Z","volume":13000,"label":" ","price":6.82},{"type":"B","date":"2018-04-19T01:56:03.000Z","volume":942000,"label":" ","price":6.8},{"type":"U","date":"2018-04-19T01:56:03.000Z","volume":192000,"label":" ","price":6.81},{"type":"U","date":"2018-04-19T01:56:03.000Z","volume":30000,"label":" ","price":6.81},{"type":"A","date":"2018-04-19T01:56:04.000Z","volume":3000,"label":" ","price":6.82},{"type":"A","date":"2018-04-19T01:56:04.000Z","volume":377000,"label":" ","price":6.82},{"type":"A","date":"2018-04-19T01:56:04.000Z","volume":11000,"label":" ","price":6.82},{"type":"U","date":"2018-04-19T01:56:04.000Z","volume":249000,"label":" ","price":6.81},{"type":"A","date":"2018-04-19T01:56:04.000Z","volume":83000,"label":" ","price":6.82},{"type":"B","date":"2018-04-19T01:56:05.000Z","volume":46000,"label":" ","price":6.81},{"type":"A","date":"2018-04-19T01:56:05.000Z","volume":16000,"label":" ","price":6.82},{"type":"U","date":"2018-04-19T01:56:06.000Z","volume":71,"label":"D","price":6.76},{"type":"A","date":"2018-04-19T01:56:07.000Z","volume":169000,"label":" ","price":6.82},{"type":"A","date":"2018-04-19T01:56:07.000Z","volume":100000,"label":" ","price":6.82},{"type":"A","date":"2018-04-19T01:56:07.000Z","volume":56000,"label":" ","price":6.83},{"type":"A","date":"2018-04-19T01:56:07.000Z","volume":15000,"label":" ","price":6.83},{"type":"A","date":"2018-04-19T01:56:07.000Z","volume":13000,"label":" ","price":6.83},{"type":"A","date":"2018-04-19T01:56:07.000Z","volume":1000,"label":" ","price":6.83},{"type":"A","date":"2018-04-19T01:56:07.000Z","volume":4000,"label":" ","price":6.83},{"type":"B","date":"2018-04-19T01:56:10.000Z","volume":4000,"label":" ","price":6.81},{"type":"A","date":"2018-04-19T01:56:10.000Z","volume":2000,"label":" ","price":6.83},{"type":"U","date":"2018-04-19T01:56:11.000Z","volume":10000,"label":" ","price":6.82},{"type":"U","date":"2018-04-19T01:56:12.000Z","volume":3000,"label":" ","price":6.82},{"type":"B","date":"2018-04-19T01:56:16.000Z","volume":6000,"label":" ","price":6.81},{"type":"A","date":"2018-04-19T01:56:16.000Z","volume":2000,"label":" ","price":6.82},{"type":"B","date":"2018-04-19T01:56:19.000Z","volume":8000,"label":" ","price":6.81},{"type":"A","date":"2018-04-19T01:56:19.000Z","volume":3000,"label":" ","price":6.82},{"type":"A","date":"2018-04-19T01:56:20.000Z","volume":19000,"label":" ","price":6.82},{"type":"A","date":"2018-04-19T01:56:20.000Z","volume":6000,"label":" ","price":6.82},{"type":"A","date":"2018-04-19T01:56:20.000Z","volume":1000,"label":" ","price":6.82},{"type":"B","date":"2018-04-19T01:56:36.000Z","volume":5000,"label":" ","price":6.81},{"type":"A","date":"2018-04-19T01:56:36.000Z","volume":2000,"label":" ","price":6.82},{"type":"U","date":"2018-04-19T01:56:37.000Z","volume":1000,"label":"X","price":6.815},{"type":"U","date":"2018-04-19T01:56:40.000Z","volume":451,"label":"D","price":6.75},{"type":"B","date":"2018-04-19T01:56:40.000Z","volume":723000,"label":" ","price":6.81},{"type":"B","date":"2018-04-19T01:56:40.000Z","volume":1277000,"label":" ","price":6.8},{"type":"B","date":"2018-04-19T01:56:40.000Z","volume":23000,"label":" ","price":6.81},{"type":"B","date":"2018-04-19T01:56:40.000Z","volume":3000,"label":" ","price":6.81},{"type":"B","date":"2018-04-19T01:56:41.000Z","volume":134000,"label":" ","price":6.81},{"type":"A","date":"2018-04-19T01:56:41.000Z","volume":355000,"label":" ","price":6.82},{"type":"A","date":"2018-04-19T01:56:41.000Z","volume":23000,"label":" ","price":6.82},{"type":"A","date":"2018-04-19T01:56:41.000Z","volume":141000,"label":" ","price":6.82},{"type":"A","date":"2018-04-19T01:56:41.000Z","volume":15000,"label":" ","price":6.83},{"type":"U","date":"2018-04-19T01:56:41.000Z","volume":19000,"label":" ","price":6.81},{"type":"U","date":"2018-04-19T01:56:41.000Z","volume":30000,"label":" ","price":6.81},{"type":"A","date":"2018-04-19T01:56:41.000Z","volume":7000,"label":" ","price":6.83},{"type":"B","date":"2018-04-19T01:56:41.000Z","volume":30000,"label":" ","price":6.8},{"type":"U","date":"2018-04-19T01:56:41.000Z","volume":5000,"label":" ","price":6.81},{"type":"A","date":"2018-04-19T01:56:41.000Z","volume":9000,"label":" ","price":6.82},{"type":"A","date":"2018-04-19T01:56:41.000Z","volume":8000,"label":" ","price":6.83},{"type":"A","date":"2018-04-19T01:56:42.000Z","volume":2000,"label":" ","price":6.83},{"type":"A","date":"2018-04-19T01:56:42.000Z","volume":2000,"label":" ","price":6.83},{"type":"U","date":"2018-04-19T01:56:42.000Z","volume":1000,"label":" ","price":6.82},{"type":"A","date":"2018-04-19T01:56:44.000Z","volume":4000,"label":" ","price":6.82},{"type":"A","date":"2018-04-19T01:56:44.000Z","volume":1000,"label":" ","price":6.82},{"type":"A","date":"2018-04-19T01:56:47.000Z","volume":33000,"label":" ","price":6.82},{"type":"B","date":"2018-04-19T01:56:47.000Z","volume":6000,"label":" ","price":6.81},{"type":"A","date":"2018-04-19T01:56:47.000Z","volume":11000,"label":" ","price":6.82},{"type":"A","date":"2018-04-19T01:56:47.000Z","volume":2000,"label":" ","price":6.82},{"type":"B","date":"2018-04-19T01:56:49.000Z","volume":10000,"label":" ","price":6.81},{"type":"A","date":"2018-04-19T01:56:49.000Z","volume":3000,"label":" ","price":6.82},{"type":"U","date":"2018-04-19T01:57:00.000Z","volume":17000,"label":"X","price":6.815},{"type":"A","date":"2018-04-19T01:57:04.000Z","volume":2000,"label":" ","price":6.82},{"type":"A","date":"2018-04-19T01:57:04.000Z","volume":1000,"label":" ","price":6.82},{"type":"B","date":"2018-04-19T01:57:09.000Z","volume":20000,"label":" ","price":6.81},{"type":"A","date":"2018-04-19T01:57:09.000Z","volume":7000,"label":" ","price":6.82},{"type":"B","date":"2018-04-19T01:57:10.000Z","volume":1000000,"label":" ","price":6.81},{"type":"B","date":"2018-04-19T01:57:10.000Z","volume":187000,"label":" ","price":6.81},{"type":"B","date":"2018-04-19T01:57:10.000Z","volume":52000,"label":" ","price":6.81},{"type":"A","date":"2018-04-19T01:57:10.000Z","volume":14000,"label":" ","price":6.81},{"type":"A","date":"2018-04-19T01:57:10.000Z","volume":12000,"label":" ","price":6.81},{"type":"A","date":"2018-04-19T01:57:10.000Z","volume":401000,"label":" ","price":6.82},{"type":"A","date":"2018-04-19T01:57:10.000Z","volume":4000,"label":" ","price":6.82},{"type":"U","date":"2018-04-19T01:57:17.000Z","volume":5000,"label":" ","price":6.81},{"type":"A","date":"2018-04-19T01:57:17.000Z","volume":2000,"label":" ","price":6.82},{"type":"A","date":"2018-04-19T01:57:19.000Z","volume":1000,"label":" ","price":6.81},{"type":"B","date":"2018-04-19T01:57:20.000Z","volume":136000,"label":" ","price":6.8},{"type":"A","date":"2018-04-19T01:57:20.000Z","volume":17000,"label":" ","price":6.81},{"type":"A","date":"2018-04-19T01:57:21.000Z","volume":25000,"label":" ","price":6.81},{"type":"A","date":"2018-04-19T01:57:21.000Z","volume":26000,"label":" ","price":6.82},{"type":"B","date":"2018-04-19T01:57:23.000Z","volume":19000,"label":" ","price":6.81},{"type":"U","date":"2018-04-19T01:57:23.000Z","volume":600,"label":"D","price":6.76},{"type":"A","date":"2018-04-19T01:57:23.000Z","volume":7000,"label":" ","price":6.82},{"type":"A","date":"2018-04-19T01:57:23.000Z","volume":3000,"label":" ","price":6.82},{"type":"A","date":"2018-04-19T01:57:23.000Z","volume":1000,"label":" ","price":6.82},{"type":"A","date":"2018-04-19T01:57:29.000Z","volume":10000,"label":"Y","price":6.82},{"type":"A","date":"2018-04-19T01:57:29.000Z","volume":207000,"label":" ","price":6.82},{"type":"A","date":"2018-04-19T01:57:29.000Z","volume":11000,"label":" ","price":6.82},{"type":"A","date":"2018-04-19T01:57:29.000Z","volume":69000,"label":" ","price":6.82},{"type":"A","date":"2018-04-19T01:57:29.000Z","volume":3000,"label":" ","price":6.82},{"type":"B","date":"2018-04-19T01:57:30.000Z","volume":10000,"label":" ","price":6.81},{"type":"A","date":"2018-04-19T01:57:30.000Z","volume":4000,"label":" ","price":6.82},{"type":"A","date":"2018-04-19T01:57:32.000Z","volume":4000,"label":" ","price":6.82},{"type":"A","date":"2018-04-19T01:57:32.000Z","volume":1000,"label":" ","price":6.82},{"type":"B","date":"2018-04-19T01:57:34.000Z","volume":10000,"label":" ","price":6.81},{"type":"A","date":"2018-04-19T01:57:34.000Z","volume":3000,"label":" ","price":6.82},{"type":"B","date":"2018-04-19T01:57:36.000Z","volume":10000,"label":" ","price":6.81},{"type":"A","date":"2018-04-19T01:57:37.000Z","volume":4000,"label":" ","price":6.82},{"type":"B","date":"2018-04-19T01:57:41.000Z","volume":1000000,"label":" ","price":6.81},{"type":"A","date":"2018-04-19T01:57:41.000Z","volume":333000,"label":" ","price":6.82},{"type":"A","date":"2018-04-19T01:57:41.000Z","volume":3000,"label":"Y","price":6.82},{"type":"A","date":"2018-04-19T01:57:41.000Z","volume":15000,"label":" ","price":6.82},{"type":"A","date":"2018-04-19T01:57:42.000Z","volume":5000,"label":" ","price":6.82},{"type":"U","date":"2018-04-19T01:57:50.000Z","volume":1000,"label":"X","price":6.815},{"type":"B","date":"2018-04-19T01:57:53.000Z","volume":10000,"label":" ","price":6.81},{"type":"A","date":"2018-04-19T01:57:53.000Z","volume":3000,"label":" ","price":6.82},{"type":"U","date":"2018-04-19T01:57:59.000Z","volume":16000,"label":"X","price":6.815},{"type":"A","date":"2018-04-19T01:58:05.000Z","volume":2000,"label":" ","price":6.82},{"type":"A","date":"2018-04-19T01:58:05.000Z","volume":1000,"label":" ","price":6.82},{"type":"B","date":"2018-04-19T01:58:11.000Z","volume":10000,"label":" ","price":6.81},{"type":"A","date":"2018-04-19T01:58:11.000Z","volume":100000,"label":" ","price":6.82},{"type":"A","date":"2018-04-19T01:58:11.000Z","volume":6000,"label":" ","price":6.82},{"type":"A","date":"2018-04-19T01:58:11.000Z","volume":3000,"label":" ","price":6.82},{"type":"A","date":"2018-04-19T01:58:11.000Z","volume":33000,"label":" ","price":6.82},{"type":"A","date":"2018-04-19T01:58:11.000Z","volume":3000,"label":" ","price":6.82},{"type":"U","date":"2018-04-19T01:58:11.000Z","volume":1000,"label":"X","price":6.815},{"type":"A","date":"2018-04-19T01:58:15.000Z","volume":6000,"label":" ","price":6.82},{"type":"A","date":"2018-04-19T01:58:15.000Z","volume":2000,"label":" ","price":6.82},{"type":"A","date":"2018-04-19T01:58:15.000Z","volume":2000,"label":" ","price":6.82},{"type":"B","date":"2018-04-19T01:58:17.000Z","volume":127000,"label":" ","price":6.81},{"type":"A","date":"2018-04-19T01:58:18.000Z","volume":43000,"label":" ","price":6.82},{"type":"A","date":"2018-04-19T01:58:18.000Z","volume":3000,"label":" ","price":6.82},{"type":"A","date":"2018-04-19T01:58:18.000Z","volume":1000,"label":" ","price":6.82},{"type":"U","date":"2018-04-19T01:58:33.000Z","volume":8000,"label":"X","price":6.815},{"type":"B","date":"2018-04-19T01:58:45.000Z","volume":50000,"label":" ","price":6.81},{"type":"A","date":"2018-04-19T01:58:45.000Z","volume":16000,"label":" ","price":6.82},{"type":"B","date":"2018-04-19T01:58:48.000Z","volume":20000,"label":" ","price":6.81},{"type":"A","date":"2018-04-19T01:58:48.000Z","volume":7000,"label":" ","price":6.82},{"type":"U","date":"2018-04-19T01:58:49.000Z","volume":16000,"label":"X","price":6.815},{"type":"U","date":"2018-04-19T01:58:51.000Z","volume":540,"label":"D","price":6.76},{"type":"U","date":"2018-04-19T01:58:52.000Z","volume":1000,"label":"X","price":6.815},{"type":"A","date":"2018-04-19T01:58:53.000Z","volume":50000,"label":" ","price":6.82},{"type":"B","date":"2018-04-19T01:58:53.000Z","volume":40000,"label":" ","price":6.81},{"type":"A","date":"2018-04-19T01:58:53.000Z","volume":4000,"label":" ","price":6.82},{"type":"A","date":"2018-04-19T01:58:53.000Z","volume":17000,"label":" ","price":6.82},{"type":"A","date":"2018-04-19T01:58:54.000Z","volume":7000,"label":" ","price":6.82},{"type":"A","date":"2018-04-19T01:58:54.000Z","volume":5000,"label":" ","price":6.82},{"type":"B","date":"2018-04-19T01:58:54.000Z","volume":20000,"label":" ","price":6.81},{"type":"A","date":"2018-04-19T01:58:54.000Z","volume":1000,"label":" ","price":6.82},{"type":"A","date":"2018-04-19T01:58:54.000Z","volume":1000,"label":" ","price":6.82},{"type":"A","date":"2018-04-19T01:58:54.000Z","volume":6000,"label":" ","price":6.82},{"type":"A","date":"2018-04-19T01:58:54.000Z","volume":1000,"label":" ","price":6.82},{"type":"A","date":"2018-04-19T01:58:58.000Z","volume":2000,"label":" ","price":6.82},{"type":"A","date":"2018-04-19T01:58:58.000Z","volume":1000,"label":" ","price":6.82},{"type":"B","date":"2018-04-19T01:58:59.000Z","volume":2299000,"label":" ","price":6.81},{"type":"B","date":"2018-04-19T01:58:59.000Z","volume":701000,"label":" ","price":6.8},{"type":"B","date":"2018-04-19T01:58:59.000Z","volume":947000,"label":" ","price":6.8},{"type":"B","date":"2018-04-19T01:58:59.000Z","volume":1043000,"label":" ","price":6.8},{"type":"B","date":"2018-04-19T01:58:59.000Z","volume":10000,"label":" ","price":6.8},{"type":"B","date":"2018-04-19T01:58:59.000Z","volume":9000,"label":" ","price":6.8},{"type":"B","date":"2018-04-19T01:58:59.000Z","volume":30000,"label":" ","price":6.8},{"type":"B","date":"2018-04-19T01:58:59.000Z","volume":1000,"label":" ","price":6.8},{"type":"B","date":"2018-04-19T01:58:59.000Z","volume":7000,"label":" ","price":6.81},{"type":"U","date":"2018-04-19T01:59:02.000Z","volume":102000,"label":" ","price":6.81},{"type":"A","date":"2018-04-19T01:59:05.000Z","volume":1000,"label":" ","price":6.81},{"type":"A","date":"2018-04-19T01:59:07.000Z","volume":7000,"label":" ","price":6.81},{"type":"U","date":"2018-04-19T01:59:28.000Z","volume":9000,"label":"X","price":6.805},{"type":"B","date":"2018-04-19T01:59:29.000Z","volume":60000,"label":" ","price":6.8},{"type":"B","date":"2018-04-19T01:59:32.000Z","volume":10000,"label":" ","price":6.8},{"type":"U","date":"2018-04-19T01:59:35.000Z","volume":1000,"label":"X","price":6.805},{"type":"B","date":"2018-04-19T01:59:37.000Z","volume":10000,"label":" ","price":6.8},{"type":"U","date":"2018-04-19T01:59:53.000Z","volume":17000,"label":"X","price":6.805},{"type":"B","date":"2018-04-19T01:59:57.000Z","volume":10000,"label":" ","price":6.8},{"type":"B","date":"2018-04-19T02:00:03.000Z","volume":5000,"label":" ","price":6.8},{"type":"A","date":"2018-04-19T02:00:05.000Z","volume":2000,"label":" ","price":6.81},{"type":"B","date":"2018-04-19T02:00:05.000Z","volume":60000,"label":" ","price":6.8},{"type":"A","date":"2018-04-19T02:00:05.000Z","volume":5000,"label":" ","price":6.81},{"type":"U","date":"2018-04-19T02:00:16.000Z","volume":1000,"label":"X","price":6.805},{"type":"A","date":"2018-04-19T02:00:25.000Z","volume":10000,"label":" ","price":6.81},{"type":"A","date":"2018-04-19T02:00:25.000Z","volume":5000,"label":" ","price":6.81},{"type":"A","date":"2018-04-19T02:00:25.000Z","volume":1000,"label":" ","price":6.81},{"type":"A","date":"2018-04-19T02:00:25.000Z","volume":1000,"label":" ","price":6.81},{"type":"A","date":"2018-04-19T02:00:25.000Z","volume":1000,"label":" ","price":6.81},{"type":"A","date":"2018-04-19T02:00:26.000Z","volume":435000,"label":" ","price":6.81},{"type":"A","date":"2018-04-19T02:00:26.000Z","volume":14000,"label":" ","price":6.82},{"type":"A","date":"2018-04-19T02:00:28.000Z","volume":14000,"label":" ","price":6.82},{"type":"B","date":"2018-04-19T02:00:37.000Z","volume":1000,"label":" ","price":6.81},{"type":"U","date":"2018-04-19T02:00:54.000Z","volume":17000,"label":"X","price":6.815},{"type":"B","date":"2018-04-19T02:01:03.000Z","volume":20000,"label":" ","price":6.81},{"type":"A","date":"2018-04-19T02:01:05.000Z","volume":2000,"label":" ","price":6.82},{"type":"U","date":"2018-04-19T02:01:13.000Z","volume":1000,"label":"X","price":6.815},{"type":"B","date":"2018-04-19T02:01:14.000Z","volume":5000,"label":" ","price":6.81},{"type":"B","date":"2018-04-19T02:01:21.000Z","volume":5000,"label":" ","price":6.81},{"type":"A","date":"2018-04-19T02:01:29.000Z","volume":10000,"label":" ","price":6.82},{"type":"U","date":"2018-04-19T02:01:31.000Z","volume":17000,"label":"X","price":6.815},{"type":"B","date":"2018-04-19T02:01:41.000Z","volume":10000,"label":" ","price":6.81},{"type":"B","date":"2018-04-19T02:01:47.000Z","volume":1000,"label":" ","price":6.81},{"type":"B","date":"2018-04-19T02:01:51.000Z","volume":10000,"label":" ","price":6.81},{"type":"U","date":"2018-04-19T02:01:53.000Z","volume":9000,"label":"X","price":6.815},{"type":"U","date":"2018-04-19T02:01:56.000Z","volume":1000,"label":"X","price":6.815},{"type":"B","date":"2018-04-19T02:01:59.000Z","volume":5000,"label":" ","price":6.81},{"type":"B","date":"2018-04-19T02:02:03.000Z","volume":20000,"label":" ","price":6.81},{"type":"A","date":"2018-04-19T02:02:05.000Z","volume":2000,"label":" ","price":6.82},{"type":"A","date":"2018-04-19T02:02:06.000Z","volume":10000,"label":" ","price":6.82},{"type":"B","date":"2018-04-19T02:02:09.000Z","volume":10000,"label":" ","price":6.81},{"type":"B","date":"2018-04-19T02:02:10.000Z","volume":29000,"label":" ","price":6.81},{"type":"U","date":"2018-04-19T02:02:14.000Z","volume":9000,"label":"X","price":6.815}