[{"type":"B","date":"2018-03-22T01:40:33.000Z","volume":25000,"label":" ","price":0.29},{"type":"B","date":"2018-03-22T01:54:58.000Z","volume":80000,"label":" ","price":0.29},{"type":"B","date":"2018-03-22T01:54:58.000Z","volume":20000,"label":" ","price":0.29},{"type":"B","date":"2018-03-22T01:56:15.000Z","volume":5000,"label":" ","price":0.285},{"type":"B","date":"2018-03-22T02:22:22.000Z","volume":20000,"label":" ","price":0.285},{"type":"A","date":"2018-03-22T02:55:03.000Z","volume":264000,"label":" ","price":0.3},{"type":"A","date":"2018-03-22T02:55:03.000Z","volume":17000,"label":" ","price":0.3},{"type":"B","date":"2018-03-22T02:56:02.000Z","volume":10000,"label":" ","price":0.3},{"type":"B","date":"2018-03-22T02:56:56.000Z","volume":30000,"label":" ","price":0.3},{"type":"B","date":"2018-03-22T02:57:16.000Z","volume":20000,"label":" ","price":0.3},{"type":"B","date":"2018-03-22T02:57:30.000Z","volume":30000,"label":" ","price":0.3},{"type":"B","date":"2018-03-22T02:59:55.000Z","volume":20000,"label":" ","price":0.3},{"type":"B","date":"2018-03-22T03:01:41.000Z","volume":6000,"label":" ","price":0.3},{"type":"A","date":"2018-03-22T03:05:06.000Z","volume":124000,"label":" ","price":0.3},{"type":"B","date":"2018-03-22T03:11:12.000Z","volume":300000,"label":" ","price":0.3},{"type":"B","date":"2018-03-22T03:12:57.000Z","volume":29000,"label":" ","price":0.3},{"type":"B","date":"2018-03-22T03:16:00.000Z","volume":40000,"label":" ","price":0.3},{"type":"B","date":"2018-03-22T03:19:06.000Z","volume":100000,"label":" ","price":0.3},{"type":"B","date":"2018-03-22T03:20:17.000Z","volume":30000,"label":" ","price":0.3},{"type":"B","date":"2018-03-22T03:20:57.000Z","volume":233000,"label":" ","price":0.3},{"type":"B","date":"2018-03-22T03:21:31.000Z","volume":80000,"label":" ","price":0.3},{"type":"B","date":"2018-03-22T03:21:58.000Z","volume":60000,"label":" ","price":0.3},{"type":"B","date":"2018-03-22T03:23:29.000Z","volume":4000,"label":" ","price":0.3},{"type":"A","date":"2018-03-22T03:46:46.000Z","volume":100000,"label":" ","price":0.3},{"type":"B","date":"2018-03-22T03:49:01.000Z","volume":2000,"label":" ","price":0.29},{"type":"B","date":"2018-03-22T05:44:55.000Z","volume":10000,"label":" ","price":0.29},{"type":"B","date":"2018-03-22T05:55:54.000Z","volume":10000,"label":" ","price":0.29},{"type":"B","date":"2018-03-22T06:49:45.000Z","volume":1000,"label":" ","price":0.29},{"type":"B","date":"2018-03-22T07:46:23.000Z","volume":111000,"label":" ","price":0.29},{"type":"B","date":"2018-03-22T07:59:13.000Z","volume":11000,"label":" ","price":0.29}]