[{"type":"U","date":"2018-05-04T01:05:01.000Z","volume":16000,"label":"P","price":7.695},{"type":"U","date":"2018-05-04T01:20:00.000Z","volume":8000,"label":"U","price":7.95},{"type":"A","date":"2018-05-04T01:30:01.000Z","volume":2000,"label":" ","price":7.97},{"type":"B","date":"2018-05-04T01:30:37.000Z","volume":10000,"label":" ","price":7.96},{"type":"B","date":"2018-05-04T01:30:37.000Z","volume":2000,"label":" ","price":7.96},{"type":"B","date":"2018-05-04T01:30:42.000Z","volume":2000,"label":" ","price":7.95},{"type":"B","date":"2018-05-04T01:30:46.000Z","volume":2000,"label":" ","price":7.95},{"type":"A","date":"2018-05-04T01:31:07.000Z","volume":4000,"label":" ","price":7.96},{"type":"B","date":"2018-05-04T01:31:13.000Z","volume":20000,"label":" ","price":7.95},{"type":"B","date":"2018-05-04T01:31:13.000Z","volume":58000,"label":" ","price":7.95},{"type":"B","date":"2018-05-04T01:31:13.000Z","volume":2000,"label":" ","price":7.95},{"type":"B","date":"2018-05-04T01:31:13.000Z","volume":8000,"label":" ","price":7.94},{"type":"B","date":"2018-05-04T01:31:13.000Z","volume":8000,"label":" ","price":7.94},{"type":"B","date":"2018-05-04T01:31:13.000Z","volume":2000,"label":" ","price":7.95},{"type":"B","date":"2018-05-04T01:31:13.000Z","volume":16000,"label":" ","price":7.91},{"type":"B","date":"2018-05-04T01:31:13.000Z","volume":2000,"label":"Y","price":7.91},{"type":"B","date":"2018-05-04T01:31:13.000Z","volume":6000,"label":" ","price":7.91},{"type":"B","date":"2018-05-04T01:31:13.000Z","volume":2000,"label":"Y","price":7.9},{"type":"B","date":"2018-05-04T01:31:14.000Z","volume":16000,"label":" ","price":7.9},{"type":"B","date":"2018-05-04T01:31:15.000Z","volume":2000,"label":" ","price":7.88},{"type":"B","date":"2018-05-04T01:31:52.000Z","volume":2000,"label":" ","price":7.86},{"type":"B","date":"2018-05-04T01:32:01.000Z","volume":8000,"label":" ","price":7.87},{"type":"B","date":"2018-05-04T01:32:01.000Z","volume":4000,"label":" ","price":7.87},{"type":"B","date":"2018-05-04T01:32:10.000Z","volume":4000,"label":" ","price":7.87},{"type":"B","date":"2018-05-04T01:32:11.000Z","volume":2000,"label":" ","price":7.87},{"type":"B","date":"2018-05-04T01:32:11.000Z","volume":2000,"label":" ","price":7.87},{"type":"A","date":"2018-05-04T01:32:16.000Z","volume":2000,"label":" ","price":7.91},{"type":"B","date":"2018-05-04T01:32:18.000Z","volume":2000,"label":" ","price":7.87},{"type":"A","date":"2018-05-04T01:32:18.000Z","volume":2000,"label":" ","price":7.91},{"type":"U","date":"2018-05-04T01:32:21.000Z","volume":2000,"label":"X","price":7.89},{"type":"B","date":"2018-05-04T01:32:23.000Z","volume":2000,"label":" ","price":7.86},{"type":"B","date":"2018-05-04T01:32:23.000Z","volume":2000,"label":" ","price":7.86},{"type":"A","date":"2018-05-04T01:32:41.000Z","volume":24000,"label":" ","price":7.88},{"type":"A","date":"2018-05-04T01:32:43.000Z","volume":2000,"label":" ","price":7.88},{"type":"B","date":"2018-05-04T01:32:44.000Z","volume":12000,"label":" ","price":7.87},{"type":"A","date":"2018-05-04T01:32:46.000Z","volume":4000,"label":" ","price":7.88},{"type":"B","date":"2018-05-04T01:32:47.000Z","volume":4000,"label":" ","price":7.87},{"type":"A","date":"2018-05-04T01:32:47.000Z","volume":2000,"label":" ","price":7.88},{"type":"A","date":"2018-05-04T01:32:48.000Z","volume":2000,"label":" ","price":7.88},{"type":"B","date":"2018-05-04T01:32:49.000Z","volume":2000,"label":" ","price":7.87},{"type":"B","date":"2018-05-04T01:32:49.000Z","volume":4000,"label":" ","price":7.87},{"type":"A","date":"2018-05-04T01:32:50.000Z","volume":2000,"label":" ","price":7.88},{"type":"A","date":"2018-05-04T01:32:50.000Z","volume":12000,"label":" ","price":7.88},{"type":"A","date":"2018-05-04T01:32:51.000Z","volume":4000,"label":" ","price":7.88},{"type":"A","date":"2018-05-04T01:32:52.000Z","volume":4000,"label":" ","price":7.88},{"type":"A","date":"2018-05-04T01:32:52.000Z","volume":2000,"label":" ","price":7.88},{"type":"U","date":"2018-05-04T01:32:54.000Z","volume":2000,"label":" ","price":7.89},{"type":"U","date":"2018-05-04T01:33:15.000Z","volume":1000,"label":"D","price":7.82},{"type":"B","date":"2018-05-04T01:33:58.000Z","volume":2000,"label":" ","price":7.91},{"type":"A","date":"2018-05-04T01:34:01.000Z","volume":22000,"label":" ","price":7.92},{"type":"U","date":"2018-05-04T01:34:01.000Z","volume":2000,"label":" ","price":7.92},{"type":"A","date":"2018-05-04T01:34:01.000Z","volume":2000,"label":" ","price":7.93},{"type":"A","date":"2018-05-04T01:34:05.000Z","volume":4000,"label":" ","price":7.93},{"type":"A","date":"2018-05-04T01:34:07.000Z","volume":2000,"label":" ","price":7.93},{"type":"A","date":"2018-05-04T01:34:20.000Z","volume":2000,"label":" ","price":7.95},{"type":"A","date":"2018-05-04T01:34:20.000Z","volume":4000,"label":" ","price":7.95},{"type":"B","date":"2018-05-04T01:34:42.000Z","volume":2000,"label":" ","price":7.92},{"type":"B","date":"2018-05-04T01:34:48.000Z","volume":20000,"label":" ","price":7.92},{"type":"B","date":"2018-05-04T01:35:03.000Z","volume":2000,"label":" ","price":7.92},{"type":"B","date":"2018-05-04T01:35:28.000Z","volume":20000,"label":" ","price":7.92},{"type":"B","date":"2018-05-04T01:35:28.000Z","volume":6000,"label":" ","price":7.92},{"type":"B","date":"2018-05-04T01:35:28.000Z","volume":2000,"label":"Y","price":7.92},{"type":"B","date":"2018-05-04T01:35:30.000Z","volume":2000,"label":" ","price":7.92},{"type":"B","date":"2018-05-04T01:35:30.000Z","volume":6000,"label":" ","price":7.91},{"type":"B","date":"2018-05-04T01:35:30.000Z","volume":14000,"label":" ","price":7.91},{"type":"A","date":"2018-05-04T01:35:30.000Z","volume":2000,"label":" ","price":7.92},{"type":"B","date":"2018-05-04T01:35:31.000Z","volume":6000,"label":" ","price":7.91},{"type":"B","date":"2018-05-04T01:35:32.000Z","volume":2000,"label":" ","price":7.91},{"type":"U","date":"2018-05-04T01:35:42.000Z","volume":6000,"label":" ","price":7.91},{"type":"A","date":"2018-05-04T01:36:06.000Z","volume":14000,"label":" ","price":7.92},{"type":"A","date":"2018-05-04T01:36:12.000Z","volume":52000,"label":" ","price":7.93},{"type":"A","date":"2018-05-04T01:36:13.000Z","volume":4000,"label":" ","price":7.93},{"type":"B","date":"2018-05-04T01:36:14.000Z","volume":4000,"label":" ","price":7.91},{"type":"A","date":"2018-05-04T01:36:14.000Z","volume":8000,"label":" ","price":7.93},{"type":"A","date":"2018-05-04T01:36:14.000Z","volume":2000,"label":" ","price":7.93},{"type":"A","date":"2018-05-04T01:36:16.000Z","volume":2000,"label":" ","price":7.93},{"type":"A","date":"2018-05-04T01:36:58.000Z","volume":2000,"label":" ","price":7.93},{"type":"A","date":"2018-05-04T01:36:58.000Z","volume":2000,"label":" ","price":7.93},{"type":"A","date":"2018-05-04T01:36:58.000Z","volume":2000,"label":" ","price":7.93},{"type":"A","date":"2018-05-04T01:36:59.000Z","volume":2000,"label":" ","price":7.93},{"type":"A","date":"2018-05-04T01:37:32.000Z","volume":44000,"label":" ","price":7.94},{"type":"A","date":"2018-05-04T01:37:32.000Z","volume":6000,"label":" ","price":7.94},{"type":"A","date":"2018-05-04T01:37:32.000Z","volume":4000,"label":" ","price":7.94},{"type":"B","date":"2018-05-04T01:37:32.000Z","volume":4000,"label":" ","price":7.93},{"type":"A","date":"2018-05-04T01:37:33.000Z","volume":4000,"label":" ","price":7.95},{"type":"A","date":"2018-05-04T01:37:49.000Z","volume":10000,"label":" ","price":7.95},{"type":"A","date":"2018-05-04T01:37:49.000Z","volume":6000,"label":" ","price":7.95},{"type":"A","date":"2018-05-04T01:37:49.000Z","volume":4000,"label":" ","price":7.95},{"type":"A","date":"2018-05-04T01:37:57.000Z","volume":2000,"label":" ","price":7.96},{"type":"A","date":"2018-05-04T01:38:27.000Z","volume":10000,"label":" ","price":7.96},{"type":"A","date":"2018-05-04T01:38:28.000Z","volume":2000,"label":" ","price":7.96},{"type":"A","date":"2018-05-04T01:38:29.000Z","volume":30000,"label":" ","price":7.96},{"type":"A","date":"2018-05-04T01:38:29.000Z","volume":30000,"label":" ","price":7.96},{"type":"A","date":"2018-05-04T01:38:29.000Z","volume":48000,"label":" ","price":7.97},{"type":"U","date":"2018-05-04T01:38:29.000Z","volume":4000,"label":" ","price":7.97},{"type":"A","date":"2018-05-04T01:38:30.000Z","volume":2000,"label":" ","price":7.98},{"type":"A","date":"2018-05-04T01:38:30.000Z","volume":2000,"label":" ","price":7.99},{"type":"A","date":"2018-05-04T01:38:30.000Z","volume":14000,"label":" ","price":8},{"type":"A","date":"2018-05-04T01:38:50.000Z","volume":2000,"label":" ","price":7.99},{"type":"A","date":"2018-05-04T01:38:50.000Z","volume":8000,"label":" ","price":7.99},{"type":"A","date":"2018-05-04T01:38:50.000Z","volume":4000,"label":" ","price":7.99},{"type":"A","date":"2018-05-04T01:38:50.000Z","volume":2000,"label":" ","price":8},{"type":"A","date":"2018-05-04T01:38:51.000Z","volume":4000,"label":" ","price":8},{"type":"A","date":"2018-05-04T01:38:56.000Z","volume":10000,"label":" ","price":8},{"type":"A","date":"2018-05-04T01:38:57.000Z","volume":2000,"label":" ","price":8},{"type":"A","date":"2018-05-04T01:38:58.000Z","volume":2000,"label":" ","price":8},{"type":"A","date":"2018-05-04T01:38:59.000Z","volume":86000,"label":" ","price":8},{"type":"A","date":"2018-05-04T01:38:59.000Z","volume":6000,"label":" ","price":8},{"type":"A","date":"2018-05-04T01:38:59.000Z","volume":2000,"label":" ","price":8},{"type":"A","date":"2018-05-04T01:38:59.000Z","volume":18000,"label":" ","price":8},{"type":"A","date":"2018-05-04T01:39:00.000Z","volume":14000,"label":" ","price":8},{"type":"A","date":"2018-05-04T01:39:00.000Z","volume":2000,"label":" ","price":8},{"type":"A","date":"2018-05-04T01:39:01.000Z","volume":4000,"label":" ","price":8},{"type":"B","date":"2018-05-04T01:39:03.000Z","volume":4000,"label":" ","price":7.99},{"type":"B","date":"2018-05-04T01:39:10.000Z","volume":10000,"label":" ","price":7.99},{"type":"A","date":"2018-05-04T01:39:35.000Z","volume":18000,"label":" ","price":8},{"type":"B","date":"2018-05-04T01:39:36.000Z","volume":10000,"label":" ","price":7.99},{"type":"B","date":"2018-05-04T01:39:39.000Z","volume":20000,"label":" ","price":7.99},{"type":"A","date":"2018-05-04T01:39:39.000Z","volume":4000,"label":" ","price":8},{"type":"B","date":"2018-05-04T01:40:00.000Z","volume":4000,"label":" ","price":7.99},{"type":"B","date":"2018-05-04T01:40:11.000Z","volume":10000,"label":" ","price":7.99},{"type":"B","date":"2018-05-04T01:40:28.000Z","volume":10000,"label":" ","price":7.99},{"type":"B","date":"2018-05-04T01:40:37.000Z","volume":30000,"label":" ","price":7.99},{"type":"B","date":"2018-05-04T01:40:37.000Z","volume":2000,"label":" ","price":7.99},{"type":"A","date":"2018-05-04T01:40:38.000Z","volume":2000,"label":" ","price":7.99},{"type":"B","date":"2018-05-04T01:40:39.000Z","volume":2000,"label":" ","price":7.98},{"type":"B","date":"2018-05-04T01:40:42.000Z","volume":10000,"label":" ","price":7.98},{"type":"A","date":"2018-05-04T01:40:43.000Z","volume":2000,"label":" ","price":7.98},{"type":"A","date":"2018-05-04T01:40:45.000Z","volume":4000,"label":" ","price":7.98},{"type":"A","date":"2018-05-04T01:40:58.000Z","volume":42000,"label":" ","price":7.98},{"type":"A","date":"2018-05-04T01:40:58.000Z","volume":4000,"label":"Y","price":7.98},{"type":"A","date":"2018-05-04T01:40:58.000Z","volume":6000,"label":" ","price":7.98},{"type":"A","date":"2018-05-04T01:40:59.000Z","volume":6000,"label":" ","price":7.98},{"type":"A","date":"2018-05-04T01:40:59.000Z","volume":2000,"label":" ","price":7.98},{"type":"A","date":"2018-05-04T01:40:59.000Z","volume":12000,"label":" ","price":7.99},{"type":"A","date":"2018-05-04T01:41:00.000Z","volume":4000,"label":" ","price":7.99},{"type":"B","date":"2018-05-04T01:41:36.000Z","volume":20000,"label":" ","price":7.98},{"type":"B","date":"2018-05-04T01:41:36.000Z","volume":2000,"label":" ","price":7.98},{"type":"B","date":"2018-05-04T01:42:07.000Z","volume":2000,"label":"Y","price":7.98},{"type":"B","date":"2018-05-04T01:42:07.000Z","volume":8000,"label":" ","price":7.98},{"type":"B","date":"2018-05-04T01:42:14.000Z","volume":6000,"label":" ","price":7.98},{"type":"B","date":"2018-05-04T01:42:25.000Z","volume":4000,"label":" ","price":7.98},{"type":"B","date":"2018-05-04T01:42:34.000Z","volume":2000,"label":" ","price":7.98},{"type":"B","date":"2018-05-04T01:42:37.000Z","volume":10000,"label":" ","price":7.98},{"type":"B","date":"2018-05-04T01:42:37.000Z","volume":2000,"label":" ","price":7.98},{"type":"B","date":"2018-05-04T01:42:37.000Z","volume":2000,"label":" ","price":7.98},{"type":"A","date":"2018-05-04T01:42:39.000Z","volume":2000,"label":"Y","price":7.98},{"type":"A","date":"2018-05-04T01:42:39.000Z","volume":2000,"label":" ","price":7.98},{"type":"A","date":"2018-05-04T01:42:39.000Z","volume":4000,"label":" ","price":7.98},{"type":"B","date":"2018-05-04T01:42:50.000Z","volume":2000,"label":" ","price":7.97},{"type":"B","date":"2018-05-04T01:42:59.000Z","volume":6000,"label":" ","price":7.97},{"type":"A","date":"2018-05-04T01:43:01.000Z","volume":2000,"label":" ","price":7.98},{"type":"B","date":"2018-05-04T01:43:03.000Z","volume":2000,"label":" ","price":7.97},{"type":"B","date":"2018-05-04T01:43:48.000Z","volume":2000,"label":" ","price":7.97},{"type":"B","date":"2018-05-04T01:43:50.000Z","volume":6000,"label":" ","price":7.97},{"type":"B","date":"2018-05-04T01:44:44.000Z","volume":30000,"label":" ","price":7.97},{"type":"B","date":"2018-05-04T01:44:44.000Z","volume":2000,"label":"Y","price":7.97},{"type":"B","date":"2018-05-04T01:44:44.000Z","volume":18000,"label":" ","price":7.97},{"type":"B","date":"2018-05-04T01:44:57.000Z","volume":10000,"label":" ","price":7.97},{"type":"B","date":"2018-05-04T01:44:57.000Z","volume":18000,"label":" ","price":7.97},{"type":"A","date":"2018-05-04T01:44:57.000Z","volume":2000,"label":" ","price":7.97},{"type":"U","date":"2018-05-04T01:44:58.000Z","volume":4000,"label":"X","price":7.97},{"type":"U","date":"2018-05-04T01:44:58.000Z","volume":2000,"label":"X","price":7.97},{"type":"A","date":"2018-05-04T01:44:59.000Z","volume":4000,"label":" ","price":7.97},{"type":"B","date":"2018-05-04T01:45:26.000Z","volume":2000,"label":" ","price":7.96},{"type":"A","date":"2018-05-04T01:45:42.000Z","volume":2000,"label":" ","price":7.98},{"type":"B","date":"2018-05-04T01:46:16.000Z","volume":2000,"label":" ","price":7.96},{"type":"U","date":"2018-05-04T01:46:17.000Z","volume":2000,"label":"X","price":7.965},{"type":"B","date":"2018-05-04T01:47:25.000Z","volume":10000,"label":" ","price":7.96},{"type":"B","date":"2018-05-04T01:47:25.000Z","volume":10000,"label":" ","price":7.96},{"type":"B","date":"2018-05-04T01:47:36.000Z","volume":8000,"label":" ","price":7.96},{"type":"B","date":"2018-05-04T01:48:06.000Z","volume":2000,"label":" ","price":7.96},{"type":"B","date":"2018-05-04T01:48:39.000Z","volume":10000,"label":" ","price":7.96},{"type":"A","date":"2018-05-04T01:48:39.000Z","volume":6000,"label":" ","price":7.97},{"type":"A","date":"2018-05-04T01:49:07.000Z","volume":2000,"label":" ","price":7.97},{"type":"B","date":"2018-05-04T01:49:15.000Z","volume":20000,"label":" ","price":7.96},{"type":"B","date":"2018-05-04T01:49:20.000Z","volume":10000,"label":" ","price":7.96},{"type":"B","date":"2018-05-04T01:49:27.000Z","volume":6000,"label":" ","price":7.96},{"type":"B","date":"2018-05-04T01:49:27.000Z","volume":2000,"label":" ","price":7.96},{"type":"B","date":"2018-05-04T01:49:29.000Z","volume":44000,"label":" ","price":7.96},{"type":"B","date":"2018-05-04T01:49:29.000Z","volume":34000,"label":" ","price":7.96},{"type":"B","date":"2018-05-04T01:49:29.000Z","volume":10000,"label":" ","price":7.96},{"type":"B","date":"2018-05-04T01:49:29.000Z","volume":12000,"label":" ","price":7.96},{"type":"B","date":"2018-05-04T01:49:33.000Z","volume":4000,"label":" ","price":7.96},{"type":"B","date":"2018-05-04T01:49:33.000Z","volume":2000,"label":" ","price":7.96},{"type":"B","date":"2018-05-04T01:49:33.000Z","volume":2000,"label":" ","price":7.96},{"type":"B","date":"2018-05-04T01:49:47.000Z","volume":24000,"label":" ","price":7.95},{"type":"B","date":"2018-05-04T01:49:47.000Z","volume":2000,"label":" ","price":7.95},{"type":"B","date":"2018-05-04T01:50:01.000Z","volume":2000,"label":" ","price":7.93},{"type":"B","date":"2018-05-04T01:50:31.000Z","volume":6000,"label":" ","price":7.93},{"type":"B","date":"2018-05-04T01:51:20.000Z","volume":2000,"label":" ","price":7.93},{"type":"B","date":"2018-05-04T01:51:32.000Z","volume":4000,"label":" ","price":7.93},{"type":"B","date":"2018-05-04T01:51:54.000Z","volume":10000,"label":" ","price":7.93},{"type":"B","date":"2018-05-04T01:52:19.000Z","volume":2000,"label":" ","price":7.93},{"type":"B","date":"2018-05-04T01:52:20.000Z","volume":18000,"label":" ","price":7.93},{"type":"B","date":"2018-05-04T01:52:20.000Z","volume":2000,"label":" ","price":7.93},{"type":"B","date":"2018-05-04T01:52:32.000Z","volume":2000,"label":" ","price":7.92},{"type":"B","date":"2018-05-04T01:52:33.000Z","volume":4000,"label":" ","price":7.92},{"type":"B","date":"2018-05-04T01:52:35.000Z","volume":4000,"label":" ","price":7.92},{"type":"A","date":"2018-05-04T01:52:43.000Z","volume":6000,"label":" ","price":7.93},{"type":"B","date":"2018-05-04T01:53:34.000Z","volume":6000,"label":" ","price":7.92},{"type":"B","date":"2018-05-04T01:53:44.000Z","volume":2000,"label":" ","price":7.92},{"type":"B","date":"2018-05-04T01:54:04.000Z","volume":12000,"label":" ","price":7.92},{"type":"B","date":"2018-05-04T01:54:16.000Z","volume":2000,"label":" ","price":7.91},{"type":"B","date":"2018-05-04T01:54:26.000Z","volume":20000,"label":" ","price":7.91},{"type":"B","date":"2018-05-04T01:54:34.000Z","volume":4000,"label":" ","price":7.91},{"type":"B","date":"2018-05-04T01:55:25.000Z","volume":4000,"label":" ","price":7.9},{"type":"B","date":"2018-05-04T01:55:40.000Z","volume":2000,"label":" ","price":7.9},{"type":"B","date":"2018-05-04T01:55:47.000Z","volume":10000,"label":" ","price":7.9},{"type":"B","date":"2018-05-04T01:55:56.000Z","volume":20000,"label":" ","price":7.9},{"type":"B","date":"2018-05-04T01:55:56.000Z","volume":16000,"label":" ","price":7.9},{"type":"B","date":"2018-05-04T01:55:56.000Z","volume":2000,"label":" ","price":7.9},{"type":"B","date":"2018-05-04T01:55:56.000Z","volume":4000,"label":" ","price":7.9},{"type":"B","date":"2018-05-04T01:56:02.000Z","volume":2000,"label":" ","price":7.89},{"type":"U","date":"2018-05-04T01:57:20.000Z","volume":2000,"label":"X","price":7.94},{"type":"A","date":"2018-05-04T01:57:43.000Z","volume":4000,"label":" ","price":7.9},{"type":"A","date":"2018-05-04T01:57:43.000Z","volume":24000,"label":" ","price":7.9},{"type":"A","date":"2018-05-04T01:57:45.000Z","volume":10000,"label":" ","price":7.91},{"type":"A","date":"2018-05-04T01:57:50.000Z","volume":12000,"label":" ","price":7.92},{"type":"B","date":"2018-05-04T01:57:59.000Z","volume":8000,"label":" ","price":7.9},{"type":"B","date":"2018-05-04T01:58:03.000Z","volume":2000,"label":" ","price":7.9},{"type":"A","date":"2018-05-04T01:58:20.000Z","volume":2000,"label":" ","price":7.92},{"type":"A","date":"2018-05-04T01:58:20.000Z","volume":4000,"label":" ","price":7.92},{"type":"A","date":"2018-05-04T01:58:20.000Z","volume":6000,"label":" ","price":7.92},{"type":"A","date":"2018-05-04T01:59:22.000Z","volume":6000,"label":" ","price":7.94},{"type":"A","date":"2018-05-04T01:59:45.000Z","volume":2000,"label":" ","price":7.94},{"type":"A","date":"2018-05-04T01:59:45.000Z","volume":4000,"label":" ","price":7.94},{"type":"A","date":"2018-05-04T02:00:28.000Z","volume":2000,"label":" ","price":7.94},{"type":"B","date":"2018-05-04T02:01:54.000Z","volume":2000,"label":" ","price":7.92},{"type":"A","date":"2018-05-04T02:01:59.000Z","volume":2000,"label":" ","price":7.94},{"type":"A","date":"2018-05-04T02:01:59.000Z","volume":6000,"label":" ","price":7.94},{"type":"B","date":"2018-05-04T02:02:47.000Z","volume":20000,"label":" ","price":7.93},{"type":"B","date":"2018-05-04T02:02:53.000Z","volume":10000,"label":" ","price":7.93},{"type":"B","date":"2018-05-04T02:02:56.000Z","volume":10000,"label":" ","price":7.93},{"type":"B","date":"2018-05-04T02:02:57.000Z","volume":2000,"label":" ","price":7.93},{"type":"B","date":"2018-05-04T02:03:15.000Z","volume":2000,"label":" ","price":7.93},{"type":"B","date":"2018-05-04T02:04:05.000Z","volume":4000,"label":" ","price":7.93},{"type":"B","date":"2018-05-04T02:04:14.000Z","volume":28000,"label":" ","price":7.93},{"type":"B","date":"2018-05-04T02:04:14.000Z","volume":2000,"label":" ","price":7.93},{"type":"B","date":"2018-05-04T02:04:15.000Z","volume":2000,"label":" ","price":7.92},{"type":"B","date":"2018-05-04T02:04:16.000Z","volume":20000,"label":" ","price":7.92},{"type":"B","date":"2018-05-04T02:04:16.000Z","volume":2000,"label":" ","price":7.92},{"type":"A","date":"2018-05-04T02:04:34.000Z","volume":4000,"label":"Y","price":7.92},{"type":"A","date":"2018-05-04T02:04:34.000Z","volume":40000,"label":" ","price":7.92},{"type":"A","date":"2018-05-04T02:04:40.000Z","volume":2000,"label":" ","price":7.93},{"type":"A","date":"2018-05-04T02:04:40.000Z","volume":24000,"label":" ","price":7.93},{"type":"A","date":"2018-05-04T02:04:40.000Z","volume":64000,"label":" ","price":7.93},{"type":"A","date":"2018-05-04T02:05:33.000Z","volume":10000,"label":" ","price":7.94},{"type":"A","date":"2018-05-04T02:05:33.000Z","volume":10000,"label":" ","price":7.94},{"type":"A","date":"2018-05-04T02:05:33.000Z","volume":10000,"label":" ","price":7.94},{"type":"A","date":"2018-05-04T02:05:33.000Z","volume":10000,"label":" ","price":7.94},{"type":"A","date":"2018-05-04T02:05:33.000Z","volume":24000,"label":" ","price":7.94},{"type":"A","date":"2018-05-04T02:05:33.000Z","volume":10000,"label":" ","price":7.94},{"type":"A","date":"2018-05-04T02:05:33.000Z","volume":2000,"label":" ","price":7.94},{"type":"A","date":"2018-05-04T02:05:34.000Z","volume":10000,"label":" ","price":7.95},{"type":"A","date":"2018-05-04T02:05:34.000Z","volume":20000,"label":" ","price":7.96},{"type":"A","date":"2018-05-04T02:05:34.000Z","volume":4000,"label":" ","price":7.98},{"type":"A","date":"2018-05-04T02:05:34.000Z","volume":6000,"label":" ","price":7.98},{"type":"A","date":"2018-05-04T02:05:34.000Z","volume":2000,"label":" ","price":7.99},{"type":"A","date":"2018-05-04T02:05:34.000Z","volume":4000,"label":" ","price":7.99},{"type":"A","date":"2018-05-04T02:05:34.000Z","volume":4000,"label":" ","price":7.99},{"type":"A","date":"2018-05-04T02:05:34.000Z","volume":8000,"label":" ","price":7.95},{"type":"U","date":"2018-05-04T02:05:42.000Z","volume":2000,"label":" ","price":7.95},{"type":"B","date":"2018-05-04T02:05:52.000Z","volume":2000,"label":" ","price":7.95},{"type":"B","date":"2018-05-04T02:05:57.000Z","volume":20000,"label":" ","price":7.95},{"type":"B","date":"2018-05-04T02:05:59.000Z","volume":4000,"label":" ","price":7.95},{"type":"B","date":"2018-05-04T02:05:59.000Z","volume":10000,"label":" ","price":7.94},{"type":"B","date":"2018-05-04T02:06:18.000Z","volume":2000,"label":" ","price":7.94},{"type":"U","date":"2018-05-04T02:07:20.000Z","volume":2000,"label":"X","price":7.933},{"type":"A","date":"2018-05-04T02:07:34.000Z","volume":2000,"label":" ","price":7.96},{"type":"U","date":"2018-05-04T02:07:34.000Z","volume":8000,"label":" ","price":7.95},{"type":"B","date":"2018-05-04T02:07:54.000Z","volume":10000,"label":" ","price":7.95},{"type":"B","date":"2018-05-04T02:09:36.000Z","volume":28000,"label":" ","price":7.95},{"type":"B","date":"2018-05-04T02:09:36.000Z","volume":32000,"label":" ","price":7.94},{"type":"A","date":"2018-05-04T02:09:36.000Z","volume":2000,"label":" ","price":7.95},{"type":"B","date":"2018-05-04T02:09:50.000Z","volume":2000,"label":" ","price":7.94},{"type":"B","date":"2018-05-04T02:10:45.000Z","volume":10000,"label":" ","price":7.94},{"type":"B","date":"2018-05-04T02:10:56.000Z","volume":2000,"label":" ","price":7.94},{"type":"A","date":"2018-05-04T02:11:09.000Z","volume":2000,"label":" ","price":7.95},{"type":"A","date":"2018-05-04T02:11:52.000Z","volume":10000,"label":" ","price":7.95},{"type":"A","date":"2018-05-04T02:11:53.000Z","volume":10000,"label":" ","price":7.95},{"type":"A","date":"2018-05-04T02:11:53.000Z","volume":24000,"label":" ","price":7.95},{"type":"A","date":"2018-05-04T02:11:53.000Z","volume":24000,"label":" ","price":7.95},{"type":"A","date":"2018-05-04T02:11:53.000Z","volume":56000,"label":" ","price":7.95},{"type":"A","date":"2018-05-04T02:13:03.000Z","volume":10000,"label":" ","price":7.96},{"type":"A","date":"2018-05-04T02:13:05.000Z","volume":6000,"label":" ","price":7.96},{"type":"A","date":"2018-05-04T02:13:06.000Z","volume":10000,"label":" ","price":7.96},{"type":"A","date":"2018-05-04T02:13:06.000Z","volume":10000,"label":" ","price":7.96},{"type":"A","date":"2018-05-04T02:13:07.000Z","volume":24000,"label":" ","price":7.96},{"type":"A","date":"2018-05-04T02:13:44.000Z","volume":10000,"label":" ","price":7.97},{"type":"U","date":"2018-05-04T02:13:49.000Z","volume":2000,"label":" ","price":7.97},{"type":"B","date":"2018-05-04T02:14:03.000Z","volume":16000,"label":" ","price":7.97},{"type":"B","date":"2018-05-04T02:14:03.000Z","volume":6000,"label":" ","price":7.96},{"type":"A","date":"2018-05-04T02:14:03.000Z","volume":2000,"label":" ","price":7.97},{"type":"B","date":"2018-05-04T02:14:17.000Z","volume":6000,"label":" ","price":7.96},{"type":"A","date":"2018-05-04T02:14:18.000Z","volume":24000,"label":" ","price":7.97},{"type":"A","date":"2018-05-04T02:14:18.000Z","volume":6000,"label":" ","price":7.98},{"type":"A","date":"2018-05-04T02:14:18.000Z","volume":2000,"label":" ","price":7.98},{"type":"A","date":"2018-05-04T02:14:18.000Z","volume":4000,"label":" ","price":7.98},{"type":"A","date":"2018-05-04T02:14:18.000Z","volume":2000,"label":" ","price":7.98},{"type":"A","date":"2018-05-04T02:14:18.000Z","volume":6000,"label":" ","price":7.98},{"type":"A","date":"2018-05-04T02:14:35.000Z","volume":2000,"label":" ","price":7.97},{"type":"A","date":"2018-05-04T02:14:35.000Z","volume":2000,"label":" ","price":7.97},{"type":"A","date":"2018-05-04T02:16:31.000Z","volume":10000,"label":" ","price":7.97},{"type":"A","date":"2018-05-04T02:16:35.000Z","volume":4000,"label":" ","price":7.97},{"type":"A","date":"2018-05-04T02:16:36.000Z","volume":8000,"label":" ","price":7.97},{"type":"A","date":"2018-05-04T02:16:55.000Z","volume":12000,"label":" ","price":7.98},{"type":"A","date":"2018-05-04T02:17:11.000Z","volume":2000,"label":" ","price":7.99},{"type":"B","date":"2018-05-04T02:17:20.000Z","volume":20000,"label":" ","price":7.98},{"type":"B","date":"2018-05-04T02:17:20.000Z","volume":2000,"label":" ","price":7.98},{"type":"A","date":"2018-05-04T02:17:48.000Z","volume":10000,"label":" ","price":7.99},{"type":"B","date":"2018-05-04T02:17:48.000Z","volume":2000,"label":" ","price":7.98},{"type":"B","date":"2018-05-04T02:18:04.000Z","volume":10000,"label":" ","price":7.98},{"type":"U","date":"2018-05-04T02:18:13.000Z","volume":2000,"label":"X","price":7.96},{"type":"A","date":"2018-05-04T02:18:19.000Z","volume":2000,"label":" ","price":7.99},{"type":"A","date":"2018-05-04T02:19:20.000Z","volume":44000,"label":" ","price":7.99},{"type":"B","date":"2018-05-04T02:19:20.000Z","volume":4000,"label":" ","price":7.99},{"type":"B","date":"2018-05-04T02:19:20.000Z","volume":2000,"label":" ","price":7.99},{"type":"A","date":"2018-05-04T02:19:20.000Z","volume":46000,"label":" ","price":8},{"type":"U","date":"2018-05-04T02:19:20.000Z","volume":2000,"label":" ","price":7.99},{"type":"B","date":"2018-05-04T02:19:41.000Z","volume":2000,"label":" ","price":8},{"type":"B","date":"2018-05-04T02:19:41.000Z","volume":18000,"label":" ","price":8},{"type":"B","date":"2018-05-04T02:19:42.000Z","volume":2000,"label":" ","price":8},{"type":"B","date":"2018-05-04T02:19:42.000Z","volume":4000,"label":" ","price":8},{"type":"B","date":"2018-05-04T02:19:42.000Z","volume":2000,"label":" ","price":8},{"type":"B","date":"2018-05-04T02:19:43.000Z","volume":2000,"label":" ","price":7.99},{"type":"B","date":"2018-05-04T02:19:50.000Z","volume":2000,"label":" ","price":7.99},{"type":"B","date":"2018-05-04T02:19:50.000Z","volume":6000,"label":" ","price":7.98},{"type":"A","date":"2018-05-04T02:19:50.000Z","volume":2000,"label":" ","price":7.99},{"type":"A","date":"2018-05-04T02:20:32.000Z","volume":4000,"label":" ","price":7.98},{"type":"A","date":"2018-05-04T02:20:37.000Z","volume":2000,"label":" ","price":7.98},{"type":"A","date":"2018-05-04T02:20:41.000Z","volume":2000,"label":" ","price":7.98},{"type":"B","date":"2018-05-04T02:21:39.000Z","volume":20000,"label":" ","price":7.98},{"type":"B","date":"2018-05-04T02:21:57.000Z","volume":14000,"label":" ","price":7.98},{"type":"A","date":"2018-05-04T02:23:24.000Z","volume":2000,"label":" ","price":7.99},{"type":"A","date":"2018-05-04T02:23:56.000Z","volume":10000,"label":" ","price":7.99},{"type":"A","date":"2018-05-04T02:24:00.000Z","volume":14000,"label":" ","price":7.99},{"type":"A","date":"2018-05-04T02:24:00.000Z","volume":8000,"label":" ","price":7.99},{"type":"A","date":"2018-05-04T02:24:00.000Z","volume":8000,"label":" ","price":7.99},{"type":"A","date":"2018-05-04T02:24:04.000Z","volume":50000,"label":" ","price":8},{"type":"A","date":"2018-05-04T02:24:04.000Z","volume":12000,"label":" ","price":8},{"type":"A","date":"2018-05-04T02:24:04.000Z","volume":26000,"label":" ","price":8.01},{"type":"A","date":"2018-05-04T02:24:04.000Z","volume":48000,"label":" ","price":8.02},{"type":"A","date":"2018-05-04T02:24:04.000Z","volume":6000,"label":" ","price":8.02},{"type":"A","date":"2018-05-04T02:24:04.000Z","volume":8000,"label":" ","price":8.03},{"type":"A","date":"2018-05-04T02:24:05.000Z","volume":42000,"label":" ","price":8.04},{"type":"B","date":"2018-05-04T02:24:05.000Z","volume":6000,"label":" ","price":8.04},{"type":"A","date":"2018-05-04T02:24:45.000Z","volume":2000,"label":" ","price":8.05},{"type":"B","date":"2018-05-04T02:24:45.000Z","volume":2000,"label":" ","price":8.04},{"type":"B","date":"2018-05-04T02:24:46.000Z","volume":20000,"label":" ","price":8.04},{"type":"B","date":"2018-05-04T02:24:46.000Z","volume":10000,"label":" ","price":8.04},{"type":"B","date":"2018-05-04T02:24:46.000Z","volume":2000,"label":" ","price":8.04},{"type":"B","date":"2018-05-04T02:24:46.000Z","volume":2000,"label":" ","price":8.04},{"type":"B","date":"2018-05-04T02:24:46.000Z","volume":2000,"label":" ","price":8.04},{"type":"B","date":"2018-05-04T02:24:46.000Z","volume":2000,"label":" ","price":8.04},{"type":"B","date":"2018-05-04T02:24:48.000Z","volume":10000,"label":" ","price":8.03},{"type":"B","date":"2018-05-04T02:24:55.000Z","volume":4000,"label":" ","price":8.03},{"type":"B","date":"2018-05-04T02:25:06.000Z","volume":6000,"label":" ","price":8.03},{"type":"B","date":"2018-05-04T02:25:29.000Z","volume":4000,"label":" ","price":8.02},{"type":"A","date":"2018-05-04T02:25:55.000Z","volume":20000,"label":" ","price":8.03},{"type":"B","date":"2018-05-04T02:28:02.000Z","volume":2000,"label":" ","price":8.02},{"type":"A","date":"2018-05-04T02:28:11.000Z","volume":2000,"label":" ","price":8.03},{"type":"A","date":"2018-05-04T02:28:22.000Z","volume":6000,"label":" ","price":8.03},{"type":"A","date":"2018-05-04T02:28:26.000Z","volume":12000,"label":" ","price":8.03},{"type":"B","date":"2018-05-04T02:28:32.000Z","volume":4000,"label":" ","price":8.03},{"type":"B","date":"2018-05-04T02:28:32.000Z","volume":10000,"label":" ","price":8.03},{"type":"A","date":"2018-05-04T02:28:35.000Z","volume":2000,"label":" ","price":8.04},{"type":"B","date":"2018-05-04T02:28:36.000Z","volume":6000,"label":" ","price":8.03},{"type":"B","date":"2018-05-04T02:28:36.000Z","volume":6000,"label":" ","price":8.02},{"type":"B","date":"2018-05-04T02:28:36.000Z","volume":2000,"label":" ","price":8.03},{"type":"B","date":"2018-05-04T02:29:00.000Z","volume":2000,"label":" ","price":8.02},{"type":"B","date":"2018-05-04T02:29:19.000Z","volume":2000,"label":" ","price":8.02},{"type":"B","date":"2018-05-04T02:29:28.000Z","volume":8000,"label":" ","price":8.02},{"type":"B","date":"2018-05-04T02:29:28.000Z","volume":8000,"label":" ","price":8.01},{"type":"B","date":"2018-05-04T02:29:28.000Z","volume":2000,"label":" ","price":8.02},{"type":"B","date":"2018-05-04T02:29:34.000Z","volume":6000,"label":" ","price":8},{"type":"A","date":"2018-05-04T02:29:50.000Z","volume":2000,"label":" ","price":8.02},{"type":"U","date":"2018-05-04T02:30:11.000Z","volume":2000,"label":"X","price":8.016},{"type":"B","date":"2018-05-04T02:31:27.000Z","volume":26000,"label":" ","price":8},{"type":"B","date":"2018-05-04T02:31:27.000Z","volume":2000,"label":" ","price":8},{"type":"B","date":"2018-05-04T02:31:55.000Z","volume":22000,"label":" ","price":8},{"type":"B","date":"2018-05-04T02:32:37.000Z","volume":6000,"label":" ","price":8},{"type":"B","date":"2018-05-04T02:32:37.000Z","volume":4000,"label":" ","price":7.99},{"type":"A","date":"2018-05-04T02:32:37.000Z","volume":2000,"label":" ","price":8},{"type":"A","date":"2018-05-04T02:34:12.000Z","volume":2000,"label":" ","price":8},{"type":"A","date":"2018-05-04T02:35:57.000Z","volume":2000,"label":" ","price":8},{"type":"U","date":"2018-05-04T02:37:02.000Z","volume":4000,"label":"X","price":7.995},{"type":"A","date":"2018-05-04T02:37:39.000Z","volume":4000,"label":" ","price":8},{"type":"B","date":"2018-05-04T02:37:56.000Z","volume":10000,"label":" ","price":7.99},{"type":"A","date":"2018-05-04T02:39:37.000Z","volume":2000,"label":" ","price":8},{"type":"A","date":"2018-05-04T02:40:35.000Z","volume":2000,"label":" ","price":8},{"type":"A","date":"2018-05-04T02:40:35.000Z","volume":2000,"label":" ","price":8},{"type":"A","date":"2018-05-04T02:40:35.000Z","volume":4000,"label":" ","price":8},{"type":"A","date":"2018-05-04T02:40:35.000Z","volume":6000,"label":" ","price":8},{"type":"A","date":"2018-05-04T02:40:35.000Z","volume":2000,"label":" ","price":8},{"type":"B","date":"2018-05-04T02:40:50.000Z","volume":10000,"label":" ","price":8},{"type":"B","date":"2018-05-04T02:40:50.000Z","volume":12000,"label":" ","price":8},{"type":"B","date":"2018-05-04T02:40:50.000Z","volume":2000,"label":" ","price":8},{"type":"B","date":"2018-05-04T02:41:19.000Z","volume":10000,"label":" ","price":8},{"type":"B","date":"2018-05-04T02:41:19.000Z","volume":10000,"label":" ","price":7.99},{"type":"B","date":"2018-05-04T02:41:19.000Z","volume":2000,"label":" ","price":8},{"type":"A","date":"2018-05-04T02:42:25.000Z","volume":10000,"label":" ","price":8},{"type":"U","date":"2018-05-04T02:43:24.000Z","volume":2000,"label":"X","price":7.998},{"type":"U","date":"2018-05-04T02:44:51.000Z","volume":4000,"label":"X","price":8},{"type":"A","date":"2018-05-04T02:44:51.000Z","volume":2000,"label":" ","price":8},{"type":"A","date":"2018-05-04T02:45:44.000Z","volume":10000,"label":" ","price":8},{"type":"A","date":"2018-05-04T02:46:05.000Z","volume":10000,"label":" ","price":8},{"type":"A","date":"2018-05-04T02:47:45.000Z","volume":4000,"label":" ","price":8},{"type":"A","date":"2018-05-04T02:48:53.000Z","volume":2000,"label":" ","price":8},{"type":"A","date":"2018-05-04T02:50:12.000Z","volume":4000,"label":" ","price":8},{"type":"A","date":"2018-05-04T02:50:12.000Z","volume":2000,"label":" ","price":8},{"type":"A","date":"2018-05-04T02:50:20.000Z","volume":2000,"label":" ","price":8},{"type":"A","date":"2018-05-04T02:50:45.000Z","volume":4000,"label":"Y","price":8},{"type":"A","date":"2018-05-04T02:50:45.000Z","volume":12000,"label":" ","price":8},{"type":"U","date":"2018-05-04T02:50:45.000Z","volume":304000,"label":"X","price":8.005},{"type":"U","date":"2018-05-04T02:50:46.000Z","volume":78000,"label":"X","price":8.005},{"type":"A","date":"2018-05-04T02:50:51.000Z","volume":10000,"label":" ","price":8.01},{"type":"B","date":"2018-05-04T02:50:52.000Z","volume":6000,"label":" ","price":8},{"type":"B","date":"2018-05-04T02:50:52.000Z","volume":2000,"label":"Y","price":8},{"type":"B","date":"2018-05-04T02:50:52.000Z","volume":8000,"label":" ","price":8},{"type":"A","date":"2018-05-04T02:50:52.000Z","volume":2000,"label":" ","price":8.01},{"type":"B","date":"2018-05-04T02:50:53.000Z","volume":2000,"label":"Y","price":8},{"type":"B","date":"2018-05-04T02:50:53.000Z","volume":2000,"label":" ","price":8},{"type":"U","date":"2018-05-04T02:50:53.000Z","volume":2000,"label":"X","price":8.005},{"type":"B","date":"2018-05-04T02:50:53.000Z","volume":2000,"label":" ","price":8},{"type":"A","date":"2018-05-04T02:52:09.000Z","volume":2000,"label":" ","price":8.01},{"type":"A","date":"2018-05-04T02:52:20.000Z","volume":2000,"label":" ","price":8.01},{"type":"A","date":"2018-05-04T02:52:20.000Z","volume":2000,"label":" ","price":8.01},{"type":"U","date":"2018-05-04T02:52:23.000Z","volume":2000,"label":"X","price":8.005},{"type":"B","date":"2018-05-04T02:52:30.000Z","volume":2000,"label":" ","price":8},{"type":"B","date":"2018-05-04T02:52:32.000Z","volume":4000,"label":" ","price":8},{"type":"B","date":"2018-05-04T02:52:33.000Z","volume":2000,"label":" ","price":8},{"type":"A","date":"2018-05-04T02:52:35.000Z","volume":2000,"label":" ","price":8.01},{"type":"B","date":"2018-05-04T02:52:35.000Z","volume":2000,"label":" ","price":8},{"type":"B","date":"2018-05-04T02:52:35.000Z","volume":2000,"label":" ","price":8},{"type":"B","date":"2018-05-04T02:52:38.000Z","volume":2000,"label":" ","price":8},{"type":"A","date":"2018-05-04T02:52:49.000Z","volume":10000,"label":" ","price":8.01},{"type":"A","date":"2018-05-04T02:52:49.000Z","volume":4000,"label":" ","price":8.01},{"type":"B","date":"2018-05-04T02:52:49.000Z","volume":6000,"label":" ","price":8},{"type":"A","date":"2018-05-04T02:52:49.000Z","volume":2000,"label":" ","price":8.01},{"type":"U","date":"2018-05-04T02:53:07.000Z","volume":4000,"label":"X","price":8.02},{"type":"A","date":"2018-05-04T02:53:27.000Z","volume":12000,"label":" ","price":8.02},{"type":"A","date":"2018-05-04T02:53:59.000Z","volume":30000,"label":" ","price":8.03},{"type":"A","date":"2018-05-04T02:53:59.000Z","volume":2000,"label":" ","price":8.03},{"type":"A","date":"2018-05-04T02:53:59.000Z","volume":4000,"label":" ","price":8.03},{"type":"A","date":"2018-05-04T02:54:00.000Z","volume":2000,"label":" ","price":8.04},{"type":"B","date":"2018-05-04T02:54:00.000Z","volume":2000,"label":" ","price":8.03},{"type":"A","date":"2018-05-04T02:54:32.000Z","volume":4000,"label":" ","price":8.04},{"type":"A","date":"2018-05-04T02:54:32.000Z","volume":4000,"label":" ","price":8.04},{"type":"A","date":"2018-05-04T02:54:32.000Z","volume":2000,"label":" ","price":8.04},{"type":"A","date":"2018-05-04T02:55:05.000Z","volume":2000,"label":" ","price":8.04},{"type":"A","date":"2018-05-04T02:55:05.000Z","volume":4000,"label":" ","price":8.04},{"type":"A","date":"2018-05-04T02:55:05.000Z","volume":4000,"label":" ","price":8.04},{"type":"A","date":"2018-05-04T02:55:05.000Z","volume":2000,"label":" ","price":8.04},{"type":"A","date":"2018-05-04T02:55:05.000Z","volume":2000,"label":" ","price":8.04},{"type":"B","date":"2018-05-04T02:55:05.000Z","volume":2000,"label":" ","price":8.04},{"type":"B","date":"2018-05-04T02:55:22.000Z","volume":6000,"label":" ","price":8.04},{"type":"B","date":"2018-05-04T02:55:27.000Z","volume":20000,"label":" ","price":8.04},{"type":"A","date":"2018-05-04T02:55:27.000Z","volume":2000,"label":" ","price":8.05},{"type":"B","date":"2018-05-04T02:55:31.000Z","volume":2000,"label":" ","price":8.04},{"type":"U","date":"2018-05-04T02:55:32.000Z","volume":6000,"label":"X","price":8.045},{"type":"B","date":"2018-05-04T02:55:44.000Z","volume":4000,"label":" ","price":8.04},{"type":"B","date":"2018-05-04T02:56:07.000Z","volume":26000,"label":" ","price":8.04},{"type":"A","date":"2018-05-04T02:56:07.000Z","volume":2000,"label":" ","price":8.05},{"type":"B","date":"2018-05-04T02:56:08.000Z","volume":6000,"label":" ","price":8.04},{"type":"A","date":"2018-05-04T02:56:08.000Z","volume":2000,"label":" ","price":8.04},{"type":"B","date":"2018-05-04T02:56:13.000Z","volume":18000,"label":" ","price":8.03},{"type":"B","date":"2018-05-04T02:56:13.000Z","volume":2000,"label":" ","price":8.03},{"type":"B","date":"2018-05-04T02:56:13.000Z","volume":2000,"label":"Y","price":8.03},{"type":"B","date":"2018-05-04T02:56:13.000Z","volume":4000,"label":" ","price":8.02},{"type":"B","date":"2018-05-04T02:56:23.000Z","volume":4000,"label":" ","price":8.03},{"type":"A","date":"2018-05-04T02:56:23.000Z","volume":2000,"label":" ","price":8.03},{"type":"B","date":"2018-05-04T02:56:23.000Z","volume":2000,"label":" ","price":8.02},{"type":"A","date":"2018-05-04T02:56:59.000Z","volume":2000,"label":" ","price":8.03},{"type":"B","date":"2018-05-04T02:56:59.000Z","volume":2000,"label":" ","price":8.02},{"type":"B","date":"2018-05-04T02:57:49.000Z","volume":2000,"label":" ","price":8.02},{"type":"B","date":"2018-05-04T02:58:14.000Z","volume":6000,"label":" ","price":8.02},{"type":"B","date":"2018-05-04T02:58:14.000Z","volume":2000,"label":" ","price":8.02},{"type":"A","date":"2018-05-04T02:58:38.000Z","volume":2000,"label":"Y","price":8.03},{"type":"B","date":"2018-05-04T02:58:38.000Z","volume":2000,"label":" ","price":8.02},{"type":"B","date":"2018-05-04T02:58:50.000Z","volume":20000,"label":" ","price":8.02},{"type":"B","date":"2018-05-04T02:58:50.000Z","volume":6000,"label":" ","price":8.02},{"type":"B","date":"2018-05-04T02:59:58.000Z","volume":14000,"label":" ","price":8.02},{"type":"A","date":"2018-05-04T02:59:58.000Z","volume":4000,"label":" ","price":8.02},{"type":"B","date":"2018-05-04T02:59:58.000Z","volume":4000,"label":" ","price":8.01},{"type":"A","date":"2018-05-04T02:59:58.000Z","volume":2000,"label":" ","price":8.02},{"type":"B","date":"2018-05-04T02:59:58.000Z","volume":2000,"label":" ","price":8.01},{"type":"B","date":"2018-05-04T02:59:58.000Z","volume":2000,"label":" ","price":8},{"type":"A","date":"2018-05-04T03:00:25.000Z","volume":2000,"label":" ","price":8.02},{"type":"B","date":"2018-05-04T03:00:25.000Z","volume":2000,"label":" ","price":8},{"type":"B","date":"2018-05-04T03:02:08.000Z","volume":20000,"label":" ","price":8},{"type":"B","date":"2018-05-04T03:02:08.000Z","volume":8000,"label":" ","price":8},{"type":"B","date":"2018-05-04T03:02:08.000Z","volume":118000,"label":" ","price":8},{"type":"B","date":"2018-05-04T03:02:08.000Z","volume":40000,"label":" ","price":8},{"type":"B","date":"2018-05-04T03:02:08.000Z","volume":6000,"label":" ","price":7.99},{"type":"B","date":"2018-05-04T03:02:08.000Z","volume":2000,"label":"Y","price":7.99},{"type":"U","date":"2018-05-04T03:02:08.000Z","volume":2000,"label":" ","price":8},{"type":"B","date":"2018-05-04T03:02:08.000Z","volume":12000,"label":" ","price":7.98},{"type":"B","date":"2018-05-04T03:02:08.000Z","volume":2000,"label":" ","price":7.98},{"type":"B","date":"2018-05-04T03:02:08.000Z","volume":6000,"label":" ","price":7.97},{"type":"B","date":"2018-05-04T03:02:09.000Z","volume":4000,"label":"Y","price":7.96},{"type":"B","date":"2018-05-04T03:02:09.000Z","volume":16000,"label":" ","price":7.96},{"type":"B","date":"2018-05-04T03:02:09.000Z","volume":2000,"label":"Y","price":7.96},{"type":"B","date":"2018-05-04T03:02:09.000Z","volume":2000,"label":" ","price":7.96},{"type":"B","date":"2018-05-04T03:02:10.000Z","volume":2000,"label":" ","price":7.96},{"type":"B","date":"2018-05-04T03:02:33.000Z","volume":20000,"label":" ","price":7.95},{"type":"U","date":"2018-05-04T03:03:03.000Z","volume":2000,"label":"X","price":8.01},{"type":"U","date":"2018-05-04T03:05:45.000Z","volume":2000,"label":" ","price":7.98},{"type":"B","date":"2018-05-04T03:05:45.000Z","volume":2000,"label":" ","price":7.97},{"type":"B","date":"2018-05-04T03:05:50.000Z","volume":2000,"label":" ","price":7.98},{"type":"B","date":"2018-05-04T03:06:08.000Z","volume":20000,"label":" ","price":7.98},{"type":"B","date":"2018-05-04T03:06:08.000Z","volume":8000,"label":" ","price":7.97},{"type":"B","date":"2018-05-04T03:06:08.000Z","volume":2000,"label":"Y","price":7.98},{"type":"B","date":"2018-05-04T03:06:09.000Z","volume":2000,"label":"Y","price":7.98},{"type":"B","date":"2018-05-04T03:06:34.000Z","volume":8000,"label":" ","price":7.97},{"type":"A","date":"2018-05-04T03:06:34.000Z","volume":2000,"label":" ","price":7.97},{"type":"U","date":"2018-05-04T03:06:34.000Z","volume":2000,"label":" ","price":7.95},{"type":"A","date":"2018-05-04T03:06:40.000Z","volume":4000,"label":" ","price":7.96},{"type":"U","date":"2018-05-04T03:06:40.000Z","volume":2000,"label":" ","price":7.95},{"type":"A","date":"2018-05-04T03:08:00.000Z","volume":20000,"label":" ","price":7.97},{"type":"A","date":"2018-05-04T03:08:33.000Z","volume":2000,"label":" ","price":7.97},{"type":"A","date":"2018-05-04T03:09:17.000Z","volume":10000,"label":" ","price":7.97},{"type":"B","date":"2018-05-04T03:09:19.000Z","volume":2000,"label":"Y","price":7.96},{"type":"B","date":"2018-05-04T03:09:19.000Z","volume":2000,"label":" ","price":7.96},{"type":"B","date":"2018-05-04T03:09:20.000Z","volume":2000,"label":" ","price":7.96},{"type":"B","date":"2018-05-04T03:10:42.000Z","volume":2000,"label":" ","price":7.96},{"type":"A","date":"2018-05-04T03:11:14.000Z","volume":2000,"label":" ","price":7.97},{"type":"B","date":"2018-05-04T03:11:14.000Z","volume":2000,"label":" ","price":7.96},{"type":"A","date":"2018-05-04T03:12:06.000Z","volume":4000,"label":" ","price":7.97},{"type":"B","date":"2018-05-04T03:12:06.000Z","volume":2000,"label":" ","price":7.96},{"type":"A","date":"2018-05-04T03:14:05.000Z","volume":2000,"label":" ","price":7.97},{"type":"A","date":"2018-05-04T03:15:17.000Z","volume":6000,"label":" ","price":7.97},{"type":"A","date":"2018-05-04T03:15:17.000Z","volume":10000,"label":" ","price":7.97},{"type":"A","date":"2018-05-04T03:15:17.000Z","volume":10000,"label":" ","price":7.97},{"type":"B","date":"2018-05-04T03:15:17.000Z","volume":2000,"label":" ","price":7.96},{"type":"A","date":"2018-05-04T03:15:18.000Z","volume":2000,"label":" ","price":7.97},{"type":"A","date":"2018-05-04T03:15:18.000Z","volume":8000,"label":" ","price":7.97},{"type":"B","date":"2018-05-04T03:15:20.000Z","volume":2000,"label":" ","price":7.96},{"type":"B","date":"2018-05-04T03:16:36.000Z","volume":4000,"label":" ","price":7.96},{"type":"A","date":"2018-05-04T03:16:56.000Z","volume":2000,"label":"Y","price":7.98},{"type":"A","date":"2018-05-04T03:17:01.000Z","volume":6000,"label":" ","price":7.98},{"type":"A","date":"2018-05-04T03:17:05.000Z","volume":2000,"label":" ","price":7.98},{"type":"A","date":"2018-05-04T03:17:06.000Z","volume":2000,"label":" ","price":7.98},{"type":"A","date":"2018-05-04T03:17:56.000Z","volume":4000,"label":" ","price":7.99},{"type":"A","date":"2018-05-04T03:18:15.000Z","volume":2000,"label":" ","price":7.99},{"type":"A","date":"2018-05-04T03:18:26.000Z","volume":20000,"label":" ","price":7.99},{"type":"B","date":"2018-05-04T03:18:28.000Z","volume":2000,"label":" ","price":7.98},{"type":"A","date":"2018-05-04T03:18:56.000Z","volume":2000,"label":" ","price":8},{"type":"A","date":"2018-05-04T03:19:17.000Z","volume":40000,"label":" ","price":8},{"type":"A","date":"2018-05-04T03:19:17.000Z","volume":72000,"label":" ","price":8},{"type":"B","date":"2018-05-04T03:19:19.000Z","volume":2000,"label":" ","price":7.99},{"type":"U","date":"2018-05-04T03:19:22.000Z","volume":2000,"label":"X","price":8},{"type":"A","date":"2018-05-04T03:19:28.000Z","volume":2000,"label":" ","price":8.01},{"type":"A","date":"2018-05-04T03:20:03.000Z","volume":6000,"label":" ","price":8},{"type":"B","date":"2018-05-04T03:20:03.000Z","volume":2000,"label":" ","price":8},{"type":"A","date":"2018-05-04T03:20:24.000Z","volume":2000,"label":" ","price":8.01},{"type":"B","date":"2018-05-04T03:20:33.000Z","volume":4000,"label":" ","price":8},{"type":"B","date":"2018-05-04T03:21:07.000Z","volume":28000,"label":" ","price":8},{"type":"B","date":"2018-05-04T03:21:12.000Z","volume":2000,"label":" ","price":8},{"type":"B","date":"2018-05-04T03:21:17.000Z","volume":4000,"label":" ","price":8},{"type":"A","date":"2018-05-04T03:21:17.000Z","volume":2000,"label":" ","price":8},{"type":"B","date":"2018-05-04T03:21:17.000Z","volume":2000,"label":" ","price":7.99},{"type":"A","date":"2018-05-04T03:21:17.000Z","volume":6000,"label":" ","price":8},{"type":"A","date":"2018-05-04T03:21:20.000Z","volume":2000,"label":" ","price":8},{"type":"A","date":"2018-05-04T03:21:20.000Z","volume":2000,"label":" ","price":8},{"type":"B","date":"2018-05-04T03:22:00.000Z","volume":20000,"label":" ","price":8},{"type":"B","date":"2018-05-04T03:22:00.000Z","volume":2000,"label":" ","price":8},{"type":"A","date":"2018-05-04T03:22:15.000Z","volume":2000,"label":" ","price":8.01},{"type":"B","date":"2018-05-04T03:22:48.000Z","volume":2000,"label":" ","price":8},{"type":"B","date":"2018-05-04T03:22:48.000Z","volume":2000,"label":" ","price":8},{"type":"A","date":"2018-05-04T03:23:09.000Z","volume":4000,"label":" ","price":8.01},{"type":"A","date":"2018-05-04T03:23:10.000Z","volume":2000,"label":" ","price":8.01},{"type":"B","date":"2018-05-04T03:23:12.000Z","volume":2000,"label":" ","price":8.01},{"type":"A","date":"2018-05-04T03:23:20.000Z","volume":2000,"label":"Y","price":8.02},{"type":"A","date":"2018-05-04T03:23:20.000Z","volume":56000,"label":" ","price":8.02},{"type":"B","date":"2018-05-04T03:23:22.000Z","volume":4000,"label":" ","price":8.02},{"type":"B","date":"2018-05-04T03:24:05.000Z","volume":20000,"label":" ","price":8.02},{"type":"B","date":"2018-05-04T03:24:05.000Z","volume":2000,"label":" ","price":8.02},{"type":"B","date":"2018-05-04T03:24:33.000Z","volume":2000,"label":" ","price":8.02},{"type":"B","date":"2018-05-04T03:24:33.000Z","volume":44000,"label":" ","price":8.02},{"type":"B","date":"2018-05-04T03:24:33.000Z","volume":10000,"label":" ","price":8.02},{"type":"B","date":"2018-05-04T03:24:33.000Z","volume":4000,"label":" ","price":8.02},{"type":"B","date":"2018-05-04T03:24:34.000Z","volume":74000,"label":" ","price":8.01},{"type":"B","date":"2018-05-04T03:24:34.000Z","volume":2000,"label":" ","price":8},{"type":"B","date":"2018-05-04T03:24:35.000Z","volume":4000,"label":" ","price":8},{"type":"A","date":"2018-05-04T03:25:04.000Z","volume":28000,"label":" ","price":8},{"type":"A","date":"2018-05-04T03:25:04.000Z","volume":2000,"label":"Y","price":8.01},{"type":"A","date":"2018-05-04T03:25:04.000Z","volume":144000,"label":" ","price":8.01},{"type":"A","date":"2018-05-04T03:25:04.000Z","volume":48000,"label":" ","price":8.02},{"type":"A","date":"2018-05-04T03:25:04.000Z","volume":2000,"label":" ","price":8.01},{"type":"B","date":"2018-05-04T03:25:06.000Z","volume":6000,"label":" ","price":8.01},{"type":"B","date":"2018-05-04T03:25:08.000Z","volume":16000,"label":" ","price":8.01},{"type":"B","date":"2018-05-04T03:25:08.000Z","volume":10000,"label":" ","price":8.01},{"type":"B","date":"2018-05-04T03:25:08.000Z","volume":2000,"label":" ","price":8.01},{"type":"A","date":"2018-05-04T03:25:15.000Z","volume":4000,"label":" ","price":8.01},{"type":"B","date":"2018-05-04T03:25:21.000Z","volume":2000,"label":" ","price":8},{"type":"A","date":"2018-05-04T03:25:41.000Z","volume":4000,"label":" ","price":8.01},{"type":"A","date":"2018-05-04T03:25:53.000Z","volume":8000,"label":" ","price":8.01},{"type":"A","date":"2018-05-04T03:26:12.000Z","volume":4000,"label":" ","price":8.02},{"type":"A","date":"2018-05-04T03:27:12.000Z","volume":30000,"label":" ","price":8.03},{"type":"A","date":"2018-05-04T03:27:12.000Z","volume":8000,"label":" ","price":8.03},{"type":"A","date":"2018-05-04T03:27:49.000Z","volume":2000,"label":"Y","price":8.04},{"type":"A","date":"2018-05-04T03:27:56.000Z","volume":4000,"label":" ","price":8.04},{"type":"A","date":"2018-05-04T03:28:19.000Z","volume":2000,"label":" ","price":8.04},{"type":"A","date":"2018-05-04T03:30:04.000Z","volume":2000,"label":" ","price":8.03},{"type":"A","date":"2018-05-04T03:30:42.000Z","volume":2000,"label":" ","price":8.03},{"type":"B","date":"2018-05-04T03:30:44.000Z","volume":2000,"label":" ","price":8.02},{"type":"B","date":"2018-05-04T03:31:02.000Z","volume":2000,"label":" ","price":8.02},{"type":"B","date":"2018-05-04T03:32:38.000Z","volume":20000,"label":" ","price":8.02},{"type":"B","date":"2018-05-04T03:32:41.000Z","volume":2000,"label":" ","price":8.02},{"type":"B","date":"2018-05-04T03:32:55.000Z","volume":10000,"label":" ","price":8.02},{"type":"B","date":"2018-05-04T03:32:56.000Z","volume":4000,"label":" ","price":8.02},{"type":"A","date":"2018-05-04T03:33:03.000Z","volume":2000,"label":" ","price":8.03},{"type":"A","date":"2018-05-04T03:33:50.000Z","volume":4000,"label":" ","price":8.03},{"type":"B","date":"2018-05-04T03:33:50.000Z","volume":2000,"label":" ","price":8.02},{"type":"B","date":"2018-05-04T03:33:53.000Z","volume":2000,"label":" ","price":8.02},{"type":"B","date":"2018-05-04T03:33:53.000Z","volume":2000,"label":" ","price":8.02},{"type":"A","date":"2018-05-04T03:34:20.000Z","volume":2000,"label":" ","price":8.03},{"type":"A","date":"2018-05-04T03:34:50.000Z","volume":2000,"label":" ","price":8.03},{"type":"A","date":"2018-05-04T03:34:50.000Z","volume":2000,"label":" ","price":8.03},{"type":"B","date":"2018-05-04T03:35:37.000Z","volume":8000,"label":" ","price":8.02},{"type":"B","date":"2018-05-04T03:35:38.000Z","volume":2000,"label":" ","price":8.02},{"type":"B","date":"2018-05-04T03:36:30.000Z","volume":50000,"label":" ","price":8.02},{"type":"B","date":"2018-05-04T03:36:30.000Z","volume":4000,"label":" ","price":8.02},{"type":"B","date":"2018-05-04T03:36:32.000Z","volume":2000,"label":" ","price":8.01},{"type":"B","date":"2018-05-04T03:36:32.000Z","volume":2000,"label":" ","price":8.01},{"type":"B","date":"2018-05-04T03:36:34.000Z","volume":4000,"label":" ","price":8.01},{"type":"B","date":"2018-05-04T03:36:36.000Z","volume":2000,"label":" ","price":8.01},{"type":"B","date":"2018-05-04T03:36:41.000Z","volume":2000,"label":" ","price":8.01},{"type":"B","date":"2018-05-04T03:39:52.000Z","volume":2000,"label":" ","price":8.01},{"type":"A","date":"2018-05-04T03:40:22.000Z","volume":2000,"label":" ","price":8.02},{"type":"A","date":"2018-05-04T03:40:22.000Z","volume":90000,"label":" ","price":8.02},{"type":"A","date":"2018-05-04T03:40:27.000Z","volume":14000,"label":" ","price":8.03},{"type":"A","date":"2018-05-04T03:42:18.000Z","volume":2000,"label":" ","price":8.04},{"type":"B","date":"2018-05-04T03:42:40.000Z","volume":20000,"label":" ","price":8.03},{"type":"B","date":"2018-05-04T03:43:22.000Z","volume":20000,"label":" ","price":8.03},{"type":"A","date":"2018-05-04T03:44:04.000Z","volume":2000,"label":" ","price":8.03},{"type":"B","date":"2018-05-04T03:44:07.000Z","volume":2000,"label":" ","price":8.02},{"type":"B","date":"2018-05-04T03:44:32.000Z","volume":8000,"label":" ","price":8.02},{"type":"B","date":"2018-05-04T03:44:38.000Z","volume":2000,"label":" ","price":8.02},{"type":"U","date":"2018-05-04T03:44:43.000Z","volume":2000,"label":"X","price":8.025},{"type":"A","date":"2018-05-04T03:45:05.000Z","volume":8000,"label":" ","price":8.03},{"type":"A","date":"2018-05-04T03:45:05.000Z","volume":2000,"label":" ","price":8.03},{"type":"B","date":"2018-05-04T03:46:10.000Z","volume":20000,"label":" ","price":8.02},{"type":"B","date":"2018-05-04T03:46:41.000Z","volume":10000,"label":" ","price":8.02},{"type":"A","date":"2018-05-04T03:47:41.000Z","volume":2000,"label":" ","price":8.03},{"type":"B","date":"2018-05-04T03:47:46.000Z","volume":20000,"label":" ","price":8.02},{"type":"B","date":"2018-05-04T03:48:02.000Z","volume":20000,"label":" ","price":8.02},{"type":"B","date":"2018-05-04T03:48:12.000Z","volume":6000,"label":" ","price":8.02},{"type":"B","date":"2018-05-04T03:48:16.000Z","volume":20000,"label":" ","price":8.02},{"type":"B","date":"2018-05-04T03:48:16.000Z","volume":8000,"label":" ","price":8.02},{"type":"B","date":"2018-05-04T03:48:17.000Z","volume":2000,"label":" ","price":8.02},{"type":"B","date":"2018-05-04T03:48:21.000Z","volume":2000,"label":" ","price":8.02},{"type":"B","date":"2018-05-04T03:48:38.000Z","volume":2000,"label":" ","price":8.01},{"type":"A","date":"2018-05-04T03:48:43.000Z","volume":4000,"label":" ","price":8.02},{"type":"B","date":"2018-05-04T03:49:39.000Z","volume":2000,"label":" ","price":8.01},{"type":"B","date":"2018-05-04T03:49:42.000Z","volume":2000,"label":" ","price":8.01},{"type":"U","date":"2018-05-04T03:49:42.000Z","volume":2000,"label":" ","price":8.01},{"type":"A","date":"2018-05-04T03:50:29.000Z","volume":2000,"label":" ","price":8.01},{"type":"B","date":"2018-05-04T03:51:08.000Z","volume":18000,"label":" ","price":8},{"type":"A","date":"2018-05-04T03:51:08.000Z","volume":2000,"label":" ","price":8},{"type":"A","date":"2018-05-04T03:51:28.000Z","volume":10000,"label":" ","price":8.01},{"type":"A","date":"2018-05-04T03:51:58.000Z","volume":50000,"label":" ","price":8},{"type":"A","date":"2018-05-04T03:51:58.000Z","volume":10000,"label":" ","price":8.01},{"type":"A","date":"2018-05-04T03:54:21.000Z","volume":2000,"label":" ","price":8.02},{"type":"B","date":"2018-05-04T03:55:09.000Z","volume":2000,"label":" ","price":8},{"type":"B","date":"2018-05-04T03:55:22.000Z","volume":8000,"label":" ","price":8},{"type":"A","date":"2018-05-04T03:55:35.000Z","volume":2000,"label":" ","price":8.01},{"type":"A","date":"2018-05-04T03:57:08.000Z","volume":2000,"label":"Y","price":8.01},{"type":"A","date":"2018-05-04T03:57:09.000Z","volume":2000,"label":" ","price":8.01},{"type":"B","date":"2018-05-04T03:58:22.000Z","volume":10000,"label":" ","price":8.01},{"type":"B","date":"2018-05-04T03:58:32.000Z","volume":10000,"label":" ","price":8.01},{"type":"A","date":"2018-05-04T03:58:32.000Z","volume":2000,"label":" ","price":8.01},{"type":"A","date":"2018-05-04T03:58:41.000Z","volume":2000,"label":" ","price":8.01},{"type":"A","date":"2018-05-04T03:58:41.000Z","volume":10000,"label":" ","price":8.01},{"type":"A","date":"2018-05-04T03:58:45.000Z","volume":2000,"label":" ","price":8.02},{"type":"B","date":"2018-05-04T03:59:17.000Z","volume":2000,"label":" ","price":8.01},{"type":"B","date":"2018-05-04T05:00:00.000Z","volume":18000,"label":" ","price":8},{"type":"A","date":"2018-05-04T05:00:02.000Z","volume":4000,"label":" ","price":8},{"type":"B","date":"2018-05-04T05:00:03.000Z","volume":2000,"label":" ","price":7.99},{"type":"A","date":"2018-05-04T05:00:06.000Z","volume":2000,"label":" ","price":8},{"type":"A","date":"2018-05-04T05:00:17.000Z","volume":92000,"label":" ","price":8},{"type":"A","date":"2018-05-04T05:00:27.000Z","volume":2000,"label":" ","price":8.02},{"type":"A","date":"2018-05-04T05:00:27.000Z","volume":4000,"label":" ","price":8.02},{"type":"A","date":"2018-05-04T05:00:58.000Z","volume":2000,"label":" ","price":8.02},{"type":"A","date":"2018-05-04T05:02:33.000Z","volume":14000,"label":" ","price":8.02},{"type":"U","date":"2018-05-04T05:03:45.000Z","volume":2000,"label":" ","price":8.01},{"type":"A","date":"2018-05-04T05:04:17.000Z","volume":4000,"label":" ","price":8.02},{"type":"B","date":"2018-05-04T05:04:18.000Z","volume":2000,"label":" ","price":8},{"type":"A","date":"2018-05-04T05:04:45.000Z","volume":10000,"label":" ","price":8.01},{"type":"A","date":"2018-05-04T05:04:46.000Z","volume":2000,"label":" ","price":8.02},{"type":"A","date":"2018-05-04T05:05:24.000Z","volume":2000,"label":" ","price":8.02},{"type":"B","date":"2018-05-04T05:06:03.000Z","volume":2000,"label":" ","price":8.01},{"type":"B","date":"2018-05-04T05:06:15.000Z","volume":2000,"label":" ","price":8.01},{"type":"A","date":"2018-05-04T05:07:38.000Z","volume":2000,"label":" ","price":8.02},{"type":"B","date":"2018-05-04T05:07:38.000Z","volume":2000,"label":" ","price":8.01},{"type":"B","date":"2018-05-04T05:07:39.000Z","volume":2000,"label":" ","price":8.01},{"type":"B","date":"2018-05-04T05:08:02.000Z","volume":4000,"label":" ","price":8.01},{"type":"B","date":"2018-05-04T05:08:02.000Z","volume":26000,"label":" ","price":8.01},{"type":"B","date":"2018-05-04T05:08:05.000Z","volume":2000,"label":" ","price":8.01},{"type":"B","date":"2018-05-04T05:08:05.000Z","volume":2000,"label":" ","price":8.01},{"type":"B","date":"2018-05-04T05:08:06.000Z","volume":2000,"label":" ","price":8},{"type":"B","date":"2018-05-04T05:08:06.000Z","volume":2000,"label":" ","price":8},{"type":"U","date":"2018-05-04T05:10:02.000Z","volume":2000,"label":"X","price":8.006},{"type":"A","date":"2018-05-04T05:10:20.000Z","volume":2000,"label":" ","price":8.01},{"type":"B","date":"2018-05-04T05:10:26.000Z","volume":12000,"label":" ","price":8},{"type":"B","date":"2018-05-04T05:10:26.000Z","volume":2000,"label":" ","price":8},{"type":"B","date":"2018-05-04T05:10:30.000Z","volume":2000,"label":" ","price":8},{"type":"B","date":"2018-05-04T05:10:35.000Z","volume":4000,"label":" ","price":8},{"type":"A","date":"2018-05-04T05:11:13.000Z","volume":2000,"label":" ","price":8.01},{"type":"B","date":"2018-05-04T05:11:15.000Z","volume":2000,"label":" ","price":8},{"type":"A","date":"2018-05-04T05:11:53.000Z","volume":2000,"label":" ","price":8.01},{"type":"B","date":"2018-05-04T05:12:05.000Z","volume":14000,"label":" ","price":8},{"type":"B","date":"2018-05-04T05:12:05.000Z","volume":2000,"label":" ","price":8},{"type":"A","date":"2018-05-04T05:12:55.000Z","volume":32000,"label":" ","price":8.01},{"type":"A","date":"2018-05-04T05:12:55.000Z","volume":10000,"label":" ","price":8.02},{"type":"A","date":"2018-05-04T05:12:55.000Z","volume":8000,"label":" ","price":8.03},{"type":"B","date":"2018-05-04T05:12:55.000Z","volume":8000,"label":" ","price":8},{"type":"B","date":"2018-05-04T05:12:55.000Z","volume":2000,"label":" ","price":8},{"type":"B","date":"2018-05-04T05:12:55.000Z","volume":8000,"label":" ","price":8},{"type":"B","date":"2018-05-04T05:12:56.000Z","volume":2000,"label":" ","price":8},{"type":"B","date":"2018-05-04T05:12:56.000Z","volume":8000,"label":" ","price":8},{"type":"B","date":"2018-05-04T05:12:56.000Z","volume":10000,"label":" ","price":8},{"type":"B","date":"2018-05-04T05:13:03.000Z","volume":8000,"label":" ","price":8},{"type":"B","date":"2018-05-04T05:13:03.000Z","volume":8000,"label":" ","price":8},{"type":"B","date":"2018-05-04T05:13:04.000Z","volume":18000,"label":" ","price":8},{"type":"B","date":"2018-05-04T05:13:04.000Z","volume":10000,"label":" ","price":8},{"type":"B","date":"2018-05-04T05:13:05.000Z","volume":8000,"label":" ","price":8},{"type":"B","date":"2018-05-04T05:13:05.000Z","volume":8000,"label":" ","price":8},{"type":"B","date":"2018-05-04T05:13:09.000Z","volume":2000,"label":" ","price":7.99},{"type":"B","date":"2018-05-04T05:13:09.000Z","volume":8000,"label":" ","price":8},{"type":"B","date":"2018-05-04T05:13:09.000Z","volume":10000,"label":" ","price":8},{"type":"B","date":"2018-05-04T05:13:10.000Z","volume":8000,"label":" ","price":8},{"type":"B","date":"2018-05-04T05:13:10.000Z","volume":8000,"label":" ","price":8},{"type":"B","date":"2018-05-04T05:13:15.000Z","volume":4000,"label":" ","price":8},{"type":"A","date":"2018-05-04T05:13:24.000Z","volume":2000,"label":" ","price":8.01},{"type":"B","date":"2018-05-04T05:13:29.000Z","volume":2000,"label":" ","price":8},{"type":"B","date":"2018-05-04T05:13:40.000Z","volume":6000,"label":" ","price":8},{"type":"A","date":"2018-05-04T05:13:40.000Z","volume":8000,"label":" ","price":8},{"type":"A","date":"2018-05-04T05:13:40.000Z","volume":2000,"label":" ","price":8},{"type":"B","date":"2018-05-04T05:13:40.000Z","volume":2000,"label":" ","price":8},{"type":"B","date":"2018-05-04T05:15:10.000Z","volume":8000,"label":" ","price":8},{"type":"B","date":"2018-05-04T05:15:10.000Z","volume":6000,"label":" ","price":7.99},{"type":"B","date":"2018-05-04T05:15:10.000Z","volume":2000,"label":" ","price":8},{"type":"A","date":"2018-05-04T05:15:21.000Z","volume":22000,"label":" ","price":7.99},{"type":"A","date":"2018-05-04T05:16:28.000Z","volume":2000,"label":" ","price":7.99},{"type":"A","date":"2018-05-04T05:16:50.000Z","volume":2000,"label":" ","price":7.99},{"type":"A","date":"2018-05-04T05:17:58.000Z","volume":18000,"label":" ","price":7.99},{"type":"B","date":"2018-05-04T05:17:58.000Z","volume":2000,"label":" ","price":7.98},{"type":"A","date":"2018-05-04T05:19:15.000Z","volume":2000,"label":" ","price":8},{"type":"A","date":"2018-05-04T05:20:24.000Z","volume":2000,"label":" ","price":8},{"type":"B","date":"2018-05-04T05:22:05.000Z","volume":2000,"label":" ","price":7.98},{"type":"A","date":"2018-05-04T05:22:05.000Z","volume":4000,"label":" ","price":7.99},{"type":"A","date":"2018-05-04T05:22:17.000Z","volume":2000,"label":" ","price":7.99},{"type":"U","date":"2018-05-04T05:22:17.000Z","volume":14000,"label":" ","price":7.99},{"type":"B","date":"2018-05-04T05:22:21.000Z","volume":12000,"label":" ","price":7.99},{"type":"B","date":"2018-05-04T05:22:21.000Z","volume":2000,"label":" ","price":7.99},{"type":"A","date":"2018-05-04T05:23:56.000Z","volume":2000,"label":" ","price":7.99},{"type":"B","date":"2018-05-04T05:25:00.000Z","volume":2000,"label":" ","price":7.98},{"type":"B","date":"2018-05-04T05:25:02.000Z","volume":2000,"label":" ","price":7.98},{"type":"B","date":"2018-05-04T05:25:05.000Z","volume":8000,"label":" ","price":7.98},{"type":"B","date":"2018-05-04T05:25:10.000Z","volume":2000,"label":" ","price":7.98},{"type":"B","date":"2018-05-04T05:27:40.000Z","volume":2000,"label":" ","price":7.98},{"type":"B","date":"2018-05-04T05:27:45.000Z","volume":2000,"label":" ","price":7.98},{"type":"B","date":"2018-05-04T05:27:47.000Z","volume":2000,"label":" ","price":7.98},{"type":"A","date":"2018-05-04T05:28:03.000Z","volume":2000,"label":" ","price":7.99},{"type":"B","date":"2018-05-04T05:28:16.000Z","volume":16000,"label":" ","price":7.98},{"type":"A","date":"2018-05-04T05:28:16.000Z","volume":2000,"label":" ","price":7.98},{"type":"A","date":"2018-05-04T05:28:20.000Z","volume":2000,"label":" ","price":7.98},{"type":"A","date":"2018-05-04T05:28:20.000Z","volume":2000,"label":"Y","price":7.98},{"type":"A","date":"2018-05-04T05:28:20.000Z","volume":4000,"label":"Y","price":7.98},{"type":"A","date":"2018-05-04T05:28:20.000Z","volume":2000,"label":"Y","price":7.98},{"type":"B","date":"2018-05-04T05:28:39.000Z","volume":10000,"label":" ","price":7.97},{"type":"A","date":"2018-05-04T05:29:23.000Z","volume":2000,"label":" ","price":7.99},{"type":"B","date":"2018-05-04T05:29:57.000Z","volume":2000,"label":" ","price":7.97},{"type":"U","date":"2018-05-04T05:30:55.000Z","volume":8000,"label":" ","price":7.98},{"type":"A","date":"2018-05-04T05:30:59.000Z","volume":2000,"label":" ","price":7.99},{"type":"A","date":"2018-05-04T05:30:59.000Z","volume":32000,"label":" ","price":7.99},{"type":"A","date":"2018-05-04T05:30:59.000Z","volume":58000,"label":" ","price":7.99},{"type":"B","date":"2018-05-04T05:30:59.000Z","volume":2000,"label":" ","price":7.99},{"type":"A","date":"2018-05-04T05:31:21.000Z","volume":2000,"label":" ","price":8},{"type":"A","date":"2018-05-04T05:32:31.000Z","volume":2000,"label":" ","price":8},{"type":"B","date":"2018-05-04T05:34:05.000Z","volume":2000,"label":" ","price":7.99},{"type":"B","date":"2018-05-04T05:34:32.000Z","volume":8000,"label":"Y","price":7.99},{"type":"B","date":"2018-05-04T05:34:32.000Z","volume":10000,"label":" ","price":7.99},{"type":"B","date":"2018-05-04T05:34:32.000Z","volume":2000,"label":" ","price":7.99},{"type":"A","date":"2018-05-04T05:35:06.000Z","volume":2000,"label":" ","price":7.99},{"type":"A","date":"2018-05-04T05:35:16.000Z","volume":2000,"label":" ","price":7.99},{"type":"A","date":"2018-05-04T05:36:29.000Z","volume":2000,"label":" ","price":7.98},{"type":"B","date":"2018-05-04T05:36:55.000Z","volume":4000,"label":" ","price":7.97},{"type":"A","date":"2018-05-04T05:37:18.000Z","volume":2000,"label":" ","price":7.98},{"type":"A","date":"2018-05-04T05:37:53.000Z","volume":2000,"label":" ","price":7.98},{"type":"B","date":"2018-05-04T05:37:55.000Z","volume":2000,"label":" ","price":7.97},{"type":"B","date":"2018-05-04T05:39:25.000Z","volume":2000,"label":" ","price":7.97},{"type":"A","date":"2018-05-04T05:40:11.000Z","volume":2000,"label":" ","price":7.98},{"type":"U","date":"2018-05-04T05:40:16.000Z","volume":2000,"label":"X","price":7.97},{"type":"B","date":"2018-05-04T05:40:20.000Z","volume":2000,"label":" ","price":7.97},{"type":"A","date":"2018-05-04T05:40:35.000Z","volume":2000,"label":" ","price":7.98},{"type":"A","date":"2018-05-04T05:41:05.000Z","volume":32000,"label":" ","price":7.98},{"type":"A","date":"2018-05-04T05:41:05.000Z","volume":4000,"label":" ","price":7.98},{"type":"A","date":"2018-05-04T05:41:05.000Z","volume":4000,"label":" ","price":7.98},{"type":"A","date":"2018-05-04T05:41:45.000Z","volume":4000,"label":" ","price":7.99},{"type":"A","date":"2018-05-04T05:42:43.000Z","volume":2000,"label":" ","price":7.99},{"type":"A","date":"2018-05-04T05:42:51.000Z","volume":10000,"label":" ","price":7.99},{"type":"A","date":"2018-05-04T05:44:13.000Z","volume":2000,"label":" ","price":7.99},{"type":"A","date":"2018-05-04T05:45:05.000Z","volume":2000,"label":" ","price":7.99},{"type":"B","date":"2018-05-04T05:45:10.000Z","volume":2000,"label":" ","price":7.98},{"type":"A","date":"2018-05-04T05:45:22.000Z","volume":2000,"label":" ","price":7.99},{"type":"A","date":"2018-05-04T05:46:02.000Z","volume":6000,"label":" ","price":7.99},{"type":"A","date":"2018-05-04T05:46:02.000Z","volume":2000,"label":" ","price":7.99},{"type":"A","date":"2018-05-04T05:46:02.000Z","volume":6000,"label":" ","price":7.99},{"type":"A","date":"2018-05-04T05:46:12.000Z","volume":2000,"label":" ","price":7.99},{"type":"B","date":"2018-05-04T05:47:55.000Z","volume":2000,"label":" ","price":7.98},{"type":"A","date":"2018-05-04T05:48:17.000Z","volume":2000,"label":" ","price":7.99},{"type":"A","date":"2018-05-04T05:48:30.000Z","volume":4000,"label":" ","price":7.99},{"type":"A","date":"2018-05-04T05:48:55.000Z","volume":2000,"label":" ","price":7.99},{"type":"A","date":"2018-05-04T05:48:55.000Z","volume":12000,"label":" ","price":7.99},{"type":"A","date":"2018-05-04T05:49:06.000Z","volume":2000,"label":" ","price":8},{"type":"A","date":"2018-05-04T05:49:06.000Z","volume":10000,"label":" ","price":8},{"type":"A","date":"2018-05-04T05:49:17.000Z","volume":2000,"label":" ","price":8.01},{"type":"A","date":"2018-05-04T05:49:17.000Z","volume":6000,"label":" ","price":8.01},{"type":"A","date":"2018-05-04T05:49:17.000Z","volume":12000,"label":" ","price":8.01},{"type":"A","date":"2018-05-04T05:49:17.000Z","volume":2000,"label":" ","price":8.01},{"type":"A","date":"2018-05-04T05:49:17.000Z","volume":6000,"label":" ","price":8.01},{"type":"B","date":"2018-05-04T05:49:19.000Z","volume":8000,"label":" ","price":8.01},{"type":"B","date":"2018-05-04T05:49:19.000Z","volume":2000,"label":" ","price":8.01},{"type":"U","date":"2018-05-04T05:49:22.000Z","volume":4000,"label":"X","price":8.015},{"type":"U","date":"2018-05-04T05:49:22.000Z","volume":4000,"label":"X","price":8.015},{"type":"U","date":"2018-05-04T05:49:22.000Z","volume":2000,"label":"X","price":8.015},{"type":"B","date":"2018-05-04T05:49:28.000Z","volume":4000,"label":" ","price":7.99},{"type":"B","date":"2018-05-04T05:50:11.000Z","volume":2000,"label":" ","price":7.99},{"type":"A","date":"2018-05-04T05:51:00.000Z","volume":2000,"label":" ","price":8.01},{"type":"A","date":"2018-05-04T05:51:42.000Z","volume":2000,"label":" ","price":8.01},{"type":"A","date":"2018-05-04T05:52:30.000Z","volume":2000,"label":" ","price":8},{"type":"B","date":"2018-05-04T05:52:34.000Z","volume":30000,"label":" ","price":7.99},{"type":"U","date":"2018-05-04T05:52:34.000Z","volume":2000,"label":" ","price":7.99},{"type":"B","date":"2018-05-04T05:52:45.000Z","volume":6000,"label":" ","price":7.98},{"type":"B","date":"2018-05-04T05:52:50.000Z","volume":2000,"label":" ","price":7.98},{"type":"B","date":"2018-05-04T05:52:50.000Z","volume":2000,"label":" ","price":7.97},{"type":"A","date":"2018-05-04T05:52:50.000Z","volume":2000,"label":" ","price":7.98},{"type":"B","date":"2018-05-04T05:53:10.000Z","volume":6000,"label":" ","price":7.96},{"type":"B","date":"2018-05-04T05:53:11.000Z","volume":6000,"label":" ","price":7.96},{"type":"A","date":"2018-05-04T05:54:06.000Z","volume":2000,"label":" ","price":7.97},{"type":"B","date":"2018-05-04T05:56:05.000Z","volume":2000,"label":" ","price":7.96},{"type":"B","date":"2018-05-04T05:56:07.000Z","volume":2000,"label":" ","price":7.96},{"type":"B","date":"2018-05-04T05:56:23.000Z","volume":2000,"label":" ","price":7.96},{"type":"B","date":"2018-05-04T05:56:24.000Z","volume":2000,"label":" ","price":7.96},{"type":"B","date":"2018-05-04T05:56:25.000Z","volume":2000,"label":" ","price":7.96},{"type":"B","date":"2018-05-04T05:56:25.000Z","volume":2000,"label":" ","price":7.96},{"type":"B","date":"2018-05-04T05:56:25.000Z","volume":4000,"label":" ","price":7.96},{"type":"B","date":"2018-05-04T05:56:45.000Z","volume":4000,"label":" ","price":7.96},{"type":"A","date":"2018-05-04T05:56:45.000Z","volume":2000,"label":" ","price":7.96},{"type":"A","date":"2018-05-04T05:56:53.000Z","volume":10000,"label":" ","price":7.96},{"type":"A","date":"2018-05-04T05:57:14.000Z","volume":2000,"label":" ","price":7.96},{"type":"A","date":"2018-05-04T05:57:28.000Z","volume":8000,"label":" ","price":7.96},{"type":"B","date":"2018-05-04T05:57:28.000Z","volume":2000,"label":" ","price":7.95},{"type":"A","date":"2018-05-04T05:59:38.000Z","volume":2000,"label":" ","price":7.96},{"type":"A","date":"2018-05-04T05:59:53.000Z","volume":2000,"label":" ","price":7.96},{"type":"B","date":"2018-05-04T06:00:05.000Z","volume":2000,"label":" ","price":7.95},{"type":"A","date":"2018-05-04T06:00:08.000Z","volume":36000,"label":" ","price":7.96},{"type":"A","date":"2018-05-04T06:00:11.000Z","volume":4000,"label":" ","price":7.97},{"type":"A","date":"2018-05-04T06:00:11.000Z","volume":4000,"label":" ","price":7.97},{"type":"A","date":"2018-05-04T06:00:11.000Z","volume":2000,"label":" ","price":7.97},{"type":"A","date":"2018-05-04T06:00:16.000Z","volume":4000,"label":" ","price":7.98},{"type":"B","date":"2018-05-04T06:00:32.000Z","volume":8000,"label":" ","price":7.99},{"type":"B","date":"2018-05-04T06:00:32.000Z","volume":2000,"label":" ","price":7.99},{"type":"B","date":"2018-05-04T06:00:41.000Z","volume":12000,"label":" ","price":7.99},{"type":"A","date":"2018-05-04T06:01:08.000Z","volume":2000,"label":" ","price":8},{"type":"B","date":"2018-05-04T06:01:15.000Z","volume":2000,"label":" ","price":7.99},{"type":"A","date":"2018-05-04T06:03:13.000Z","volume":2000,"label":" ","price":8},{"type":"B","date":"2018-05-04T06:04:41.000Z","volume":14000,"label":" ","price":7.99},{"type":"B","date":"2018-05-04T06:04:41.000Z","volume":2000,"label":" ","price":7.99},{"type":"B","date":"2018-05-04T06:04:41.000Z","volume":2000,"label":" ","price":7.98},{"type":"A","date":"2018-05-04T06:04:41.000Z","volume":2000,"label":" ","price":7.99},{"type":"A","date":"2018-05-04T06:05:58.000Z","volume":2000,"label":" ","price":7.99},{"type":"A","date":"2018-05-04T06:06:11.000Z","volume":20000,"label":" ","price":7.99},{"type":"A","date":"2018-05-04T06:06:11.000Z","volume":2000,"label":"Y","price":8},{"type":"A","date":"2018-05-04T06:06:11.000Z","volume":16000,"label":" ","price":8},{"type":"B","date":"2018-05-04T06:06:13.000Z","volume":4000,"label":" ","price":8},{"type":"B","date":"2018-05-04T06:06:15.000Z","volume":14000,"label":" ","price":8},{"type":"B","date":"2018-05-04T06:06:15.000Z","volume":2000,"label":" ","price":8},{"type":"A","date":"2018-05-04T06:08:04.000Z","volume":2000,"label":" ","price":8.01},{"type":"B","date":"2018-05-04T06:08:12.000Z","volume":2000,"label":" ","price":8},{"type":"A","date":"2018-05-04T06:08:51.000Z","volume":2000,"label":" ","price":8.01},{"type":"A","date":"2018-05-04T06:11:09.000Z","volume":4000,"label":" ","price":8.01},{"type":"B","date":"2018-05-04T06:11:11.000Z","volume":2000,"label":" ","price":8},{"type":"A","date":"2018-05-04T06:11:30.000Z","volume":2000,"label":" ","price":8.01},{"type":"A","date":"2018-05-04T06:11:47.000Z","volume":4000,"label":" ","price":8.01},{"type":"A","date":"2018-05-04T06:12:33.000Z","volume":2000,"label":" ","price":8.01},{"type":"U","date":"2018-05-04T06:13:10.000Z","volume":788,"label":"D","price":7.94},{"type":"A","date":"2018-05-04T06:13:32.000Z","volume":2000,"label":" ","price":8.01},{"type":"A","date":"2018-05-04T06:13:32.000Z","volume":2000,"label":" ","price":8.01},{"type":"A","date":"2018-05-04T06:13:32.000Z","volume":2000,"label":" ","price":8.01},{"type":"A","date":"2018-05-04T06:15:02.000Z","volume":4000,"label":" ","price":8.01},{"type":"A","date":"2018-05-04T06:15:02.000Z","volume":4000,"label":" ","price":8.01},{"type":"A","date":"2018-05-04T06:15:15.000Z","volume":2000,"label":" ","price":8.01},{"type":"B","date":"2018-05-04T06:15:17.000Z","volume":2000,"label":" ","price":8},{"type":"A","date":"2018-05-04T06:16:25.000Z","volume":4000,"label":" ","price":8.01},{"type":"A","date":"2018-05-04T06:16:53.000Z","volume":2000,"label":" ","price":8.01},{"type":"A","date":"2018-05-04T06:17:05.000Z","volume":2000,"label":" ","price":8.01},{"type":"A","date":"2018-05-04T06:17:53.000Z","volume":2000,"label":" ","price":8.01},{"type":"A","date":"2018-05-04T06:18:44.000Z","volume":4000,"label":" ","price":8.01},{"type":"B","date":"2018-05-04T06:18:46.000Z","volume":2000,"label":" ","price":8},{"type":"A","date":"2018-05-04T06:18:50.000Z","volume":2000,"label":" ","price":8.01},{"type":"B","date":"2018-05-04T06:19:11.000Z","volume":6000,"label":" ","price":8},{"type":"B","date":"2018-05-04T06:19:11.000Z","volume":2000,"label":" ","price":8},{"type":"A","date":"2018-05-04T06:22:04.000Z","volume":2000,"label":" ","price":8.01},{"type":"A","date":"2018-05-04T06:22:32.000Z","volume":6000,"label":" ","price":8.01},{"type":"B","date":"2018-05-04T06:23:17.000Z","volume":4000,"label":" ","price":8},{"type":"B","date":"2018-05-04T06:23:17.000Z","volume":2000,"label":" ","price":8},{"type":"A","date":"2018-05-04T06:23:24.000Z","volume":4000,"label":" ","price":8.01},{"type":"U","date":"2018-05-04T06:23:29.000Z","volume":2000,"label":"X","price":8.01},{"type":"A","date":"2018-05-04T06:24:01.000Z","volume":6000,"label":" ","price":8.01},{"type":"A","date":"2018-05-04T06:25:02.000Z","volume":6000,"label":" ","price":8.01},{"type":"B","date":"2018-05-04T06:25:04.000Z","volume":2000,"label":" ","price":8},{"type":"B","date":"2018-05-04T06:25:04.000Z","volume":2000,"label":" ","price":8},{"type":"B","date":"2018-05-04T06:25:07.000Z","volume":2000,"label":" ","price":8},{"type":"B","date":"2018-05-04T06:25:08.000Z","volume":12000,"label":" ","price":8},{"type":"B","date":"2018-05-04T06:25:09.000Z","volume":2000,"label":" ","price":8},{"type":"B","date":"2018-05-04T06:25:15.000Z","volume":4000,"label":" ","price":8},{"type":"B","date":"2018-05-04T06:25:25.000Z","volume":4000,"label":" ","price":8},{"type":"B","date":"2018-05-04T06:25:47.000Z","volume":2000,"label":" ","price":8},{"type":"B","date":"2018-05-04T06:25:47.000Z","volume":2000,"label":" ","price":8},{"type":"B","date":"2018-05-04T06:26:04.000Z","volume":4000,"label":" ","price":8},{"type":"B","date":"2018-05-04T06:27:15.000Z","volume":2000,"label":" ","price":8},{"type":"B","date":"2018-05-04T06:27:15.000Z","volume":4000,"label":"Y","price":8},{"type":"B","date":"2018-05-04T06:27:15.000Z","volume":16000,"label":" ","price":8},{"type":"B","date":"2018-05-04T06:27:15.000Z","volume":4000,"label":" ","price":7.99},{"type":"B","date":"2018-05-04T06:27:15.000Z","volume":18000,"label":" ","price":7.99},{"type":"B","date":"2018-05-04T06:27:15.000Z","volume":2000,"label":" ","price":7.99},{"type":"B","date":"2018-05-04T06:27:17.000Z","volume":4000,"label":" ","price":7.97},{"type":"B","date":"2018-05-04T06:27:20.000Z","volume":2000,"label":" ","price":7.96},{"type":"B","date":"2018-05-04T06:27:22.000Z","volume":8000,"label":" ","price":7.96},{"type":"B","date":"2018-05-04T06:27:47.000Z","volume":2000,"label":" ","price":7.96},{"type":"A","date":"2018-05-04T06:29:10.000Z","volume":2000,"label":" ","price":7.97},{"type":"B","date":"2018-05-04T06:29:10.000Z","volume":10000,"label":" ","price":7.96},{"type":"B","date":"2018-05-04T06:29:12.000Z","volume":2000,"label":" ","price":7.96},{"type":"B","date":"2018-05-04T06:29:40.000Z","volume":2000,"label":" ","price":7.96},{"type":"B","date":"2018-05-04T06:30:51.000Z","volume":4000,"label":" ","price":7.95},{"type":"A","date":"2018-05-04T06:30:55.000Z","volume":2000,"label":" ","price":7.96},{"type":"A","date":"2018-05-04T06:30:56.000Z","volume":6000,"label":" ","price":7.96},{"type":"A","date":"2018-05-04T06:30:56.000Z","volume":2000,"label":" ","price":7.96},{"type":"B","date":"2018-05-04T06:31:19.000Z","volume":2000,"label":" ","price":7.95},{"type":"B","date":"2018-05-04T06:31:19.000Z","volume":4000,"label":" ","price":7.95},{"type":"A","date":"2018-05-04T06:31:46.000Z","volume":2000,"label":" ","price":7.96},{"type":"A","date":"2018-05-04T06:31:57.000Z","volume":4000,"label":" ","price":7.96},{"type":"A","date":"2018-05-04T06:32:53.000Z","volume":2000,"label":" ","price":7.96},{"type":"A","date":"2018-05-04T06:33:09.000Z","volume":2000,"label":" ","price":7.96},{"type":"B","date":"2018-05-04T06:33:13.000Z","volume":2000,"label":" ","price":7.95},{"type":"A","date":"2018-05-04T06:34:13.000Z","volume":44000,"label":" ","price":7.96},{"type":"A","date":"2018-05-04T06:34:34.000Z","volume":4000,"label":" ","price":7.97},{"type":"B","date":"2018-05-04T06:34:35.000Z","volume":4000,"label":" ","price":7.96},{"type":"A","date":"2018-05-04T06:35:14.000Z","volume":2000,"label":" ","price":7.97},{"type":"B","date":"2018-05-04T06:35:36.000Z","volume":2000,"label":" ","price":7.96},{"type":"A","date":"2018-05-04T06:36:15.000Z","volume":10000,"label":" ","price":7.97},{"type":"A","date":"2018-05-04T06:37:11.000Z","volume":8000,"label":" ","price":7.97},{"type":"A","date":"2018-05-04T06:37:17.000Z","volume":4000,"label":" ","price":7.98},{"type":"B","date":"2018-05-04T06:37:17.000Z","volume":2000,"label":" ","price":7.97},{"type":"U","date":"2018-05-04T06:37:22.000Z","volume":2000,"label":"X","price":7.98},{"type":"B","date":"2018-05-04T06:37:47.000Z","volume":10000,"label":" ","price":7.97},{"type":"B","date":"2018-05-04T06:37:50.000Z","volume":2000,"label":" ","price":7.97},{"type":"A","date":"2018-05-04T06:38:00.000Z","volume":2000,"label":" ","price":8},{"type":"A","date":"2018-05-04T06:39:49.000Z","volume":2000,"label":" ","price":7.98},{"type":"A","date":"2018-05-04T06:41:04.000Z","volume":26000,"label":" ","price":7.98},{"type":"B","date":"2018-05-04T06:41:06.000Z","volume":2000,"label":" ","price":7.98},{"type":"A","date":"2018-05-04T06:41:13.000Z","volume":2000,"label":" ","price":7.99},{"type":"B","date":"2018-05-04T06:41:48.000Z","volume":4000,"label":" ","price":7.98},{"type":"A","date":"2018-05-04T06:44:58.000Z","volume":2000,"label":" ","price":7.98},{"type":"A","date":"2018-05-04T06:45:10.000Z","volume":2000,"label":" ","price":7.98},{"type":"B","date":"2018-05-04T06:46:26.000Z","volume":2000,"label":" ","price":7.97},{"type":"A","date":"2018-05-04T06:46:43.000Z","volume":10000,"label":"Y","price":7.98},{"type":"B","date":"2018-05-04T06:46:44.000Z","volume":4000,"label":" ","price":7.97},{"type":"A","date":"2018-05-04T06:46:44.000Z","volume":2000,"label":" ","price":7.98},{"type":"A","date":"2018-05-04T06:47:09.000Z","volume":2000,"label":" ","price":7.98},{"type":"A","date":"2018-05-04T06:47:47.000Z","volume":4000,"label":" ","price":7.98},{"type":"A","date":"2018-05-04T06:49:08.000Z","volume":12000,"label":" ","price":7.98},{"type":"A","date":"2018-05-04T06:49:08.000Z","volume":2000,"label":" ","price":7.98},{"type":"A","date":"2018-05-04T06:49:08.000Z","volume":4000,"label":" ","price":7.98},{"type":"A","date":"2018-05-04T06:49:08.000Z","volume":2000,"label":" ","price":7.98},{"type":"A","date":"2018-05-04T06:49:08.000Z","volume":2000,"label":" ","price":7.99},{"type":"A","date":"2018-05-04T06:49:10.000Z","volume":14000,"label":" ","price":7.99},{"type":"A","date":"2018-05-04T06:49:10.000Z","volume":2000,"label":" ","price":8},{"type":"A","date":"2018-05-04T06:49:11.000Z","volume":6000,"label":" ","price":8},{"type":"A","date":"2018-05-04T06:49:11.000Z","volume":14000,"label":" ","price":8},{"type":"A","date":"2018-05-04T06:49:11.000Z","volume":2000,"label":" ","price":8.01},{"type":"A","date":"2018-05-04T06:50:12.000Z","volume":2000,"label":" ","price":8.01},{"type":"A","date":"2018-05-04T06:50:13.000Z","volume":2000,"label":" ","price":8.01},{"type":"A","date":"2018-05-04T06:50:41.000Z","volume":4000,"label":" ","price":8},{"type":"A","date":"2018-05-04T06:50:41.000Z","volume":2000,"label":"Y","price":8},{"type":"B","date":"2018-05-04T06:50:41.000Z","volume":4000,"label":" ","price":7.99},{"type":"U","date":"2018-05-04T06:50:46.000Z","volume":2000,"label":"X","price":7.995},{"type":"A","date":"2018-05-04T06:50:47.000Z","volume":2000,"label":" ","price":8},{"type":"A","date":"2018-05-04T06:50:47.000Z","volume":2000,"label":" ","price":8},{"type":"A","date":"2018-05-04T06:50:47.000Z","volume":2000,"label":" ","price":8},{"type":"B","date":"2018-05-04T06:50:48.000Z","volume":6000,"label":"Y","price":8},{"type":"B","date":"2018-05-04T06:50:48.000Z","volume":8000,"label":" ","price":8},{"type":"B","date":"2018-05-04T06:50:48.000Z","volume":2000,"label":" ","price":8},{"type":"B","date":"2018-05-04T06:50:48.000Z","volume":4000,"label":" ","price":8},{"type":"B","date":"2018-05-04T06:51:09.000Z","volume":8000,"label":" ","price":7.99},{"type":"A","date":"2018-05-04T06:51:13.000Z","volume":6000,"label":" ","price":7.99},{"type":"B","date":"2018-05-04T06:51:14.000Z","volume":4000,"label":" ","price":7.98},{"type":"B","date":"2018-05-04T06:52:10.000Z","volume":2000,"label":" ","price":7.97},{"type":"A","date":"2018-05-04T06:52:16.000Z","volume":14000,"label":" ","price":7.97},{"type":"A","date":"2018-05-04T06:52:16.000Z","volume":2000,"label":" ","price":7.97},{"type":"A","date":"2018-05-04T06:53:08.000Z","volume":8000,"label":" ","price":7.98},{"type":"B","date":"2018-05-04T06:53:12.000Z","volume":16000,"label":" ","price":7.97},{"type":"A","date":"2018-05-04T06:53:12.000Z","volume":2000,"label":" ","price":7.97},{"type":"A","date":"2018-05-04T06:53:44.000Z","volume":2000,"label":" ","price":7.97},{"type":"A","date":"2018-05-04T06:53:54.000Z","volume":2000,"label":" ","price":7.97},{"type":"A","date":"2018-05-04T06:54:53.000Z","volume":20000,"label":" ","price":7.97},{"type":"B","date":"2018-05-04T06:54:53.000Z","volume":2000,"label":" ","price":7.96},{"type":"A","date":"2018-05-04T06:54:53.000Z","volume":2000,"label":" ","price":7.98},{"type":"A","date":"2018-05-04T06:54:53.000Z","volume":2000,"label":" ","price":7.98},{"type":"A","date":"2018-05-04T06:56:14.000Z","volume":4000,"label":" ","price":7.99},{"type":"A","date":"2018-05-04T06:57:09.000Z","volume":2000,"label":" ","price":7.99},{"type":"A","date":"2018-05-04T06:57:59.000Z","volume":2000,"label":" ","price":7.99},{"type":"A","date":"2018-05-04T06:58:14.000Z","volume":2000,"label":" ","price":7.99},{"type":"A","date":"2018-05-04T06:59:09.000Z","volume":4000,"label":" ","price":7.99},{"type":"A","date":"2018-05-04T06:59:09.000Z","volume":2000,"label":" ","price":7.99},{"type":"B","date":"2018-05-04T06:59:14.000Z","volume":4000,"label":" ","price":7.97},{"type":"A","date":"2018-05-04T07:01:10.000Z","volume":10000,"label":" ","price":7.98},{"type":"A","date":"2018-05-04T07:01:11.000Z","volume":2000,"label":" ","price":7.98},{"type":"A","date":"2018-05-04T07:01:11.000Z","volume":14000,"label":" ","price":7.98},{"type":"A","date":"2018-05-04T07:01:23.000Z","volume":4000,"label":" ","price":7.99},{"type":"A","date":"2018-05-04T07:01:23.000Z","volume":2000,"label":" ","price":7.99},{"type":"A","date":"2018-05-04T07:01:54.000Z","volume":2000,"label":" ","price":7.99},{"type":"A","date":"2018-05-04T07:02:09.000Z","volume":2000,"label":" ","price":7.99},{"type":"A","date":"2018-05-04T07:02:24.000Z","volume":2000,"label":" ","price":7.99},{"type":"A","date":"2018-05-04T07:03:22.000Z","volume":2000,"label":" ","price":7.99},{"type":"A","date":"2018-05-04T07:05:00.000Z","volume":4000,"label":" ","price":7.99},{"type":"A","date":"2018-05-04T07:05:00.000Z","volume":2000,"label":" ","price":7.99},{"type":"A","date":"2018-05-04T07:05:00.000Z","volume":2000,"label":" ","price":7.99},{"type":"B","date":"2018-05-04T07:05:03.000Z","volume":20000,"label":" ","price":7.98},{"type":"B","date":"2018-05-04T07:05:05.000Z","volume":6000,"label":" ","price":7.98},{"type":"B","date":"2018-05-04T07:05:31.000Z","volume":10000,"label":" ","price":7.98},{"type":"B","date":"2018-05-04T07:05:32.000Z","volume":4000,"label":" ","price":7.98},{"type":"A","date":"2018-05-04T07:05:39.000Z","volume":2000,"label":" ","price":7.99},{"type":"A","date":"2018-05-04T07:06:23.000Z","volume":2000,"label":" ","price":7.99},{"type":"A","date":"2018-05-04T07:06:24.000Z","volume":2000,"label":" ","price":7.99},{"type":"B","date":"2018-05-04T07:06:37.000Z","volume":2000,"label":" ","price":7.98},{"type":"B","date":"2018-05-04T07:07:04.000Z","volume":10000,"label":" ","price":7.98},{"type":"A","date":"2018-05-04T07:07:19.000Z","volume":2000,"label":" ","price":7.99},{"type":"A","date":"2018-05-04T07:07:19.000Z","volume":2000,"label":" ","price":7.99},{"type":"A","date":"2018-05-04T07:08:19.000Z","volume":2000,"label":" ","price":7.99},{"type":"A","date":"2018-05-04T07:08:35.000Z","volume":2000,"label":" ","price":7.99},{"type":"A","date":"2018-05-04T07:08:59.000Z","volume":2000,"label":" ","price":7.99},{"type":"A","date":"2018-05-04T07:09:54.000Z","volume":2000,"label":" ","price":7.99},{"type":"A","date":"2018-05-04T07:10:17.000Z","volume":2000,"label":" ","price":7.99},{"type":"A","date":"2018-05-04T07:10:31.000Z","volume":2000,"label":" ","price":7.99},{"type":"A","date":"2018-05-04T07:10:34.000Z","volume":2000,"label":" ","price":7.99},{"type":"A","date":"2018-05-04T07:11:03.000Z","volume":6000,"label":" ","price":7.99},{"type":"A","date":"2018-05-04T07:11:03.000Z","volume":6000,"label":" ","price":7.99},{"type":"A","date":"2018-05-04T07:11:03.000Z","volume":2000,"label":" ","price":7.99},{"type":"A","date":"2018-05-04T07:11:03.000Z","volume":2000,"label":" ","price":7.99},{"type":"B","date":"2018-05-04T07:11:05.000Z","volume":2000,"label":" ","price":7.98},{"type":"B","date":"2018-05-04T07:11:33.000Z","volume":2000,"label":" ","price":7.98},{"type":"A","date":"2018-05-04T07:12:51.000Z","volume":4000,"label":" ","price":7.99},{"type":"B","date":"2018-05-04T07:12:53.000Z","volume":8000,"label":" ","price":7.98},{"type":"B","date":"2018-05-04T07:13:21.000Z","volume":6000,"label":" ","price":7.98},{"type":"A","date":"2018-05-04T07:13:55.000Z","volume":2000,"label":" ","price":7.99},{"type":"A","date":"2018-05-04T07:14:09.000Z","volume":2000,"label":" ","price":7.99},{"type":"A","date":"2018-05-04T07:15:03.000Z","volume":6000,"label":" ","price":7.99},{"type":"B","date":"2018-05-04T07:15:04.000Z","volume":4000,"label":" ","price":7.98},{"type":"B","date":"2018-05-04T07:15:20.000Z","volume":4000,"label":" ","price":7.98},{"type":"A","date":"2018-05-04T07:15:34.000Z","volume":2000,"label":" ","price":7.99},{"type":"A","date":"2018-05-04T07:15:36.000Z","volume":2000,"label":" ","price":7.99},{"type":"A","date":"2018-05-04T07:15:47.000Z","volume":2000,"label":" ","price":7.99},{"type":"A","date":"2018-05-04T07:16:04.000Z","volume":2000,"label":"Y","price":7.99},{"type":"A","date":"2018-05-04T07:17:39.000Z","volume":2000,"label":" ","price":7.99},{"type":"A","date":"2018-05-04T07:17:39.000Z","volume":2000,"label":" ","price":7.99},{"type":"A","date":"2018-05-04T07:17:57.000Z","volume":4000,"label":" ","price":7.99},{"type":"A","date":"2018-05-04T07:18:03.000Z","volume":6000,"label":" ","price":7.99},{"type":"A","date":"2018-05-04T07:18:03.000Z","volume":6000,"label":" ","price":7.99},{"type":"B","date":"2018-05-04T07:18:03.000Z","volume":72000,"label":" ","price":7.98},{"type":"A","date":"2018-05-04T07:18:03.000Z","volume":12000,"label":" ","price":7.98},{"type":"B","date":"2018-05-04T07:18:05.000Z","volume":4000,"label":" ","price":7.97},{"type":"B","date":"2018-05-04T07:18:05.000Z","volume":2000,"label":" ","price":7.97},{"type":"B","date":"2018-05-04T07:18:07.000Z","volume":14000,"label":" ","price":7.97},{"type":"B","date":"2018-05-04T07:19:03.000Z","volume":2000,"label":" ","price":7.97},{"type":"B","date":"2018-05-04T07:19:03.000Z","volume":2000,"label":" ","price":7.97},{"type":"B","date":"2018-05-04T07:19:22.000Z","volume":6000,"label":" ","price":7.97},{"type":"U","date":"2018-05-04T07:19:27.000Z","volume":2000,"label":"X","price":7.982},{"type":"A","date":"2018-05-04T07:21:24.000Z","volume":2000,"label":" ","price":7.97},{"type":"B","date":"2018-05-04T07:21:29.000Z","volume":2000,"label":" ","price":7.96},{"type":"A","date":"2018-05-04T07:21:54.000Z","volume":2000,"label":" ","price":7.97},{"type":"A","date":"2018-05-04T07:22:10.000Z","volume":24000,"label":" ","price":7.97},{"type":"A","date":"2018-05-04T07:22:11.000Z","volume":48000,"label":" ","price":7.97},{"type":"A","date":"2018-05-04T07:22:11.000Z","volume":2000,"label":" ","price":7.98},{"type":"A","date":"2018-05-04T07:22:11.000Z","volume":2000,"label":" ","price":7.98},{"type":"A","date":"2018-05-04T07:22:22.000Z","volume":2000,"label":" ","price":7.98},{"type":"A","date":"2018-05-04T07:22:33.000Z","volume":2000,"label":" ","price":7.98},{"type":"B","date":"2018-05-04T07:23:03.000Z","volume":2000,"label":" ","price":7.97},{"type":"A","date":"2018-05-04T07:23:03.000Z","volume":2000,"label":" ","price":7.98},{"type":"B","date":"2018-05-04T07:23:10.000Z","volume":20000,"label":" ","price":7.97},{"type":"A","date":"2018-05-04T07:23:25.000Z","volume":2000,"label":" ","price":7.98},{"type":"A","date":"2018-05-04T07:23:42.000Z","volume":2000,"label":"Y","price":7.98},{"type":"A","date":"2018-05-04T07:23:42.000Z","volume":66000,"label":" ","price":7.98},{"type":"B","date":"2018-05-04T07:23:42.000Z","volume":2000,"label":" ","price":7.98},{"type":"A","date":"2018-05-04T07:24:03.000Z","volume":2000,"label":" ","price":7.99},{"type":"B","date":"2018-05-04T07:24:54.000Z","volume":2000,"label":" ","price":7.98},{"type":"A","date":"2018-05-04T07:26:02.000Z","volume":2000,"label":" ","price":7.99},{"type":"A","date":"2018-05-04T07:26:14.000Z","volume":2000,"label":" ","price":7.99},{"type":"A","date":"2018-05-04T07:26:14.000Z","volume":2000,"label":" ","price":7.99},{"type":"A","date":"2018-05-04T07:26:54.000Z","volume":2000,"label":" ","price":7.99},{"type":"B","date":"2018-05-04T07:26:59.000Z","volume":2000,"label":" ","price":7.98},{"type":"A","date":"2018-05-04T07:27:41.000Z","volume":2000,"label":" ","price":7.99},{"type":"A","date":"2018-05-04T07:28:29.000Z","volume":2000,"label":" ","price":7.99},{"type":"A","date":"2018-05-04T07:29:07.000Z","volume":2000,"label":" ","price":7.99},{"type":"A","date":"2018-05-04T07:29:11.000Z","volume":2000,"label":" ","price":7.99},{"type":"B","date":"2018-05-04T07:29:14.000Z","volume":4000,"label":" ","price":7.98},{"type":"A","date":"2018-05-04T07:29:14.000Z","volume":2000,"label":" ","price":7.99},{"type":"A","date":"2018-05-04T07:29:30.000Z","volume":2000,"label":" ","price":7.99},{"type":"B","date":"2018-05-04T07:29:51.000Z","volume":38000,"label":" ","price":7.98},{"type":"B","date":"2018-05-04T07:29:51.000Z","volume":2000,"label":" ","price":7.98},{"type":"U","date":"2018-05-04T07:29:51.000Z","volume":2000,"label":" ","price":7.98},{"type":"B","date":"2018-05-04T07:29:51.000Z","volume":12000,"label":" ","price":7.98},{"type":"A","date":"2018-05-04T07:29:51.000Z","volume":2000,"label":" ","price":7.98},{"type":"B","date":"2018-05-04T07:30:07.000Z","volume":8000,"label":" ","price":7.97},{"type":"A","date":"2018-05-04T07:30:43.000Z","volume":2000,"label":" ","price":7.98},{"type":"A","date":"2018-05-04T07:32:03.000Z","volume":2000,"label":" ","price":7.99},{"type":"A","date":"2018-05-04T07:32:03.000Z","volume":2000,"label":" ","price":7.97},{"type":"B","date":"2018-05-04T07:32:04.000Z","volume":8000,"label":"Y","price":7.96},{"type":"B","date":"2018-05-04T07:32:04.000Z","volume":12000,"label":" ","price":7.96},{"type":"A","date":"2018-05-04T07:32:05.000Z","volume":4000,"label":" ","price":7.98},{"type":"U","date":"2018-05-04T07:32:19.000Z","volume":2000,"label":" ","price":7.97},{"type":"A","date":"2018-05-04T07:34:37.000Z","volume":2000,"label":" ","price":7.97},{"type":"U","date":"2018-05-04T07:34:37.000Z","volume":1,"label":"D","price":7.97},{"type":"A","date":"2018-05-04T07:34:54.000Z","volume":2000,"label":" ","price":7.97},{"type":"B","date":"2018-05-04T07:35:25.000Z","volume":20000,"label":" ","price":7.96},{"type":"B","date":"2018-05-04T07:35:25.000Z","volume":18000,"label":" ","price":7.96},{"type":"A","date":"2018-05-04T07:35:25.000Z","volume":2000,"label":"Y","price":7.97},{"type":"A","date":"2018-05-04T07:35:25.000Z","volume":2000,"label":" ","price":7.96},{"type":"B","date":"2018-05-04T07:35:26.000Z","volume":2000,"label":" ","price":7.95},{"type":"B","date":"2018-05-04T07:36:18.000Z","volume":6000,"label":" ","price":7.95},{"type":"A","date":"2018-05-04T07:36:18.000Z","volume":2000,"label":" ","price":7.96},{"type":"A","date":"2018-05-04T07:36:20.000Z","volume":2000,"label":" ","price":7.96},{"type":"B","date":"2018-05-04T07:36:20.000Z","volume":14000,"label":" ","price":7.95},{"type":"A","date":"2018-05-04T07:36:20.000Z","volume":2000,"label":" ","price":7.96},{"type":"B","date":"2018-05-04T07:36:21.000Z","volume":2000,"label":" ","price":7.95},{"type":"B","date":"2018-05-04T07:36:35.000Z","volume":2000,"label":" ","price":7.95},{"type":"B","date":"2018-05-04T07:37:04.000Z","volume":78000,"label":" ","price":7.95},{"type":"B","date":"2018-05-04T07:37:04.000Z","volume":50000,"label":" ","price":7.94},{"type":"B","date":"2018-05-04T07:37:04.000Z","volume":12000,"label":" ","price":7.94},{"type":"B","date":"2018-05-04T07:37:05.000Z","volume":2000,"label":" ","price":7.93},{"type":"B","date":"2018-05-04T07:37:05.000Z","volume":4000,"label":" ","price":7.93},{"type":"B","date":"2018-05-04T07:37:07.000Z","volume":24000,"label":" ","price":7.93},{"type":"A","date":"2018-05-04T07:37:10.000Z","volume":76000,"label":" ","price":7.94},{"type":"A","date":"2018-05-04T07:37:10.000Z","volume":2000,"label":"Y","price":7.94},{"type":"B","date":"2018-05-04T07:37:11.000Z","volume":4000,"label":" ","price":7.93},{"type":"A","date":"2018-05-04T07:37:12.000Z","volume":66000,"label":" ","price":7.94},{"type":"U","date":"2018-05-04T07:37:12.000Z","volume":4000,"label":" ","price":7.94},{"type":"A","date":"2018-05-04T07:37:12.000Z","volume":4000,"label":" ","price":7.95},{"type":"A","date":"2018-05-04T07:37:14.000Z","volume":4000,"label":" ","price":7.95},{"type":"B","date":"2018-05-04T07:37:25.000Z","volume":8000,"label":" ","price":7.94},{"type":"A","date":"2018-05-04T07:37:26.000Z","volume":2000,"label":" ","price":7.94},{"type":"B","date":"2018-05-04T07:39:46.000Z","volume":36000,"label":" ","price":7.94},{"type":"B","date":"2018-05-04T07:39:48.000Z","volume":14000,"label":" ","price":7.93},{"type":"A","date":"2018-05-04T07:39:48.000Z","volume":2000,"label":" ","price":7.94},{"type":"B","date":"2018-05-04T07:39:50.000Z","volume":2000,"label":" ","price":7.93},{"type":"B","date":"2018-05-04T07:39:52.000Z","volume":132000,"label":" ","price":7.93},{"type":"B","date":"2018-05-04T07:39:52.000Z","volume":24000,"label":" ","price":7.93},{"type":"A","date":"2018-05-04T07:39:52.000Z","volume":4000,"label":" ","price":7.94},{"type":"A","date":"2018-05-04T07:39:52.000Z","volume":4000,"label":"Y","price":7.94},{"type":"A","date":"2018-05-04T07:39:52.000Z","volume":6000,"label":" ","price":7.94},{"type":"A","date":"2018-05-04T07:39:52.000Z","volume":4000,"label":" ","price":7.94},{"type":"A","date":"2018-05-04T07:39:52.000Z","volume":2000,"label":" ","price":7.94}