[{"type":"B","date":"2018-03-19T01:49:00.000Z","volume":5000,"label":" ","price":2.27},{"type":"B","date":"2018-03-19T01:54:52.000Z","volume":5000,"label":" ","price":2.27},{"type":"A","date":"2018-03-19T01:55:18.000Z","volume":30000,"label":" ","price":2.29},{"type":"A","date":"2018-03-19T01:55:18.000Z","volume":10000,"label":" ","price":2.29},{"type":"A","date":"2018-03-19T01:55:36.000Z","volume":10000,"label":" ","price":2.3},{"type":"A","date":"2018-03-19T01:58:05.000Z","volume":30000,"label":" ","price":2.3},{"type":"A","date":"2018-03-19T02:01:29.000Z","volume":5000,"label":" ","price":2.31},{"type":"A","date":"2018-03-19T02:06:15.000Z","volume":5000,"label":" ","price":2.31},{"type":"A","date":"2018-03-19T02:11:19.000Z","volume":5000,"label":" ","price":2.31},{"type":"A","date":"2018-03-19T02:17:45.000Z","volume":5000,"label":" ","price":2.31},{"type":"A","date":"2018-03-19T02:22:19.000Z","volume":5000,"label":" ","price":2.31},{"type":"A","date":"2018-03-19T02:28:09.000Z","volume":5000,"label":" ","price":2.3},{"type":"A","date":"2018-03-19T02:33:31.000Z","volume":5000,"label":" ","price":2.3},{"type":"A","date":"2018-03-19T02:39:08.000Z","volume":5000,"label":" ","price":2.3},{"type":"A","date":"2018-03-19T02:44:09.000Z","volume":5000,"label":" ","price":2.3},{"type":"A","date":"2018-03-19T02:49:02.000Z","volume":5000,"label":" ","price":2.3},{"type":"B","date":"2018-03-19T02:53:03.000Z","volume":5000,"label":" ","price":2.28},{"type":"B","date":"2018-03-19T02:55:25.000Z","volume":5000,"label":" ","price":2.28},{"type":"B","date":"2018-03-19T02:55:54.000Z","volume":45000,"label":" ","price":2.27},{"type":"B","date":"2018-03-19T02:56:24.000Z","volume":50000,"label":"Y","price":2.26},{"type":"B","date":"2018-03-19T02:56:24.000Z","volume":20000,"label":" ","price":2.26},{"type":"B","date":"2018-03-19T02:56:46.000Z","volume":50000,"label":" ","price":2.25},{"type":"B","date":"2018-03-19T02:57:06.000Z","volume":30000,"label":" ","price":2.24},{"type":"B","date":"2018-03-19T02:57:06.000Z","volume":10000,"label":" ","price":2.24},{"type":"A","date":"2018-03-19T02:57:06.000Z","volume":10000,"label":" ","price":2.24},{"type":"A","date":"2018-03-19T02:58:22.000Z","volume":10000,"label":"Y","price":2.25},{"type":"A","date":"2018-03-19T02:58:30.000Z","volume":10000,"label":" ","price":2.26},{"type":"A","date":"2018-03-19T03:03:15.000Z","volume":5000,"label":" ","price":2.27},{"type":"A","date":"2018-03-19T03:03:15.000Z","volume":5000,"label":" ","price":2.27},{"type":"A","date":"2018-03-19T03:04:13.000Z","volume":20000,"label":" ","price":2.28},{"type":"A","date":"2018-03-19T03:05:19.000Z","volume":5000,"label":" ","price":2.29},{"type":"B","date":"2018-03-19T03:15:40.000Z","volume":20000,"label":" ","price":2.25},{"type":"B","date":"2018-03-19T03:15:40.000Z","volume":5000,"label":" ","price":2.24},{"type":"B","date":"2018-03-19T03:15:40.000Z","volume":50000,"label":" ","price":2.23},{"type":"B","date":"2018-03-19T03:15:40.000Z","volume":75000,"label":" ","price":2.22},{"type":"A","date":"2018-03-19T03:17:44.000Z","volume":5000,"label":" ","price":2.27},{"type":"A","date":"2018-03-19T03:27:29.000Z","volume":5000,"label":" ","price":2.29},{"type":"A","date":"2018-03-19T03:31:58.000Z","volume":5000,"label":" ","price":2.29},{"type":"A","date":"2018-03-19T03:41:56.000Z","volume":5000,"label":" ","price":2.28},{"type":"A","date":"2018-03-19T03:49:19.000Z","volume":5000,"label":" ","price":2.29},{"type":"B","date":"2018-03-19T05:06:00.000Z","volume":5000,"label":" ","price":2.25},{"type":"A","date":"2018-03-19T05:16:26.000Z","volume":50000,"label":" ","price":2.25},{"type":"B","date":"2018-03-19T05:52:31.000Z","volume":5000,"label":" ","price":2.25},{"type":"B","date":"2018-03-19T06:30:12.000Z","volume":5000,"label":" ","price":2.25},{"type":"A","date":"2018-03-19T06:30:28.000Z","volume":5000,"label":" ","price":2.27},{"type":"A","date":"2018-03-19T06:30:28.000Z","volume":50000,"label":" ","price":2.28},{"type":"U","date":"2018-03-19T06:42:07.000Z","volume":45000,"label":" ","price":2.28},{"type":"B","date":"2018-03-19T06:42:09.000Z","volume":5000,"label":" ","price":2.28},{"type":"B","date":"2018-03-19T06:42:09.000Z","volume":60000,"label":" ","price":2.28},{"type":"B","date":"2018-03-19T06:42:48.000Z","volume":5000,"label":" ","price":2.28},{"type":"B","date":"2018-03-19T06:50:14.000Z","volume":5000,"label":" ","price":2.28},{"type":"B","date":"2018-03-19T06:50:46.000Z","volume":10000,"label":" ","price":2.28},{"type":"B","date":"2018-03-19T06:50:51.000Z","volume":5000,"label":" ","price":2.28},{"type":"B","date":"2018-03-19T07:02:49.000Z","volume":10000,"label":" ","price":2.28},{"type":"B","date":"2018-03-19T07:22:25.000Z","volume":10000,"label":" ","price":2.28},{"type":"B","date":"2018-03-19T07:23:07.000Z","volume":5000,"label":" ","price":2.28},{"type":"B","date":"2018-03-19T07:23:26.000Z","volume":10000,"label":" ","price":2.28},{"type":"B","date":"2018-03-19T07:23:26.000Z","volume":5000,"label":" ","price":2.28},{"type":"B","date":"2018-03-19T07:23:46.000Z","volume":5000,"label":" ","price":2.28},{"type":"B","date":"2018-03-19T07:24:12.000Z","volume":5000,"label":" ","price":2.28},{"type":"B","date":"2018-03-19T07:25:07.000Z","volume":20000,"label":" ","price":2.28},{"type":"A","date":"2018-03-19T07:41:48.000Z","volume":20000,"label":" ","price":2.28},{"type":"B","date":"2018-03-19T07:52:08.000Z","volume":5000,"label":" ","price":2.26},{"type":"A","date":"2018-03-19T07:53:53.000Z","volume":10000,"label":" ","price":2.28},{"type":"B","date":"2018-03-19T07:59:21.000Z","volume":5000,"label":" ","price":2.25}]