[{"type":"U","date":"2018-04-20T01:20:00.000Z","volume":2500,"label":"U","price":9.3},{"type":"A","date":"2018-04-20T01:30:48.000Z","volume":12500,"label":"Y","price":9.29},{"type":"B","date":"2018-04-20T01:30:48.000Z","volume":1000,"label":" ","price":9.22},{"type":"B","date":"2018-04-20T01:30:48.000Z","volume":500,"label":" ","price":9.22},{"type":"B","date":"2018-04-20T01:30:48.000Z","volume":11000,"label":" ","price":9.22},{"type":"A","date":"2018-04-20T01:30:48.000Z","volume":6500,"label":" ","price":9.28},{"type":"A","date":"2018-04-20T01:30:48.000Z","volume":25000,"label":"Y","price":9.29},{"type":"A","date":"2018-04-20T01:30:48.000Z","volume":6000,"label":" ","price":9.29},{"type":"B","date":"2018-04-20T01:30:50.000Z","volume":4000,"label":" ","price":9.22},{"type":"A","date":"2018-04-20T01:31:02.000Z","volume":1000,"label":" ","price":9.28},{"type":"A","date":"2018-04-20T01:31:02.000Z","volume":6000,"label":" ","price":9.28},{"type":"A","date":"2018-04-20T01:31:02.000Z","volume":500,"label":" ","price":9.28},{"type":"A","date":"2018-04-20T01:31:02.000Z","volume":500,"label":" ","price":9.28},{"type":"B","date":"2018-04-20T01:31:03.000Z","volume":500,"label":" ","price":9.23},{"type":"B","date":"2018-04-20T01:31:03.000Z","volume":500,"label":" ","price":9.23},{"type":"A","date":"2018-04-20T01:31:59.000Z","volume":4000,"label":" ","price":9.2},{"type":"A","date":"2018-04-20T01:32:44.000Z","volume":500,"label":" ","price":9.25},{"type":"A","date":"2018-04-20T01:32:59.000Z","volume":19500,"label":" ","price":9.25},{"type":"B","date":"2018-04-20T01:32:59.000Z","volume":5500,"label":" ","price":9.25},{"type":"B","date":"2018-04-20T01:32:59.000Z","volume":1000,"label":" ","price":9.25},{"type":"B","date":"2018-04-20T01:33:00.000Z","volume":500,"label":" ","price":9.26},{"type":"B","date":"2018-04-20T01:33:00.000Z","volume":1000,"label":"Y","price":9.26},{"type":"B","date":"2018-04-20T01:33:01.000Z","volume":5000,"label":" ","price":9.25},{"type":"B","date":"2018-04-20T01:33:01.000Z","volume":1000,"label":" ","price":9.25},{"type":"B","date":"2018-04-20T01:33:01.000Z","volume":500,"label":" ","price":9.25},{"type":"B","date":"2018-04-20T01:33:02.000Z","volume":1000,"label":" ","price":9.25},{"type":"B","date":"2018-04-20T01:33:02.000Z","volume":500,"label":" ","price":9.25},{"type":"B","date":"2018-04-20T01:33:02.000Z","volume":1000,"label":" ","price":9.25},{"type":"A","date":"2018-04-20T01:33:02.000Z","volume":2500,"label":" ","price":9.28},{"type":"B","date":"2018-04-20T01:33:03.000Z","volume":500,"label":" ","price":9.25},{"type":"U","date":"2018-04-20T01:33:04.000Z","volume":500,"label":" ","price":9.26},{"type":"U","date":"2018-04-20T01:33:04.000Z","volume":500,"label":" ","price":9.26},{"type":"U","date":"2018-04-20T01:33:04.000Z","volume":500,"label":" ","price":9.26},{"type":"U","date":"2018-04-20T01:33:04.000Z","volume":500,"label":" ","price":9.26},{"type":"U","date":"2018-04-20T01:33:05.000Z","volume":500,"label":" ","price":9.26},{"type":"U","date":"2018-04-20T01:33:05.000Z","volume":1000,"label":" ","price":9.26},{"type":"B","date":"2018-04-20T01:33:07.000Z","volume":500,"label":" ","price":9.26},{"type":"B","date":"2018-04-20T01:33:37.000Z","volume":500,"label":" ","price":9.26},{"type":"U","date":"2018-04-20T01:33:38.000Z","volume":500,"label":" ","price":9.26},{"type":"B","date":"2018-04-20T01:33:51.000Z","volume":500,"label":" ","price":9.26},{"type":"B","date":"2018-04-20T01:33:51.000Z","volume":4500,"label":" ","price":9.26},{"type":"B","date":"2018-04-20T01:33:51.000Z","volume":500,"label":" ","price":9.25},{"type":"B","date":"2018-04-20T01:33:51.000Z","volume":500,"label":" ","price":9.25},{"type":"B","date":"2018-04-20T01:33:51.000Z","volume":500,"label":" ","price":9.25},{"type":"A","date":"2018-04-20T01:33:51.000Z","volume":1000,"label":" ","price":9.26},{"type":"A","date":"2018-04-20T01:33:51.000Z","volume":500,"label":" ","price":9.26},{"type":"B","date":"2018-04-20T01:33:52.000Z","volume":500,"label":" ","price":9.26},{"type":"B","date":"2018-04-20T01:33:52.000Z","volume":1000,"label":" ","price":9.25},{"type":"B","date":"2018-04-20T01:34:02.000Z","volume":500,"label":" ","price":9.26},{"type":"U","date":"2018-04-20T01:34:11.000Z","volume":1000,"label":" ","price":9.26},{"type":"A","date":"2018-04-20T01:34:25.000Z","volume":1000,"label":" ","price":9.28},{"type":"B","date":"2018-04-20T01:34:26.000Z","volume":1000,"label":" ","price":9.26},{"type":"B","date":"2018-04-20T01:34:28.000Z","volume":500,"label":" ","price":9.25},{"type":"B","date":"2018-04-20T01:34:28.000Z","volume":500,"label":" ","price":9.25},{"type":"A","date":"2018-04-20T01:34:41.000Z","volume":1000,"label":" ","price":9.26},{"type":"B","date":"2018-04-20T01:34:56.000Z","volume":1000,"label":" ","price":9.25},{"type":"A","date":"2018-04-20T01:34:57.000Z","volume":8000,"label":" ","price":9.26},{"type":"B","date":"2018-04-20T01:34:58.000Z","volume":1500,"label":" ","price":9.25},{"type":"B","date":"2018-04-20T01:34:58.000Z","volume":500,"label":" ","price":9.25},{"type":"B","date":"2018-04-20T01:35:11.000Z","volume":5000,"label":" ","price":9.25},{"type":"B","date":"2018-04-20T01:35:11.000Z","volume":42500,"label":" ","price":9.25},{"type":"A","date":"2018-04-20T01:35:12.000Z","volume":5500,"label":" ","price":9.26},{"type":"B","date":"2018-04-20T01:35:12.000Z","volume":20500,"label":" ","price":9.23},{"type":"B","date":"2018-04-20T01:35:12.000Z","volume":36500,"label":" ","price":9.22},{"type":"B","date":"2018-04-20T01:35:12.000Z","volume":20000,"label":" ","price":9.21},{"type":"B","date":"2018-04-20T01:35:12.000Z","volume":47500,"label":" ","price":9.2},{"type":"U","date":"2018-04-20T01:35:12.000Z","volume":6000,"label":" ","price":9.25},{"type":"B","date":"2018-04-20T01:35:29.000Z","volume":15000,"label":" ","price":9.2},{"type":"B","date":"2018-04-20T01:35:29.000Z","volume":5000,"label":" ","price":9.2},{"type":"B","date":"2018-04-20T01:36:26.000Z","volume":500,"label":" ","price":9.19},{"type":"B","date":"2018-04-20T01:37:17.000Z","volume":2000,"label":"Y","price":9.21},{"type":"B","date":"2018-04-20T01:37:17.000Z","volume":9000,"label":" ","price":9.21},{"type":"B","date":"2018-04-20T01:37:17.000Z","volume":4500,"label":" ","price":9.21},{"type":"B","date":"2018-04-20T01:37:17.000Z","volume":2000,"label":" ","price":9.21},{"type":"B","date":"2018-04-20T01:37:17.000Z","volume":2500,"label":" ","price":9.21},{"type":"B","date":"2018-04-20T01:37:17.000Z","volume":2000,"label":" ","price":9.21},{"type":"B","date":"2018-04-20T01:37:17.000Z","volume":2500,"label":" ","price":9.21},{"type":"B","date":"2018-04-20T01:37:19.000Z","volume":2000,"label":" ","price":9.22},{"type":"B","date":"2018-04-20T01:37:19.000Z","volume":500,"label":" ","price":9.22},{"type":"B","date":"2018-04-20T01:37:19.000Z","volume":500,"label":" ","price":9.22},{"type":"U","date":"2018-04-20T01:37:22.000Z","volume":500,"label":"X","price":9.235},{"type":"A","date":"2018-04-20T01:37:49.000Z","volume":1000,"label":"Y","price":9.25},{"type":"A","date":"2018-04-20T01:37:49.000Z","volume":19000,"label":" ","price":9.25},{"type":"B","date":"2018-04-20T01:37:51.000Z","volume":22500,"label":" ","price":9.21},{"type":"B","date":"2018-04-20T01:37:51.000Z","volume":55000,"label":" ","price":9.2},{"type":"B","date":"2018-04-20T01:37:51.000Z","volume":3500,"label":" ","price":9.2},{"type":"B","date":"2018-04-20T01:37:51.000Z","volume":2000,"label":" ","price":9.2},{"type":"B","date":"2018-04-20T01:37:51.000Z","volume":17000,"label":" ","price":9.2},{"type":"U","date":"2018-04-20T01:37:55.000Z","volume":5000,"label":" ","price":9.22},{"type":"U","date":"2018-04-20T01:37:55.000Z","volume":1500,"label":" ","price":9.22},{"type":"U","date":"2018-04-20T01:37:55.000Z","volume":1500,"label":" ","price":9.22},{"type":"B","date":"2018-04-20T01:38:11.000Z","volume":1000,"label":" ","price":9.22},{"type":"B","date":"2018-04-20T01:38:11.000Z","volume":1000,"label":" ","price":9.22},{"type":"B","date":"2018-04-20T01:38:11.000Z","volume":1000,"label":" ","price":9.22},{"type":"B","date":"2018-04-20T01:38:22.000Z","volume":500,"label":" ","price":9.22},{"type":"B","date":"2018-04-20T01:38:22.000Z","volume":500,"label":" ","price":9.21},{"type":"B","date":"2018-04-20T01:38:22.000Z","volume":500,"label":" ","price":9.2},{"type":"A","date":"2018-04-20T01:40:00.000Z","volume":50000,"label":" ","price":9.2},{"type":"A","date":"2018-04-20T01:40:00.000Z","volume":8000,"label":" ","price":9.2},{"type":"A","date":"2018-04-20T01:40:00.000Z","volume":16000,"label":" ","price":9.23},{"type":"B","date":"2018-04-20T01:40:07.000Z","volume":15500,"label":" ","price":9.2},{"type":"B","date":"2018-04-20T01:40:07.000Z","volume":19500,"label":" ","price":9.19},{"type":"B","date":"2018-04-20T01:40:07.000Z","volume":35000,"label":" ","price":9.18},{"type":"B","date":"2018-04-20T01:41:15.000Z","volume":20000,"label":" ","price":9.19},{"type":"B","date":"2018-04-20T01:41:50.000Z","volume":10000,"label":" ","price":9.19},{"type":"B","date":"2018-04-20T01:42:11.000Z","volume":6000,"label":" ","price":9.19},{"type":"A","date":"2018-04-20T01:42:12.000Z","volume":5000,"label":" ","price":9.2},{"type":"A","date":"2018-04-20T01:42:15.000Z","volume":5500,"label":" ","price":9.2},{"type":"A","date":"2018-04-20T01:42:16.000Z","volume":14500,"label":" ","price":9.2},{"type":"A","date":"2018-04-20T01:42:17.000Z","volume":5000,"label":" ","price":9.2},{"type":"B","date":"2018-04-20T01:43:07.000Z","volume":19000,"label":" ","price":9.19},{"type":"B","date":"2018-04-20T01:43:13.000Z","volume":23000,"label":" ","price":9.18},{"type":"B","date":"2018-04-20T01:43:20.000Z","volume":5000,"label":" ","price":9.17},{"type":"A","date":"2018-04-20T01:43:26.000Z","volume":10000,"label":" ","price":9.18},{"type":"A","date":"2018-04-20T01:43:26.000Z","volume":8000,"label":" ","price":9.19},{"type":"A","date":"2018-04-20T01:44:53.000Z","volume":22000,"label":"Y","price":9.19},{"type":"A","date":"2018-04-20T01:44:53.000Z","volume":28000,"label":" ","price":9.19},{"type":"A","date":"2018-04-20T01:45:44.000Z","volume":13000,"label":" ","price":9.19},{"type":"A","date":"2018-04-20T01:46:11.000Z","volume":45000,"label":" ","price":9.2},{"type":"U","date":"2018-04-20T01:46:11.000Z","volume":500,"label":"X","price":9.2},{"type":"A","date":"2018-04-20T01:46:29.000Z","volume":9000,"label":" ","price":9.21},{"type":"A","date":"2018-04-20T01:46:29.000Z","volume":6500,"label":" ","price":9.21},{"type":"B","date":"2018-04-20T01:46:30.000Z","volume":1000,"label":" ","price":9.21},{"type":"B","date":"2018-04-20T01:46:32.000Z","volume":2500,"label":"Y","price":9.21},{"type":"B","date":"2018-04-20T01:46:32.000Z","volume":17500,"label":" ","price":9.21},{"type":"B","date":"2018-04-20T01:46:32.000Z","volume":6000,"label":" ","price":9.21},{"type":"B","date":"2018-04-20T01:46:32.000Z","volume":6000,"label":" ","price":9.21},{"type":"B","date":"2018-04-20T01:46:32.000Z","volume":4000,"label":" ","price":9.21},{"type":"A","date":"2018-04-20T01:46:32.000Z","volume":500,"label":" ","price":9.22},{"type":"B","date":"2018-04-20T01:46:33.000Z","volume":7500,"label":" ","price":9.22},{"type":"B","date":"2018-04-20T01:46:34.000Z","volume":38000,"label":" ","price":9.19},{"type":"B","date":"2018-04-20T01:46:34.000Z","volume":500,"label":" ","price":9.18},{"type":"A","date":"2018-04-20T01:46:46.000Z","volume":2000,"label":" ","price":9.19},{"type":"A","date":"2018-04-20T01:46:46.000Z","volume":7500,"label":" ","price":9.21},{"type":"B","date":"2018-04-20T01:46:47.000Z","volume":7000,"label":" ","price":9.21},{"type":"B","date":"2018-04-20T01:46:47.000Z","volume":3000,"label":" ","price":9.21},{"type":"B","date":"2018-04-20T01:46:47.000Z","volume":1500,"label":" ","price":9.21},{"type":"B","date":"2018-04-20T01:46:49.000Z","volume":500,"label":" ","price":9.2},{"type":"A","date":"2018-04-20T01:46:50.000Z","volume":9500,"label":" ","price":9.2},{"type":"A","date":"2018-04-20T01:46:50.000Z","volume":6500,"label":" ","price":9.2},{"type":"B","date":"2018-04-20T01:46:53.000Z","volume":500,"label":" ","price":9.2},{"type":"B","date":"2018-04-20T01:46:54.000Z","volume":7000,"label":" ","price":9.2},{"type":"B","date":"2018-04-20T01:46:54.000Z","volume":5500,"label":" ","price":9.2},{"type":"A","date":"2018-04-20T01:46:55.000Z","volume":2500,"label":" ","price":9.2},{"type":"A","date":"2018-04-20T01:46:55.000Z","volume":500,"label":" ","price":9.2},{"type":"B","date":"2018-04-20T01:46:56.000Z","volume":2000,"label":" ","price":9.2},{"type":"B","date":"2018-04-20T01:47:01.000Z","volume":3500,"label":" ","price":9.2},{"type":"B","date":"2018-04-20T01:47:01.000Z","volume":500,"label":" ","price":9.2},{"type":"B","date":"2018-04-20T01:47:01.000Z","volume":500,"label":" ","price":9.2},{"type":"B","date":"2018-04-20T01:47:02.000Z","volume":8500,"label":" ","price":9.2},{"type":"B","date":"2018-04-20T01:47:02.000Z","volume":2500,"label":" ","price":9.2},{"type":"B","date":"2018-04-20T01:47:02.000Z","volume":2500,"label":" ","price":9.2},{"type":"B","date":"2018-04-20T01:47:03.000Z","volume":1500,"label":" ","price":9.2},{"type":"B","date":"2018-04-20T01:47:03.000Z","volume":3000,"label":" ","price":9.2},{"type":"B","date":"2018-04-20T01:47:03.000Z","volume":1500,"label":" ","price":9.2},{"type":"B","date":"2018-04-20T01:47:03.000Z","volume":1500,"label":" ","price":9.2},{"type":"B","date":"2018-04-20T01:47:03.000Z","volume":1000,"label":" ","price":9.2},{"type":"A","date":"2018-04-20T01:47:05.000Z","volume":5500,"label":" ","price":9.2},{"type":"A","date":"2018-04-20T01:47:23.000Z","volume":1000,"label":" ","price":9.2},{"type":"A","date":"2018-04-20T01:47:24.000Z","volume":1500,"label":" ","price":9.2},{"type":"A","date":"2018-04-20T01:47:26.000Z","volume":500,"label":" ","price":9.21},{"type":"A","date":"2018-04-20T01:47:26.000Z","volume":500,"label":" ","price":9.22},{"type":"A","date":"2018-04-20T01:47:26.000Z","volume":500,"label":" ","price":9.22},{"type":"B","date":"2018-04-20T01:47:32.000Z","volume":6000,"label":" ","price":9.2},{"type":"B","date":"2018-04-20T01:47:32.000Z","volume":1500,"label":" ","price":9.2},{"type":"B","date":"2018-04-20T01:47:33.000Z","volume":1500,"label":" ","price":9.2},{"type":"B","date":"2018-04-20T01:47:36.000Z","volume":500,"label":" ","price":9.2},{"type":"B","date":"2018-04-20T01:47:36.000Z","volume":500,"label":" ","price":9.2},{"type":"B","date":"2018-04-20T01:47:51.000Z","volume":500,"label":"Y","price":9.2},{"type":"B","date":"2018-04-20T01:47:51.000Z","volume":9000,"label":" ","price":9.2},{"type":"B","date":"2018-04-20T01:47:51.000Z","volume":3000,"label":" ","price":9.2},{"type":"B","date":"2018-04-20T01:47:51.000Z","volume":3000,"label":" ","price":9.2},{"type":"B","date":"2018-04-20T01:47:51.000Z","volume":1000,"label":" ","price":9.2},{"type":"B","date":"2018-04-20T01:47:52.000Z","volume":500,"label":" ","price":9.2},{"type":"B","date":"2018-04-20T01:47:52.000Z","volume":500,"label":" ","price":9.2},{"type":"A","date":"2018-04-20T01:48:06.000Z","volume":7500,"label":" ","price":9.2},{"type":"A","date":"2018-04-20T01:48:06.000Z","volume":1500,"label":" ","price":9.21},{"type":"B","date":"2018-04-20T01:48:07.000Z","volume":10000,"label":" ","price":9.2},{"type":"B","date":"2018-04-20T01:48:07.000Z","volume":22000,"label":" ","price":9.2},{"type":"B","date":"2018-04-20T01:48:07.000Z","volume":6000,"label":" ","price":9.2},{"type":"B","date":"2018-04-20T01:48:08.000Z","volume":2000,"label":" ","price":9.2},{"type":"B","date":"2018-04-20T01:48:10.000Z","volume":6500,"label":" ","price":9.2},{"type":"B","date":"2018-04-20T01:48:18.000Z","volume":80000,"label":" ","price":9.19},{"type":"B","date":"2018-04-20T01:48:18.000Z","volume":1500,"label":" ","price":9.19},{"type":"B","date":"2018-04-20T01:48:36.000Z","volume":40000,"label":" ","price":9.18},{"type":"B","date":"2018-04-20T01:48:36.000Z","volume":10000,"label":" ","price":9.18},{"type":"A","date":"2018-04-20T01:49:17.000Z","volume":2000,"label":" ","price":9.18},{"type":"B","date":"2018-04-20T01:49:18.000Z","volume":8000,"label":"Y","price":9.17},{"type":"A","date":"2018-04-20T01:49:29.000Z","volume":3000,"label":" ","price":9.18},{"type":"A","date":"2018-04-20T01:49:53.000Z","volume":5000,"label":" ","price":9.2},{"type":"A","date":"2018-04-20T01:49:56.000Z","volume":5500,"label":" ","price":9.2},{"type":"A","date":"2018-04-20T01:49:57.000Z","volume":7000,"label":" ","price":9.2},{"type":"B","date":"2018-04-20T01:49:58.000Z","volume":6500,"label":" ","price":9.2},{"type":"B","date":"2018-04-20T01:49:58.000Z","volume":1000,"label":" ","price":9.2},{"type":"B","date":"2018-04-20T01:50:01.000Z","volume":6000,"label":" ","price":9.2},{"type":"B","date":"2018-04-20T01:50:03.000Z","volume":500,"label":" ","price":9.2},{"type":"B","date":"2018-04-20T01:50:03.000Z","volume":500,"label":" ","price":9.2},{"type":"B","date":"2018-04-20T01:50:03.000Z","volume":500,"label":" ","price":9.2},{"type":"B","date":"2018-04-20T01:50:07.000Z","volume":500,"label":" ","price":9.2},{"type":"B","date":"2018-04-20T01:50:11.000Z","volume":500,"label":" ","price":9.2},{"type":"B","date":"2018-04-20T01:50:23.000Z","volume":3000,"label":" ","price":9.19},{"type":"A","date":"2018-04-20T01:50:29.000Z","volume":32500,"label":" ","price":9.19},{"type":"A","date":"2018-04-20T01:50:29.000Z","volume":17500,"label":" ","price":9.2},{"type":"B","date":"2018-04-20T01:50:38.000Z","volume":2000,"label":" ","price":9.19},{"type":"A","date":"2018-04-20T01:50:50.000Z","volume":13500,"label":" ","price":9.2},{"type":"A","date":"2018-04-20T01:50:50.000Z","volume":1000,"label":" ","price":9.2},{"type":"B","date":"2018-04-20T01:50:50.000Z","volume":5500,"label":" ","price":9.2},{"type":"B","date":"2018-04-20T01:50:50.000Z","volume":500,"label":" ","price":9.19},{"type":"U","date":"2018-04-20T01:50:52.000Z","volume":2500,"label":" ","price":9.19},{"type":"A","date":"2018-04-20T01:51:27.000Z","volume":15500,"label":" ","price":9.21},{"type":"B","date":"2018-04-20T01:51:27.000Z","volume":4500,"label":" ","price":9.21},{"type":"B","date":"2018-04-20T01:52:44.000Z","volume":41500,"label":" ","price":9.19},{"type":"B","date":"2018-04-20T01:52:44.000Z","volume":27000,"label":" ","price":9.18},{"type":"B","date":"2018-04-20T01:52:44.000Z","volume":12500,"label":" ","price":9.17},{"type":"A","date":"2018-04-20T01:52:49.000Z","volume":8500,"label":" ","price":9.17},{"type":"A","date":"2018-04-20T01:52:57.000Z","volume":500,"label":" ","price":9.2},{"type":"A","date":"2018-04-20T01:54:12.000Z","volume":15500,"label":" ","price":9.2},{"type":"A","date":"2018-04-20T01:54:12.000Z","volume":500,"label":" ","price":9.21},{"type":"B","date":"2018-04-20T01:54:13.000Z","volume":4000,"label":" ","price":9.2},{"type":"B","date":"2018-04-20T01:54:13.000Z","volume":1500,"label":"Y","price":9.2},{"type":"B","date":"2018-04-20T01:54:13.000Z","volume":500,"label":" ","price":9.2},{"type":"B","date":"2018-04-20T01:54:13.000Z","volume":500,"label":"Y","price":9.2},{"type":"B","date":"2018-04-20T01:54:13.000Z","volume":500,"label":"Y","price":9.2},{"type":"U","date":"2018-04-20T01:55:27.000Z","volume":500,"label":"X","price":9.2},{"type":"A","date":"2018-04-20T01:56:34.000Z","volume":2500,"label":" ","price":9.2},{"type":"A","date":"2018-04-20T01:56:35.000Z","volume":2500,"label":" ","price":9.2},{"type":"A","date":"2018-04-20T01:56:36.000Z","volume":2500,"label":" ","price":9.2},{"type":"A","date":"2018-04-20T01:56:37.000Z","volume":7500,"label":" ","price":9.2},{"type":"A","date":"2018-04-20T01:56:43.000Z","volume":4000,"label":" ","price":9.2},{"type":"A","date":"2018-04-20T01:56:43.000Z","volume":500,"label":" ","price":9.2},{"type":"A","date":"2018-04-20T01:56:44.000Z","volume":4000,"label":" ","price":9.2},{"type":"B","date":"2018-04-20T01:56:47.000Z","volume":2500,"label":"Y","price":9.2},{"type":"B","date":"2018-04-20T01:56:47.000Z","volume":17500,"label":" ","price":9.2},{"type":"B","date":"2018-04-20T01:56:47.000Z","volume":5500,"label":" ","price":9.2},{"type":"B","date":"2018-04-20T01:56:47.000Z","volume":5500,"label":" ","price":9.2},{"type":"A","date":"2018-04-20T01:56:47.000Z","volume":2500,"label":" ","price":9.21},{"type":"A","date":"2018-04-20T01:56:47.000Z","volume":2500,"label":" ","price":9.21},{"type":"B","date":"2018-04-20T01:56:47.000Z","volume":2500,"label":" ","price":9.2},{"type":"B","date":"2018-04-20T01:56:47.000Z","volume":2000,"label":" ","price":9.2},{"type":"B","date":"2018-04-20T01:56:47.000Z","volume":1000,"label":" ","price":9.2},{"type":"B","date":"2018-04-20T01:56:47.000Z","volume":1000,"label":" ","price":9.2},{"type":"B","date":"2018-04-20T01:56:49.000Z","volume":500,"label":"Y","price":9.2},{"type":"B","date":"2018-04-20T01:56:49.000Z","volume":7500,"label":" ","price":9.2},{"type":"B","date":"2018-04-20T01:56:49.000Z","volume":1000,"label":" ","price":9.2},{"type":"A","date":"2018-04-20T01:56:49.000Z","volume":20000,"label":" ","price":9.21},{"type":"B","date":"2018-04-20T01:56:53.000Z","volume":500,"label":" ","price":9.2},{"type":"B","date":"2018-04-20T01:57:03.000Z","volume":3500,"label":" ","price":9.19},{"type":"A","date":"2018-04-20T01:57:13.000Z","volume":20000,"label":" ","price":9.2},{"type":"A","date":"2018-04-20T01:57:13.000Z","volume":3500,"label":" ","price":9.2},{"type":"A","date":"2018-04-20T01:57:13.000Z","volume":16500,"label":" ","price":9.2},{"type":"A","date":"2018-04-20T01:57:48.000Z","volume":12500,"label":" ","price":9.21},{"type":"A","date":"2018-04-20T01:57:48.000Z","volume":500,"label":" ","price":9.22},{"type":"A","date":"2018-04-20T01:57:48.000Z","volume":16000,"label":" ","price":9.23},{"type":"B","date":"2018-04-20T01:57:49.000Z","volume":18500,"label":" ","price":9.23},{"type":"B","date":"2018-04-20T01:57:49.000Z","volume":2500,"label":" ","price":9.23},{"type":"U","date":"2018-04-20T01:57:53.000Z","volume":1500,"label":" ","price":9.22},{"type":"U","date":"2018-04-20T01:57:53.000Z","volume":500,"label":" ","price":9.22},{"type":"A","date":"2018-04-20T01:57:54.000Z","volume":2500,"label":" ","price":9.24},{"type":"A","date":"2018-04-20T01:57:54.000Z","volume":8500,"label":"Y","price":9.25},{"type":"A","date":"2018-04-20T01:57:54.000Z","volume":13500,"label":" ","price":9.25},{"type":"A","date":"2018-04-20T01:57:57.000Z","volume":9000,"label":"Y","price":9.25},{"type":"A","date":"2018-04-20T01:57:58.000Z","volume":8500,"label":"Y","price":9.25},{"type":"A","date":"2018-04-20T01:57:59.000Z","volume":8000,"label":"Y","price":9.25},{"type":"B","date":"2018-04-20T01:58:09.000Z","volume":30500,"label":" ","price":9.2},{"type":"B","date":"2018-04-20T01:58:09.000Z","volume":8500,"label":" ","price":9.2},{"type":"B","date":"2018-04-20T01:58:09.000Z","volume":8500,"label":" ","price":9.2},{"type":"B","date":"2018-04-20T01:58:14.000Z","volume":15500,"label":" ","price":9.2},{"type":"B","date":"2018-04-20T01:58:14.000Z","volume":4000,"label":" ","price":9.2},{"type":"B","date":"2018-04-20T01:58:14.000Z","volume":4000,"label":" ","price":9.2},{"type":"B","date":"2018-04-20T01:58:14.000Z","volume":2000,"label":" ","price":9.2},{"type":"B","date":"2018-04-20T01:58:14.000Z","volume":500,"label":" ","price":9.2},{"type":"B","date":"2018-04-20T01:58:14.000Z","volume":500,"label":" ","price":9.2},{"type":"B","date":"2018-04-20T01:58:40.000Z","volume":11000,"label":" ","price":9.2},{"type":"B","date":"2018-04-20T01:58:40.000Z","volume":3500,"label":" ","price":9.2},{"type":"B","date":"2018-04-20T01:58:40.000Z","volume":3500,"label":" ","price":9.2},{"type":"B","date":"2018-04-20T01:58:44.000Z","volume":30000,"label":" ","price":9.2},{"type":"B","date":"2018-04-20T01:58:44.000Z","volume":500,"label":" ","price":9.2},{"type":"B","date":"2018-04-20T01:58:44.000Z","volume":8000,"label":" ","price":9.2},{"type":"B","date":"2018-04-20T01:58:44.000Z","volume":8000,"label":" ","price":9.2},{"type":"B","date":"2018-04-20T01:58:47.000Z","volume":3500,"label":" ","price":9.2},{"type":"B","date":"2018-04-20T01:58:47.000Z","volume":1000,"label":" ","price":9.2},{"type":"B","date":"2018-04-20T01:58:47.000Z","volume":1000,"label":" ","price":9.2},{"type":"U","date":"2018-04-20T01:58:56.000Z","volume":1000,"label":" ","price":9.2},{"type":"U","date":"2018-04-20T01:58:56.000Z","volume":11000,"label":" ","price":9.2},{"type":"B","date":"2018-04-20T01:58:56.000Z","volume":3000,"label":" ","price":9.2},{"type":"B","date":"2018-04-20T01:58:56.000Z","volume":3000,"label":" ","price":9.2},{"type":"B","date":"2018-04-20T01:58:57.000Z","volume":500,"label":" ","price":9.2},{"type":"B","date":"2018-04-20T01:58:57.000Z","volume":500,"label":" ","price":9.2},{"type":"B","date":"2018-04-20T01:58:57.000Z","volume":500,"label":" ","price":9.2},{"type":"B","date":"2018-04-20T01:58:59.000Z","volume":500,"label":" ","price":9.2},{"type":"B","date":"2018-04-20T01:59:01.000Z","volume":500,"label":"Y","price":9.2},{"type":"B","date":"2018-04-20T01:59:07.000Z","volume":500,"label":" ","price":9.2},{"type":"B","date":"2018-04-20T01:59:16.000Z","volume":29000,"label":" ","price":9.2},{"type":"B","date":"2018-04-20T01:59:16.000Z","volume":500,"label":" ","price":9.2},{"type":"B","date":"2018-04-20T01:59:16.000Z","volume":7500,"label":" ","price":9.2},{"type":"B","date":"2018-04-20T01:59:16.000Z","volume":8000,"label":" ","price":9.2},{"type":"B","date":"2018-04-20T01:59:22.000Z","volume":4500,"label":" ","price":9.2},{"type":"B","date":"2018-04-20T01:59:22.000Z","volume":1500,"label":" ","price":9.2},{"type":"B","date":"2018-04-20T01:59:22.000Z","volume":1500,"label":" ","price":9.2},{"type":"B","date":"2018-04-20T01:59:23.000Z","volume":500,"label":" ","price":9.2},{"type":"B","date":"2018-04-20T01:59:23.000Z","volume":5500,"label":" ","price":9.2},{"type":"B","date":"2018-04-20T01:59:23.000Z","volume":1500,"label":" ","price":9.2},{"type":"B","date":"2018-04-20T01:59:23.000Z","volume":1500,"label":" ","price":9.2},{"type":"B","date":"2018-04-20T01:59:29.000Z","volume":1500,"label":" ","price":9.2},{"type":"B","date":"2018-04-20T01:59:37.000Z","volume":29000,"label":" ","price":9.2},{"type":"B","date":"2018-04-20T01:59:37.000Z","volume":1000,"label":" ","price":9.2},{"type":"B","date":"2018-04-20T01:59:37.000Z","volume":8000,"label":" ","price":9.2},{"type":"B","date":"2018-04-20T01:59:37.000Z","volume":6500,"label":" ","price":9.2},{"type":"B","date":"2018-04-20T01:59:37.000Z","volume":1500,"label":" ","price":9.2},{"type":"B","date":"2018-04-20T01:59:41.000Z","volume":4000,"label":" ","price":9.2},{"type":"B","date":"2018-04-20T01:59:41.000Z","volume":1500,"label":" ","price":9.2},{"type":"B","date":"2018-04-20T01:59:41.000Z","volume":1500,"label":" ","price":9.2},{"type":"U","date":"2018-04-20T02:00:25.000Z","volume":30000,"label":" ","price":9.2},{"type":"U","date":"2018-04-20T02:00:25.000Z","volume":7500,"label":" ","price":9.2},{"type":"B","date":"2018-04-20T02:00:25.000Z","volume":7500,"label":" ","price":9.2},{"type":"B","date":"2018-04-20T02:00:29.000Z","volume":3000,"label":" ","price":9.2},{"type":"B","date":"2018-04-20T02:00:29.000Z","volume":1500,"label":" ","price":9.2},{"type":"B","date":"2018-04-20T02:00:29.000Z","volume":1000,"label":"Y","price":9.2},{"type":"B","date":"2018-04-20T02:00:29.000Z","volume":500,"label":" ","price":9.2},{"type":"B","date":"2018-04-20T02:00:30.000Z","volume":500,"label":"Y","price":9.2},{"type":"B","date":"2018-04-20T02:00:30.000Z","volume":500,"label":" ","price":9.2},{"type":"B","date":"2018-04-20T02:00:50.000Z","volume":3000,"label":" ","price":9.2},{"type":"B","date":"2018-04-20T02:00:50.000Z","volume":500,"label":" ","price":9.2},{"type":"B","date":"2018-04-20T02:00:50.000Z","volume":500,"label":" ","price":9.2},{"type":"B","date":"2018-04-20T02:00:56.000Z","volume":1000,"label":" ","price":9.2},{"type":"B","date":"2018-04-20T02:01:20.000Z","volume":1000,"label":" ","price":9.2},{"type":"B","date":"2018-04-20T02:01:20.000Z","volume":18000,"label":" ","price":9.2},{"type":"B","date":"2018-04-20T02:01:20.000Z","volume":4500,"label":" ","price":9.2},{"type":"B","date":"2018-04-20T02:01:20.000Z","volume":4500,"label":" ","price":9.2},{"type":"A","date":"2018-04-20T02:02:21.000Z","volume":30500,"label":" ","price":9.22},{"type":"B","date":"2018-04-20T02:02:23.000Z","volume":18500,"label":" ","price":9.21},{"type":"U","date":"2018-04-20T02:03:04.000Z","volume":500,"label":" ","price":9.22},{"type":"B","date":"2018-04-20T02:03:04.000Z","volume":500,"label":" ","price":9.21},{"type":"B","date":"2018-04-20T02:03:59.000Z","volume":11500,"label":" ","price":9.21},{"type":"B","date":"2018-04-20T02:03:59.000Z","volume":11500,"label":" ","price":9.2},{"type":"A","date":"2018-04-20T02:05:47.000Z","volume":38500,"label":" ","price":9.21},{"type":"B","date":"2018-04-20T02:05:47.000Z","volume":32000,"label":" ","price":9.2},{"type":"B","date":"2018-04-20T02:05:47.000Z","volume":3500,"label":" ","price":9.2},{"type":"B","date":"2018-04-20T02:05:47.000Z","volume":3000,"label":" ","price":9.2},{"type":"A","date":"2018-04-20T02:06:02.000Z","volume":500,"label":" ","price":9.22},{"type":"B","date":"2018-04-20T02:06:02.000Z","volume":500,"label":" ","price":9.22},{"type":"U","date":"2018-04-20T02:06:04.000Z","volume":500,"label":"X","price":9.225},{"type":"B","date":"2018-04-20T02:06:04.000Z","volume":500,"label":" ","price":9.22},{"type":"B","date":"2018-04-20T02:06:09.000Z","volume":5500,"label":" ","price":9.22},{"type":"B","date":"2018-04-20T02:06:09.000Z","volume":2000,"label":" ","price":9.21},{"type":"B","date":"2018-04-20T02:06:09.000Z","volume":5500,"label":" ","price":9.2},{"type":"A","date":"2018-04-20T02:06:09.000Z","volume":2000,"label":" ","price":9.21},{"type":"B","date":"2018-04-20T02:06:09.000Z","volume":1500,"label":" ","price":9.2},{"type":"B","date":"2018-04-20T02:06:26.000Z","volume":2500,"label":"Y","price":9.2},{"type":"B","date":"2018-04-20T02:06:26.000Z","volume":4500,"label":" ","price":9.2},{"type":"B","date":"2018-04-20T02:06:30.000Z","volume":35000,"label":" ","price":9.2},{"type":"B","date":"2018-04-20T02:06:31.000Z","volume":500,"label":" ","price":9.2},{"type":"A","date":"2018-04-20T02:09:43.000Z","volume":19000,"label":" ","price":9.2},{"type":"A","date":"2018-04-20T02:09:47.000Z","volume":2000,"label":" ","price":9.2},{"type":"U","date":"2018-04-20T02:09:47.000Z","volume":500,"label":"X","price":9.205},{"type":"B","date":"2018-04-20T02:09:48.000Z","volume":1500,"label":" ","price":9.2},{"type":"B","date":"2018-04-20T02:09:48.000Z","volume":2500,"label":" ","price":9.2},{"type":"B","date":"2018-04-20T02:09:48.000Z","volume":500,"label":" ","price":9.2},{"type":"B","date":"2018-04-20T02:09:48.000Z","volume":500,"label":" ","price":9.2},{"type":"B","date":"2018-04-20T02:09:50.000Z","volume":1000,"label":" ","price":9.2},{"type":"B","date":"2018-04-20T02:09:51.000Z","volume":500,"label":"Y","price":9.2},{"type":"B","date":"2018-04-20T02:09:52.000Z","volume":500,"label":" ","price":9.2},{"type":"B","date":"2018-04-20T02:09:52.000Z","volume":500,"label":" ","price":9.2},{"type":"B","date":"2018-04-20T02:09:59.000Z","volume":1000,"label":" ","price":9.2},{"type":"B","date":"2018-04-20T02:10:07.000Z","volume":500,"label":" ","price":9.2},{"type":"B","date":"2018-04-20T02:10:07.000Z","volume":500,"label":" ","price":9.2},{"type":"B","date":"2018-04-20T02:10:15.000Z","volume":500,"label":" ","price":9.2},{"type":"B","date":"2018-04-20T02:10:20.000Z","volume":1500,"label":" ","price":9.2},{"type":"B","date":"2018-04-20T02:10:20.000Z","volume":500,"label":" ","price":9.2},{"type":"B","date":"2018-04-20T02:10:20.000Z","volume":500,"label":" ","price":9.2},{"type":"B","date":"2018-04-20T02:10:20.000Z","volume":500,"label":" ","price":9.2},{"type":"B","date":"2018-04-20T02:10:20.000Z","volume":500,"label":" ","price":9.2},{"type":"B","date":"2018-04-20T02:10:36.000Z","volume":500,"label":" ","price":9.2},{"type":"B","date":"2018-04-20T02:10:36.000Z","volume":11500,"label":" ","price":9.2},{"type":"B","date":"2018-04-20T02:10:36.000Z","volume":3000,"label":" ","price":9.2},{"type":"B","date":"2018-04-20T02:10:36.000Z","volume":3000,"label":" ","price":9.2},{"type":"A","date":"2018-04-20T02:10:36.000Z","volume":2500,"label":" ","price":9.21},{"type":"B","date":"2018-04-20T02:10:42.000Z","volume":1500,"label":" ","price":9.2},{"type":"B","date":"2018-04-20T02:10:42.000Z","volume":1000,"label":" ","price":9.2},{"type":"B","date":"2018-04-20T02:10:42.000Z","volume":500,"label":" ","price":9.2},{"type":"B","date":"2018-04-20T02:10:47.000Z","volume":500,"label":" ","price":9.2},{"type":"B","date":"2018-04-20T02:10:47.000Z","volume":5500,"label":" ","price":9.2},{"type":"B","date":"2018-04-20T02:10:47.000Z","volume":1500,"label":" ","price":9.2},{"type":"B","date":"2018-04-20T02:10:47.000Z","volume":1500,"label":" ","price":9.2},{"type":"B","date":"2018-04-20T02:10:49.000Z","volume":1500,"label":" ","price":9.2},{"type":"B","date":"2018-04-20T02:10:49.000Z","volume":500,"label":" ","price":9.2},{"type":"U","date":"2018-04-20T02:10:54.000Z","volume":500,"label":" ","price":9.2},{"type":"U","date":"2018-04-20T02:10:54.000Z","volume":11500,"label":" ","price":9.2},{"type":"U","date":"2018-04-20T02:10:54.000Z","volume":2000,"label":" ","price":9.2},{"type":"U","date":"2018-04-20T02:10:54.000Z","volume":1000,"label":" ","price":9.2},{"type":"B","date":"2018-04-20T02:10:54.000Z","volume":2000,"label":" ","price":9.2},{"type":"B","date":"2018-04-20T02:10:54.000Z","volume":1000,"label":" ","price":9.2},{"type":"B","date":"2018-04-20T02:10:59.000Z","volume":2500,"label":" ","price":9.2},{"type":"B","date":"2018-04-20T02:10:59.000Z","volume":500,"label":" ","price":9.2},{"type":"B","date":"2018-04-20T02:10:59.000Z","volume":500,"label":" ","price":9.2},{"type":"A","date":"2018-04-20T02:11:02.000Z","volume":1000,"label":" ","price":9.21},{"type":"B","date":"2018-04-20T02:11:07.000Z","volume":1000,"label":" ","price":9.2},{"type":"B","date":"2018-04-20T02:11:41.000Z","volume":33000,"label":" ","price":9.2},{"type":"B","date":"2018-04-20T02:12:03.000Z","volume":50000,"label":" ","price":9.19},{"type":"B","date":"2018-04-20T02:12:03.000Z","volume":6000,"label":" ","price":9.19},{"type":"B","date":"2018-04-20T02:12:31.000Z","volume":20000,"label":"Y","price":9.18},{"type":"B","date":"2018-04-20T02:12:31.000Z","volume":23500,"label":" ","price":9.18},{"type":"A","date":"2018-04-20T02:12:31.000Z","volume":2500,"label":" ","price":9.18},{"type":"A","date":"2018-04-20T02:13:13.000Z","volume":21000,"label":" ","price":9.18},{"type":"U","date":"2018-04-20T02:13:21.000Z","volume":20000,"label":" ","price":9.18},{"type":"B","date":"2018-04-20T02:13:27.000Z","volume":4000,"label":"Y","price":9.17},{"type":"B","date":"2018-04-20T02:13:52.000Z","volume":9500,"label":"Y","price":9.18},{"type":"B","date":"2018-04-20T02:14:02.000Z","volume":3000,"label":"Y","price":9.18},{"type":"A","date":"2018-04-20T02:14:56.000Z","volume":9500,"label":" ","price":9.19},{"type":"A","date":"2018-04-20T02:14:56.000Z","volume":16000,"label":" ","price":9.19},{"type":"A","date":"2018-04-20T02:14:58.000Z","volume":21500,"label":" ","price":9.2},{"type":"A","date":"2018-04-20T02:15:02.000Z","volume":9000,"label":" ","price":9.21},{"type":"B","date":"2018-04-20T02:15:02.000Z","volume":1000,"label":" ","price":9.2},{"type":"A","date":"2018-04-20T02:15:02.000Z","volume":500,"label":" ","price":9.22},{"type":"B","date":"2018-04-20T02:15:02.000Z","volume":500,"label":" ","price":9.22},{"type":"B","date":"2018-04-20T02:15:02.000Z","volume":500,"label":" ","price":9.22},{"type":"B","date":"2018-04-20T02:15:03.000Z","volume":4000,"label":" ","price":9.22},{"type":"B","date":"2018-04-20T02:15:03.000Z","volume":500,"label":" ","price":9.22},{"type":"B","date":"2018-04-20T02:15:09.000Z","volume":1000,"label":" ","price":9.2},{"type":"U","date":"2018-04-20T02:15:12.000Z","volume":500,"label":"X","price":9.215},{"type":"B","date":"2018-04-20T02:15:12.000Z","volume":500,"label":" ","price":9.2},{"type":"B","date":"2018-04-20T02:15:18.000Z","volume":500,"label":"Y","price":9.2},{"type":"B","date":"2018-04-20T02:15:18.000Z","volume":500,"label":" ","price":9.2},{"type":"B","date":"2018-04-20T02:15:31.000Z","volume":3500,"label":"Y","price":9.19},{"type":"B","date":"2018-04-20T02:15:31.000Z","volume":500,"label":" ","price":9.19},{"type":"B","date":"2018-04-20T02:15:44.000Z","volume":6000,"label":"Y","price":9.19},{"type":"B","date":"2018-04-20T02:15:51.000Z","volume":4500,"label":" ","price":9.19},{"type":"B","date":"2018-04-20T02:15:51.000Z","volume":9000,"label":" ","price":9.18},{"type":"A","date":"2018-04-20T02:16:47.000Z","volume":500,"label":" ","price":9.2},{"type":"A","date":"2018-04-20T02:16:47.000Z","volume":1000,"label":" ","price":9.2},{"type":"B","date":"2018-04-20T02:16:50.000Z","volume":1000,"label":" ","price":9.2},{"type":"B","date":"2018-04-20T02:16:51.000Z","volume":500,"label":" ","price":9.2},{"type":"B","date":"2018-04-20T02:16:51.000Z","volume":500,"label":" ","price":9.2},{"type":"B","date":"2018-04-20T02:16:54.000Z","volume":1000,"label":" ","price":9.2},{"type":"B","date":"2018-04-20T02:17:12.000Z","volume":1500,"label":" ","price":9.19},{"type":"B","date":"2018-04-20T02:17:12.000Z","volume":500,"label":" ","price":9.18},{"type":"B","date":"2018-04-20T02:17:12.000Z","volume":500,"label":"Y","price":9.17},{"type":"B","date":"2018-04-20T02:18:11.000Z","volume":5000,"label":" ","price":9.18},{"type":"B","date":"2018-04-20T02:18:18.000Z","volume":4500,"label":" ","price":9.18},{"type":"B","date":"2018-04-20T02:18:18.000Z","volume":18000,"label":" ","price":9.17},{"type":"A","date":"2018-04-20T02:19:35.000Z","volume":10500,"label":" ","price":9.18},{"type":"B","date":"2018-04-20T02:20:40.000Z","volume":4500,"label":" ","price":9.18},{"type":"A","date":"2018-04-20T02:20:42.000Z","volume":1000,"label":" ","price":9.18},{"type":"B","date":"2018-04-20T02:21:03.000Z","volume":5500,"label":" ","price":9.18},{"type":"A","date":"2018-04-20T02:21:41.000Z","volume":14500,"label":" ","price":9.19},{"type":"A","date":"2018-04-20T02:22:00.000Z","volume":81000,"label":" ","price":9.2},{"type":"B","date":"2018-04-20T02:22:01.000Z","volume":17500,"label":" ","price":9.2},{"type":"A","date":"2018-04-20T02:22:02.000Z","volume":500,"label":" ","price":9.21},{"type":"A","date":"2018-04-20T02:22:02.000Z","volume":500,"label":" ","price":9.22},{"type":"A","date":"2018-04-20T02:22:02.000Z","volume":1000,"label":" ","price":9.22},{"type":"A","date":"2018-04-20T02:22:02.000Z","volume":1000,"label":" ","price":9.22},{"type":"B","date":"2018-04-20T02:22:04.000Z","volume":1500,"label":" ","price":9.2},{"type":"B","date":"2018-04-20T02:22:07.000Z","volume":500,"label":" ","price":9.2},{"type":"B","date":"2018-04-20T02:22:26.000Z","volume":3500,"label":" ","price":9.2},{"type":"B","date":"2018-04-20T02:22:26.000Z","volume":500,"label":" ","price":9.2},{"type":"B","date":"2018-04-20T02:22:26.000Z","volume":500,"label":" ","price":9.2},{"type":"B","date":"2018-04-20T02:22:26.000Z","volume":500,"label":" ","price":9.2},{"type":"B","date":"2018-04-20T02:22:28.000Z","volume":12500,"label":" ","price":9.2},{"type":"B","date":"2018-04-20T02:22:28.000Z","volume":4000,"label":" ","price":9.2},{"type":"B","date":"2018-04-20T02:22:28.000Z","volume":4000,"label":" ","price":9.2},{"type":"B","date":"2018-04-20T02:22:28.000Z","volume":2500,"label":" ","price":9.2},{"type":"B","date":"2018-04-20T02:22:32.000Z","volume":1500,"label":" ","price":9.2},{"type":"B","date":"2018-04-20T02:22:32.000Z","volume":1500,"label":" ","price":9.2},{"type":"B","date":"2018-04-20T02:22:32.000Z","volume":1000,"label":" ","price":9.2},{"type":"B","date":"2018-04-20T02:22:32.000Z","volume":1000,"label":" ","price":9.2},{"type":"B","date":"2018-04-20T02:22:34.000Z","volume":2000,"label":" ","price":9.2},{"type":"B","date":"2018-04-20T02:22:34.000Z","volume":500,"label":" ","price":9.2},{"type":"B","date":"2018-04-20T02:22:34.000Z","volume":500,"label":" ","price":9.2},{"type":"B","date":"2018-04-20T02:22:40.000Z","volume":500,"label":"Y","price":9.2},{"type":"A","date":"2018-04-20T02:23:17.000Z","volume":500,"label":" ","price":9.21},{"type":"A","date":"2018-04-20T02:23:17.000Z","volume":500,"label":" ","price":9.22},{"type":"B","date":"2018-04-20T02:23:17.000Z","volume":500,"label":" ","price":9.22},{"type":"B","date":"2018-04-20T02:23:17.000Z","volume":500,"label":" ","price":9.22},{"type":"B","date":"2018-04-20T02:25:59.000Z","volume":110000,"label":" ","price":9.19},{"type":"B","date":"2018-04-20T02:26:39.000Z","volume":4500,"label":" ","price":9.19},{"type":"A","date":"2018-04-20T02:26:39.000Z","volume":500,"label":" ","price":9.19},{"type":"B","date":"2018-04-20T02:26:46.000Z","volume":3500,"label":" ","price":9.19},{"type":"A","date":"2018-04-20T02:28:02.000Z","volume":1500,"label":" ","price":9.2},{"type":"A","date":"2018-04-20T02:28:02.000Z","volume":1500,"label":" ","price":9.2},{"type":"A","date":"2018-04-20T02:28:41.000Z","volume":2000,"label":" ","price":9.2},{"type":"B","date":"2018-04-20T02:28:41.000Z","volume":22000,"label":" ","price":9.19},{"type":"B","date":"2018-04-20T02:28:45.000Z","volume":1000,"label":" ","price":9.19},{"type":"B","date":"2018-04-20T02:29:11.000Z","volume":15000,"label":"Y","price":9.18},{"type":"B","date":"2018-04-20T02:29:11.000Z","volume":31500,"label":" ","price":9.18},{"type":"B","date":"2018-04-20T02:29:41.000Z","volume":22000,"label":" ","price":9.17},{"type":"A","date":"2018-04-20T02:33:02.000Z","volume":2500,"label":" ","price":9.17},{"type":"A","date":"2018-04-20T02:33:02.000Z","volume":2500,"label":" ","price":9.17},{"type":"A","date":"2018-04-20T02:33:02.000Z","volume":2500,"label":" ","price":9.17},{"type":"A","date":"2018-04-20T02:33:03.000Z","volume":500,"label":" ","price":9.17},{"type":"A","date":"2018-04-20T02:33:03.000Z","volume":500,"label":" ","price":9.18},{"type":"B","date":"2018-04-20T02:33:23.000Z","volume":2000,"label":" ","price":9.18},{"type":"B","date":"2018-04-20T02:33:23.000Z","volume":500,"label":" ","price":9.18},{"type":"B","date":"2018-04-20T02:33:34.000Z","volume":1000,"label":" ","price":9.17},{"type":"B","date":"2018-04-20T02:33:34.000Z","volume":1000,"label":" ","price":9.16},{"type":"B","date":"2018-04-20T02:34:15.000Z","volume":1000,"label":" ","price":9.16},{"type":"A","date":"2018-04-20T02:34:31.000Z","volume":9500,"label":" ","price":9.19},{"type":"A","date":"2018-04-20T02:34:32.000Z","volume":3500,"label":" ","price":9.19},{"type":"A","date":"2018-04-20T02:34:33.000Z","volume":3500,"label":" ","price":9.19},{"type":"A","date":"2018-04-20T02:34:35.000Z","volume":3500,"label":" ","price":9.19},{"type":"A","date":"2018-04-20T02:35:11.000Z","volume":6000,"label":" ","price":9.19},{"type":"B","date":"2018-04-20T02:35:11.000Z","volume":500,"label":" ","price":9.19},{"type":"A","date":"2018-04-20T02:35:18.000Z","volume":500,"label":" ","price":9.2},{"type":"A","date":"2018-04-20T02:35:30.000Z","volume":500,"label":" ","price":9.2},{"type":"A","date":"2018-04-20T02:35:34.000Z","volume":500,"label":" ","price":9.2},{"type":"A","date":"2018-04-20T02:35:35.000Z","volume":500,"label":" ","price":9.2},{"type":"A","date":"2018-04-20T02:35:36.000Z","volume":500,"label":" ","price":9.2},{"type":"A","date":"2018-04-20T02:35:42.000Z","volume":1000,"label":" ","price":9.2},{"type":"A","date":"2018-04-20T02:35:54.000Z","volume":500,"label":" ","price":9.2},{"type":"A","date":"2018-04-20T02:35:54.000Z","volume":500,"label":" ","price":9.2},{"type":"A","date":"2018-04-20T02:35:54.000Z","volume":500,"label":" ","price":9.2},{"type":"A","date":"2018-04-20T02:35:57.000Z","volume":500,"label":" ","price":9.2},{"type":"B","date":"2018-04-20T02:36:08.000Z","volume":3000,"label":" ","price":9.19},{"type":"A","date":"2018-04-20T02:36:11.000Z","volume":1000,"label":" ","price":9.2},{"type":"A","date":"2018-04-20T02:36:15.000Z","volume":500,"label":" ","price":9.2},{"type":"A","date":"2018-04-20T02:36:15.000Z","volume":500,"label":" ","price":9.2},{"type":"A","date":"2018-04-20T02:36:21.000Z","volume":500,"label":" ","price":9.2},{"type":"A","date":"2018-04-20T02:36:21.000Z","volume":17500,"label":" ","price":9.2},{"type":"A","date":"2018-04-20T02:36:24.000Z","volume":1000,"label":" ","price":9.21},{"type":"A","date":"2018-04-20T02:36:32.000Z","volume":3000,"label":" ","price":9.21},{"type":"A","date":"2018-04-20T02:36:36.000Z","volume":1000,"label":" ","price":9.2},{"type":"A","date":"2018-04-20T02:36:36.000Z","volume":500,"label":" ","price":9.2},{"type":"A","date":"2018-04-20T02:36:36.000Z","volume":500,"label":" ","price":9.2},{"type":"A","date":"2018-04-20T02:36:37.000Z","volume":2500,"label":" ","price":9.2},{"type":"A","date":"2018-04-20T02:36:42.000Z","volume":500,"label":" ","price":9.2},{"type":"A","date":"2018-04-20T02:36:44.000Z","volume":1000,"label":" ","price":9.2},{"type":"A","date":"2018-04-20T02:36:44.000Z","volume":9000,"label":" ","price":9.21},{"type":"B","date":"2018-04-20T02:36:45.000Z","volume":1000,"label":" ","price":9.2},{"type":"B","date":"2018-04-20T02:36:46.000Z","volume":500,"label":" ","price":9.2},{"type":"B","date":"2018-04-20T02:36:47.000Z","volume":500,"label":"Y","price":9.2},{"type":"B","date":"2018-04-20T02:36:47.000Z","volume":500,"label":" ","price":9.2},{"type":"B","date":"2018-04-20T02:36:47.000Z","volume":500,"label":" ","price":9.2},{"type":"A","date":"2018-04-20T02:36:48.000Z","volume":500,"label":" ","price":9.22},{"type":"B","date":"2018-04-20T02:36:51.000Z","volume":2000,"label":" ","price":9.2},{"type":"B","date":"2018-04-20T02:36:51.000Z","volume":500,"label":" ","price":9.2},{"type":"B","date":"2018-04-20T02:36:51.000Z","volume":500,"label":" ","price":9.2},{"type":"B","date":"2018-04-20T02:36:54.000Z","volume":2000,"label":" ","price":9.2},{"type":"B","date":"2018-04-20T02:36:54.000Z","volume":500,"label":" ","price":9.2},{"type":"B","date":"2018-04-20T02:36:54.000Z","volume":500,"label":" ","price":9.2},{"type":"A","date":"2018-04-20T02:36:55.000Z","volume":1500,"label":" ","price":9.22},{"type":"A","date":"2018-04-20T02:36:57.000Z","volume":500,"label":" ","price":9.22},{"type":"A","date":"2018-04-20T02:36:57.000Z","volume":500,"label":" ","price":9.22},{"type":"A","date":"2018-04-20T02:37:00.000Z","volume":1000,"label":" ","price":9.22},{"type":"A","date":"2018-04-20T02:37:06.000Z","volume":500,"label":" ","price":9.22},{"type":"B","date":"2018-04-20T02:37:06.000Z","volume":500,"label":" ","price":9.2},{"type":"B","date":"2018-04-20T02:37:07.000Z","volume":500,"label":"Y","price":9.2},{"type":"B","date":"2018-04-20T02:37:07.000Z","volume":500,"label":" ","price":9.2},{"type":"B","date":"2018-04-20T02:37:26.000Z","volume":1000,"label":" ","price":9.2},{"type":"B","date":"2018-04-20T02:37:34.000Z","volume":500,"label":"Y","price":9.2},{"type":"B","date":"2018-04-20T02:37:34.000Z","volume":2500,"label":" ","price":9.2},{"type":"B","date":"2018-04-20T02:37:34.000Z","volume":1000,"label":" ","price":9.2},{"type":"B","date":"2018-04-20T02:37:34.000Z","volume":1000,"label":" ","price":9.2},{"type":"B","date":"2018-04-20T02:37:34.000Z","volume":10500,"label":" ","price":9.2},{"type":"B","date":"2018-04-20T02:37:34.000Z","volume":2500,"label":" ","price":9.2},{"type":"B","date":"2018-04-20T02:37:34.000Z","volume":2500,"label":" ","price":9.2},{"type":"B","date":"2018-04-20T02:37:34.000Z","volume":1000,"label":" ","price":9.2},{"type":"B","date":"2018-04-20T02:37:34.000Z","volume":500,"label":" ","price":9.2},{"type":"B","date":"2018-04-20T02:37:35.000Z","volume":500,"label":" ","price":9.2},{"type":"B","date":"2018-04-20T02:37:38.000Z","volume":3000,"label":" ","price":9.2},{"type":"B","date":"2018-04-20T02:37:38.000Z","volume":3000,"label":" ","price":9.2},{"type":"B","date":"2018-04-20T02:37:38.000Z","volume":3500,"label":" ","price":9.2},{"type":"B","date":"2018-04-20T02:37:38.000Z","volume":1500,"label":" ","price":9.2},{"type":"B","date":"2018-04-20T02:37:38.000Z","volume":1000,"label":" ","price":9.2},{"type":"B","date":"2018-04-20T02:37:38.000Z","volume":1500,"label":" ","price":9.2},{"type":"B","date":"2018-04-20T02:37:38.000Z","volume":1000,"label":" ","price":9.2},{"type":"B","date":"2018-04-20T02:37:39.000Z","volume":10500,"label":" ","price":9.2},{"type":"B","date":"2018-04-20T02:37:39.000Z","volume":3000,"label":" ","price":9.2},{"type":"B","date":"2018-04-20T02:37:39.000Z","volume":3000,"label":" ","price":9.2},{"type":"B","date":"2018-04-20T02:37:39.000Z","volume":1000,"label":" ","price":9.2},{"type":"B","date":"2018-04-20T02:37:39.000Z","volume":500,"label":" ","price":9.2},{"type":"B","date":"2018-04-20T02:37:39.000Z","volume":500,"label":" ","price":9.2},{"type":"B","date":"2018-04-20T02:37:39.000Z","volume":6500,"label":" ","price":9.2},{"type":"B","date":"2018-04-20T02:37:40.000Z","volume":1000,"label":" ","price":9.2},{"type":"B","date":"2018-04-20T02:37:40.000Z","volume":1000,"label":" ","price":9.2},{"type":"B","date":"2018-04-20T02:37:54.000Z","volume":18000,"label":" ","price":9.2},{"type":"B","date":"2018-04-20T02:38:05.000Z","volume":5000,"label":" ","price":9.2},{"type":"B","date":"2018-04-20T02:38:05.000Z","volume":1500,"label":" ","price":9.2},{"type":"B","date":"2018-04-20T02:38:05.000Z","volume":1500,"label":" ","price":9.2},{"type":"B","date":"2018-04-20T02:38:05.000Z","volume":1000,"label":" ","price":9.2},{"type":"B","date":"2018-04-20T02:39:12.000Z","volume":3000,"label":" ","price":9.2},{"type":"B","date":"2018-04-20T02:39:12.000Z","volume":1500,"label":" ","price":9.2},{"type":"B","date":"2018-04-20T02:39:12.000Z","volume":1500,"label":" ","price":9.2},{"type":"B","date":"2018-04-20T02:39:17.000Z","volume":1000,"label":"Y","price":9.2},{"type":"B","date":"2018-04-20T02:39:17.000Z","volume":1000,"label":" ","price":9.2},{"type":"B","date":"2018-04-20T02:39:17.000Z","volume":500,"label":"Y","price":9.2},{"type":"B","date":"2018-04-20T02:39:17.000Z","volume":500,"label":"Y","price":9.2},{"type":"B","date":"2018-04-20T02:40:36.000Z","volume":20000,"label":" ","price":9.2},{"type":"B","date":"2018-04-20T02:40:36.000Z","volume":3500,"label":"Y","price":9.2},{"type":"B","date":"2018-04-20T02:40:36.000Z","volume":33500,"label":" ","price":9.2},{"type":"B","date":"2018-04-20T02:40:37.000Z","volume":500,"label":" ","price":9.2},{"type":"B","date":"2018-04-20T02:40:38.000Z","volume":1500,"label":" ","price":9.2},{"type":"B","date":"2018-04-20T02:41:11.000Z","volume":14000,"label":" ","price":9.19},{"type":"B","date":"2018-04-20T02:41:17.000Z","volume":50000,"label":" ","price":9.18},{"type":"B","date":"2018-04-20T02:41:24.000Z","volume":3000,"label":" ","price":9.18},{"type":"A","date":"2018-04-20T02:42:41.000Z","volume":8000,"label":" ","price":9.18},{"type":"A","date":"2018-04-20T02:42:43.000Z","volume":8500,"label":" ","price":9.18},{"type":"A","date":"2018-04-20T02:42:43.000Z","volume":4500,"label":" ","price":9.18},{"type":"A","date":"2018-04-20T02:42:43.000Z","volume":18000,"label":" ","price":9.19},{"type":"A","date":"2018-04-20T02:42:43.000Z","volume":2500,"label":" ","price":9.19},{"type":"A","date":"2018-04-20T02:43:22.000Z","volume":2000,"label":"Y","price":9.2},{"type":"A","date":"2018-04-20T02:43:25.000Z","volume":13500,"label":"Y","price":9.2},{"type":"A","date":"2018-04-20T02:43:30.000Z","volume":2500,"label":"Y","price":9.2},{"type":"A","date":"2018-04-20T02:43:31.000Z","volume":1500,"label":"Y","price":9.2},{"type":"A","date":"2018-04-20T02:43:33.000Z","volume":1500,"label":"Y","price":9.2},{"type":"A","date":"2018-04-20T02:43:34.000Z","volume":5500,"label":"Y","price":9.2},{"type":"A","date":"2018-04-20T02:43:35.000Z","volume":12500,"label":"Y","price":9.2},{"type":"A","date":"2018-04-20T02:43:37.000Z","volume":6000,"label":"Y","price":9.2},{"type":"A","date":"2018-04-20T02:43:38.000Z","volume":5000,"label":"Y","price":9.2},{"type":"A","date":"2018-04-20T02:43:38.000Z","volume":15500,"label":" ","price":9.2},{"type":"B","date":"2018-04-20T02:43:38.000Z","volume":8500,"label":" ","price":9.2},{"type":"B","date":"2018-04-20T02:43:38.000Z","volume":6500,"label":" ","price":9.2},{"type":"B","date":"2018-04-20T02:43:38.000Z","volume":500,"label":" ","price":9.2},{"type":"B","date":"2018-04-20T02:43:38.000Z","volume":2000,"label":" ","price":9.2},{"type":"B","date":"2018-04-20T02:43:41.000Z","volume":9500,"label":" ","price":9.2},{"type":"B","date":"2018-04-20T02:43:41.000Z","volume":2500,"label":" ","price":9.2},{"type":"B","date":"2018-04-20T02:43:41.000Z","volume":1500,"label":"Y","price":9.2},{"type":"B","date":"2018-04-20T02:43:41.000Z","volume":1000,"label":" ","price":9.2},{"type":"B","date":"2018-04-20T02:43:41.000Z","volume":500,"label":" ","price":9.2},{"type":"B","date":"2018-04-20T02:43:41.000Z","volume":1500,"label":" ","price":9.2},{"type":"B","date":"2018-04-20T02:43:47.000Z","volume":3000,"label":" ","price":9.2},{"type":"B","date":"2018-04-20T02:43:47.000Z","volume":1000,"label":" ","price":9.2},{"type":"B","date":"2018-04-20T02:43:47.000Z","volume":1000,"label":" ","price":9.2},{"type":"B","date":"2018-04-20T02:43:48.000Z","volume":1500,"label":" ","price":9.2},{"type":"B","date":"2018-04-20T02:43:48.000Z","volume":500,"label":" ","price":9.2},{"type":"B","date":"2018-04-20T02:43:48.000Z","volume":500,"label":" ","price":9.2},{"type":"B","date":"2018-04-20T02:43:48.000Z","volume":500,"label":" ","price":9.2},{"type":"B","date":"2018-04-20T02:43:50.000Z","volume":13000,"label":" ","price":9.19},{"type":"A","date":"2018-04-20T02:44:07.000Z","volume":500,"label":"Y","price":9.2},{"type":"B","date":"2018-04-20T02:48:05.000Z","volume":6000,"label":" ","price":9.19},{"type":"A","date":"2018-04-20T02:49:47.000Z","volume":2500,"label":" ","price":9.2},{"type":"A","date":"2018-04-20T02:49:47.000Z","volume":2500,"label":" ","price":9.2},{"type":"A","date":"2018-04-20T02:49:49.000Z","volume":1000,"label":" ","price":9.2},{"type":"A","date":"2018-04-20T02:49:55.000Z","volume":4000,"label":" ","price":9.2},{"type":"A","date":"2018-04-20T02:49:55.000Z","volume":5000,"label":" ","price":9.2},{"type":"A","date":"2018-04-20T02:49:56.000Z","volume":11000,"label":"Y","price":9.2},{"type":"A","date":"2018-04-20T02:49:56.000Z","volume":500,"label":" ","price":9.2},{"type":"A","date":"2018-04-20T02:49:59.000Z","volume":3000,"label":"Y","price":9.2},{"type":"A","date":"2018-04-20T02:50:02.000Z","volume":11500,"label":"Y","price":9.2},{"type":"A","date":"2018-04-20T02:50:03.000Z","volume":3000,"label":"Y","price":9.2},{"type":"A","date":"2018-04-20T02:50:04.000Z","volume":10500,"label":"Y","price":9.2},{"type":"A","date":"2018-04-20T02:50:06.000Z","volume":2500,"label":"Y","price":9.2},{"type":"A","date":"2018-04-20T02:50:07.000Z","volume":8500,"label":"Y","price":9.2},{"type":"A","date":"2018-04-20T02:50:07.000Z","volume":17500,"label":" ","price":9.2},{"type":"U","date":"2018-04-20T02:50:07.000Z","volume":500,"label":"X","price":9.205},{"type":"B","date":"2018-04-20T02:50:07.000Z","volume":6000,"label":" ","price":9.2},{"type":"B","date":"2018-04-20T02:50:07.000Z","volume":1000,"label":" ","price":9.2},{"type":"B","date":"2018-04-20T02:50:10.000Z","volume":500,"label":" ","price":9.2},{"type":"B","date":"2018-04-20T02:50:10.000Z","volume":1500,"label":" ","price":9.2},{"type":"B","date":"2018-04-20T02:50:10.000Z","volume":500,"label":" ","price":9.2},{"type":"B","date":"2018-04-20T02:50:15.000Z","volume":500,"label":" ","price":9.2},{"type":"A","date":"2018-04-20T02:50:51.000Z","volume":500,"label":" ","price":9.21},{"type":"A","date":"2018-04-20T02:51:04.000Z","volume":500,"label":" ","price":9.21},{"type":"A","date":"2018-04-20T02:51:10.000Z","volume":500,"label":" ","price":9.21},{"type":"A","date":"2018-04-20T02:51:11.000Z","volume":500,"label":" ","price":9.21},{"type":"A","date":"2018-04-20T02:51:14.000Z","volume":500,"label":" ","price":9.21},{"type":"A","date":"2018-04-20T02:51:16.000Z","volume":1000,"label":" ","price":9.21},{"type":"A","date":"2018-04-20T02:51:28.000Z","volume":500,"label":" ","price":9.21},{"type":"A","date":"2018-04-20T02:51:28.000Z","volume":500,"label":" ","price":9.21},{"type":"A","date":"2018-04-20T02:51:28.000Z","volume":500,"label":" ","price":9.21},{"type":"A","date":"2018-04-20T02:51:32.000Z","volume":2000,"label":" ","price":9.21},{"type":"A","date":"2018-04-20T02:51:32.000Z","volume":2500,"label":" ","price":9.21},{"type":"A","date":"2018-04-20T02:51:33.000Z","volume":500,"label":" ","price":9.21},{"type":"A","date":"2018-04-20T02:51:38.000Z","volume":500,"label":" ","price":9.21},{"type":"A","date":"2018-04-20T02:51:40.000Z","volume":1000,"label":" ","price":9.21},{"type":"A","date":"2018-04-20T02:51:43.000Z","volume":500,"label":" ","price":9.21},{"type":"A","date":"2018-04-20T02:51:44.000Z","volume":500,"label":" ","price":9.21},{"type":"A","date":"2018-04-20T02:51:52.000Z","volume":500,"label":" ","price":9.21},{"type":"A","date":"2018-04-20T02:51:52.000Z","volume":500,"label":" ","price":9.21},{"type":"A","date":"2018-04-20T02:51:55.000Z","volume":500,"label":" ","price":9.21},{"type":"A","date":"2018-04-20T02:51:58.000Z","volume":500,"label":" ","price":9.21},{"type":"A","date":"2018-04-20T02:52:08.000Z","volume":500,"label":"Y","price":9.21},{"type":"A","date":"2018-04-20T02:52:08.000Z","volume":500,"label":" ","price":9.21},{"type":"A","date":"2018-04-20T02:52:13.000Z","volume":500,"label":"Y","price":9.21},{"type":"A","date":"2018-04-20T02:52:13.000Z","volume":500,"label":"Y","price":9.21},{"type":"A","date":"2018-04-20T02:52:22.000Z","volume":1000,"label":"Y","price":9.21},{"type":"A","date":"2018-04-20T02:52:22.000Z","volume":500,"label":"Y","price":9.21},{"type":"A","date":"2018-04-20T02:52:29.000Z","volume":500,"label":"Y","price":9.21},{"type":"B","date":"2018-04-20T02:52:30.000Z","volume":1500,"label":" ","price":9.19},{"type":"U","date":"2018-04-20T02:52:30.000Z","volume":500,"label":" ","price":9.2},{"type":"A","date":"2018-04-20T02:52:34.000Z","volume":1000,"label":" ","price":9.2},{"type":"A","date":"2018-04-20T02:52:37.000Z","volume":500,"label":" ","price":9.2},{"type":"A","date":"2018-04-20T02:52:37.000Z","volume":500,"label":" ","price":9.2},{"type":"A","date":"2018-04-20T02:52:40.000Z","volume":500,"label":" ","price":9.2},{"type":"A","date":"2018-04-20T02:52:41.000Z","volume":500,"label":" ","price":9.2},{"type":"A","date":"2018-04-20T02:52:46.000Z","volume":500,"label":" ","price":9.2},{"type":"A","date":"2018-04-20T02:52:46.000Z","volume":500,"label":" ","price":9.2},{"type":"A","date":"2018-04-20T02:52:58.000Z","volume":1000,"label":" ","price":9.2},{"type":"A","date":"2018-04-20T02:52:58.000Z","volume":500,"label":" ","price":9.2},{"type":"A","date":"2018-04-20T02:52:58.000Z","volume":500,"label":" ","price":9.2},{"type":"A","date":"2018-04-20T02:53:05.000Z","volume":500,"label":" ","price":9.2},{"type":"A","date":"2018-04-20T02:53:12.000Z","volume":500,"label":" ","price":9.2},{"type":"A","date":"2018-04-20T02:53:14.000Z","volume":500,"label":" ","price":9.2},{"type":"A","date":"2018-04-20T02:53:15.000Z","volume":500,"label":" ","price":9.2},{"type":"A","date":"2018-04-20T02:53:17.000Z","volume":2000,"label":" ","price":9.2},{"type":"A","date":"2018-04-20T02:53:17.000Z","volume":1000,"label":" ","price":9.2},{"type":"A","date":"2018-04-20T02:53:19.000Z","volume":500,"label":" ","price":9.2},{"type":"A","date":"2018-04-20T02:53:20.000Z","volume":500,"label":" ","price":9.2},{"type":"A","date":"2018-04-20T02:53:22.000Z","volume":500,"label":" ","price":9.2},{"type":"A","date":"2018-04-20T02:53:23.000Z","volume":500,"label":" ","price":9.2},{"type":"A","date":"2018-04-20T02:53:25.000Z","volume":1000,"label":" ","price":9.2},{"type":"A","date":"2018-04-20T02:53:34.000Z","volume":500,"label":" ","price":9.2},{"type":"A","date":"2018-04-20T02:53:34.000Z","volume":500,"label":" ","price":9.2},{"type":"A","date":"2018-04-20T02:53:37.000Z","volume":1000,"label":" ","price":9.2},{"type":"A","date":"2018-04-20T02:53:37.000Z","volume":500,"label":" ","price":9.2},{"type":"A","date":"2018-04-20T02:53:38.000Z","volume":500,"label":" ","price":9.2},{"type":"A","date":"2018-04-20T02:53:38.000Z","volume":500,"label":" ","price":9.2},{"type":"A","date":"2018-04-20T02:53:43.000Z","volume":500,"label":" ","price":9.2},{"type":"A","date":"2018-04-20T02:53:43.000Z","volume":500,"label":" ","price":9.2},{"type":"A","date":"2018-04-20T02:53:49.000Z","volume":500,"label":" ","price":9.2},{"type":"A","date":"2018-04-20T02:53:55.000Z","volume":500,"label":" ","price":9.2},{"type":"A","date":"2018-04-20T02:53:57.000Z","volume":500,"label":" ","price":9.2},{"type":"A","date":"2018-04-20T02:54:01.000Z","volume":1000,"label":" ","price":9.2},{"type":"A","date":"2018-04-20T02:54:01.000Z","volume":500,"label":" ","price":9.2},{"type":"A","date":"2018-04-20T02:54:04.000Z","volume":500,"label":" ","price":9.2},{"type":"A","date":"2018-04-20T02:54:07.000Z","volume":500,"label":" ","price":9.2},{"type":"A","date":"2018-04-20T02:54:12.000Z","volume":500,"label":" ","price":9.2},{"type":"A","date":"2018-04-20T02:54:13.000Z","volume":500,"label":" ","price":9.2},{"type":"A","date":"2018-04-20T02:54:14.000Z","volume":500,"label":" ","price":9.2},{"type":"A","date":"2018-04-20T02:54:15.000Z","volume":500,"label":" ","price":9.2},{"type":"B","date":"2018-04-20T02:54:20.000Z","volume":6000,"label":" ","price":9.18},{"type":"B","date":"2018-04-20T02:54:20.000Z","volume":20500,"label":" ","price":9.17},{"type":"B","date":"2018-04-20T02:54:20.000Z","volume":2000,"label":" ","price":9.18},{"type":"B","date":"2018-04-20T02:54:20.000Z","volume":500,"label":" ","price":9.18},{"type":"A","date":"2018-04-20T02:54:21.000Z","volume":500,"label":" ","price":9.18},{"type":"A","date":"2018-04-20T02:54:21.000Z","volume":1500,"label":" ","price":9.18},{"type":"U","date":"2018-04-20T02:54:22.000Z","volume":500,"label":" ","price":9.18},{"type":"A","date":"2018-04-20T02:54:25.000Z","volume":1000,"label":" ","price":9.19},{"type":"A","date":"2018-04-20T02:54:28.000Z","volume":500,"label":" ","price":9.19},{"type":"A","date":"2018-04-20T02:54:34.000Z","volume":500,"label":" ","price":9.19},{"type":"A","date":"2018-04-20T02:54:35.000Z","volume":500,"label":" ","price":9.19},{"type":"A","date":"2018-04-20T02:54:37.000Z","volume":500,"label":" ","price":9.19},{"type":"A","date":"2018-04-20T02:54:37.000Z","volume":500,"label":" ","price":9.19},{"type":"A","date":"2018-04-20T02:54:43.000Z","volume":500,"label":" ","price":9.19},{"type":"A","date":"2018-04-20T02:54:49.000Z","volume":1000,"label":" ","price":9.19},{"type":"A","date":"2018-04-20T02:54:55.000Z","volume":500,"label":" ","price":9.19},{"type":"A","date":"2018-04-20T02:55:01.000Z","volume":500,"label":" ","price":9.19},{"type":"A","date":"2018-04-20T02:55:01.000Z","volume":500,"label":" ","price":9.19},{"type":"A","date":"2018-04-20T02:55:08.000Z","volume":500,"label":" ","price":9.19},{"type":"A","date":"2018-04-20T02:55:11.000Z","volume":500,"label":" ","price":9.19},{"type":"A","date":"2018-04-20T02:55:12.000Z","volume":500,"label":" ","price":9.19},{"type":"A","date":"2018-04-20T02:55:13.000Z","volume":1000,"label":" ","price":9.19},{"type":"A","date":"2018-04-20T02:55:13.000Z","volume":500,"label":" ","price":9.19},{"type":"A","date":"2018-04-20T02:55:14.000Z","volume":500,"label":" ","price":9.19},{"type":"A","date":"2018-04-20T02:55:22.000Z","volume":500,"label":" ","price":9.19},{"type":"A","date":"2018-04-20T02:55:23.000Z","volume":500,"label":" ","price":9.19},{"type":"A","date":"2018-04-20T02:55:25.000Z","volume":500,"label":" ","price":9.19},{"type":"A","date":"2018-04-20T02:55:31.000Z","volume":500,"label":" ","price":9.19},{"type":"A","date":"2018-04-20T02:55:32.000Z","volume":500,"label":" ","price":9.19},{"type":"A","date":"2018-04-20T02:55:37.000Z","volume":1000,"label":" ","price":9.19},{"type":"A","date":"2018-04-20T02:55:37.000Z","volume":500,"label":" ","price":9.19},{"type":"A","date":"2018-04-20T02:55:37.000Z","volume":500,"label":" ","price":9.19},{"type":"A","date":"2018-04-20T02:55:43.000Z","volume":500,"label":" ","price":9.19},{"type":"A","date":"2018-04-20T02:55:49.000Z","volume":500,"label":" ","price":9.19},{"type":"A","date":"2018-04-20T02:55:52.000Z","volume":500,"label":" ","price":9.19},{"type":"A","date":"2018-04-20T02:55:56.000Z","volume":500,"label":" ","price":9.19},{"type":"A","date":"2018-04-20T02:55:59.000Z","volume":500,"label":" ","price":9.19},{"type":"A","date":"2018-04-20T02:56:01.000Z","volume":1000,"label":" ","price":9.19},{"type":"A","date":"2018-04-20T02:56:04.000Z","volume":500,"label":" ","price":9.19},{"type":"A","date":"2018-04-20T02:56:13.000Z","volume":500,"label":" ","price":9.19},{"type":"A","date":"2018-04-20T02:56:19.000Z","volume":500,"label":" ","price":9.19},{"type":"A","date":"2018-04-20T02:56:22.000Z","volume":500,"label":" ","price":9.19},{"type":"A","date":"2018-04-20T02:56:22.000Z","volume":500,"label":" ","price":9.19},{"type":"A","date":"2018-04-20T02:56:22.000Z","volume":1000,"label":" ","price":9.19},{"type":"A","date":"2018-04-20T02:56:25.000Z","volume":1000,"label":" ","price":9.19},{"type":"A","date":"2018-04-20T02:56:28.000Z","volume":500,"label":" ","price":9.19},{"type":"A","date":"2018-04-20T02:56:30.000Z","volume":500,"label":" ","price":9.19},{"type":"A","date":"2018-04-20T02:56:32.000Z","volume":500,"label":" ","price":9.19},{"type":"A","date":"2018-04-20T02:56:34.000Z","volume":500,"label":" ","price":9.19},{"type":"A","date":"2018-04-20T02:56:37.000Z","volume":1000,"label":" ","price":9.19},{"type":"A","date":"2018-04-20T02:56:40.000Z","volume":500,"label":" ","price":9.19},{"type":"A","date":"2018-04-20T02:56:47.000Z","volume":2500,"label":" ","price":9.19},{"type":"A","date":"2018-04-20T02:57:04.000Z","volume":500,"label":" ","price":9.2},{"type":"A","date":"2018-04-20T02:57:05.000Z","volume":500,"label":" ","price":9.2},{"type":"A","date":"2018-04-20T02:57:14.000Z","volume":1000,"label":" ","price":9.2},{"type":"A","date":"2018-04-20T02:57:14.000Z","volume":500,"label":" ","price":9.2},{"type":"A","date":"2018-04-20T02:57:19.000Z","volume":500,"label":" ","price":9.2},{"type":"A","date":"2018-04-20T02:57:19.000Z","volume":500,"label":" ","price":9.2},{"type":"A","date":"2018-04-20T02:57:25.000Z","volume":500,"label":"Y","price":9.2},{"type":"A","date":"2018-04-20T02:57:26.000Z","volume":500,"label":"Y","price":9.2},{"type":"A","date":"2018-04-20T02:57:28.000Z","volume":500,"label":"Y","price":9.2},{"type":"A","date":"2018-04-20T02:57:31.000Z","volume":3000,"label":"Y","price":9.2},{"type":"A","date":"2018-04-20T02:57:33.000Z","volume":67000,"label":" ","price":9.2},{"type":"A","date":"2018-04-20T02:57:37.000Z","volume":500,"label":"Y","price":9.21},{"type":"A","date":"2018-04-20T02:57:41.000Z","volume":500,"label":"Y","price":9.21},{"type":"A","date":"2018-04-20T02:57:41.000Z","volume":31500,"label":" ","price":9.21},{"type":"A","date":"2018-04-20T02:57:43.000Z","volume":1000,"label":" ","price":9.22},{"type":"A","date":"2018-04-20T02:57:45.000Z","volume":500,"label":" ","price":9.22},{"type":"A","date":"2018-04-20T02:57:49.000Z","volume":1500,"label":" ","price":9.22},{"type":"A","date":"2018-04-20T02:57:53.000Z","volume":500,"label":" ","price":9.22},{"type":"A","date":"2018-04-20T02:57:53.000Z","volume":15000,"label":" ","price":9.22},{"type":"A","date":"2018-04-20T02:57:53.000Z","volume":16000,"label":" ","price":9.22},{"type":"A","date":"2018-04-20T02:57:59.000Z","volume":500,"label":"Y","price":9.23},{"type":"A","date":"2018-04-20T02:58:13.000Z","volume":500,"label":" ","price":9.23},{"type":"A","date":"2018-04-20T02:58:22.000Z","volume":500,"label":" ","price":9.23},{"type":"A","date":"2018-04-20T02:58:24.000Z","volume":500,"label":" ","price":9.23},{"type":"A","date":"2018-04-20T02:58:28.000Z","volume":1000,"label":" ","price":9.23},{"type":"A","date":"2018-04-20T02:58:28.000Z","volume":500,"label":" ","price":9.23},{"type":"A","date":"2018-04-20T02:58:29.000Z","volume":500,"label":" ","price":9.23},{"type":"A","date":"2018-04-20T02:58:37.000Z","volume":1000,"label":" ","price":9.23},{"type":"B","date":"2018-04-20T02:58:40.000Z","volume":6000,"label":" ","price":9.21},{"type":"A","date":"2018-04-20T02:58:43.000Z","volume":4000,"label":" ","price":9.21},{"type":"A","date":"2018-04-20T02:58:43.000Z","volume":500,"label":" ","price":9.21},{"type":"B","date":"2018-04-20T02:58:45.000Z","volume":2500,"label":" ","price":9.2},{"type":"A","date":"2018-04-20T02:58:49.000Z","volume":500,"label":" ","price":9.2},{"type":"A","date":"2018-04-20T02:58:58.000Z","volume":500,"label":" ","price":9.2},{"type":"A","date":"2018-04-20T02:59:08.000Z","volume":500,"label":" ","price":9.2},{"type":"A","date":"2018-04-20T02:59:16.000Z","volume":1500,"label":" ","price":9.2},{"type":"A","date":"2018-04-20T02:59:21.000Z","volume":4500,"label":" ","price":9.2},{"type":"A","date":"2018-04-20T02:59:27.000Z","volume":500,"label":" ","price":9.21},{"type":"A","date":"2018-04-20T02:59:30.000Z","volume":500,"label":" ","price":9.21},{"type":"A","date":"2018-04-20T02:59:30.000Z","volume":3000,"label":" ","price":9.21},{"type":"A","date":"2018-04-20T02:59:32.000Z","volume":1000,"label":" ","price":9.22},{"type":"A","date":"2018-04-20T02:59:34.000Z","volume":500,"label":" ","price":9.23},{"type":"A","date":"2018-04-20T02:59:39.000Z","volume":500,"label":" ","price":9.23},{"type":"A","date":"2018-04-20T02:59:39.000Z","volume":500,"label":" ","price":9.23},{"type":"A","date":"2018-04-20T02:59:58.000Z","volume":4500,"label":" ","price":9.23},{"type":"A","date":"2018-04-20T02:59:59.000Z","volume":500,"label":" ","price":9.23},{"type":"A","date":"2018-04-20T03:00:01.000Z","volume":1000,"label":" ","price":9.23},{"type":"A","date":"2018-04-20T03:00:10.000Z","volume":1500,"label":" ","price":9.23},{"type":"A","date":"2018-04-20T03:00:13.000Z","volume":500,"label":" ","price":9.23},{"type":"A","date":"2018-04-20T03:00:15.000Z","volume":500,"label":" ","price":9.23},{"type":"A","date":"2018-04-20T03:00:18.000Z","volume":500,"label":" ","price":9.23},{"type":"A","date":"2018-04-20T03:00:18.000Z","volume":500,"label":" ","price":9.23},{"type":"A","date":"2018-04-20T03:00:28.000Z","volume":500,"label":" ","price":9.23},{"type":"A","date":"2018-04-20T03:00:31.000Z","volume":1500,"label":" ","price":9.23},{"type":"A","date":"2018-04-20T03:00:32.000Z","volume":1500,"label":" ","price":9.23},{"type":"A","date":"2018-04-20T03:00:34.000Z","volume":500,"label":" ","price":9.23},{"type":"A","date":"2018-04-20T03:00:43.000Z","volume":500,"label":" ","price":9.23},{"type":"A","date":"2018-04-20T03:00:45.000Z","volume":500,"label":" ","price":9.23},{"type":"B","date":"2018-04-20T03:00:48.000Z","volume":1000,"label":" ","price":9.23},{"type":"A","date":"2018-04-20T03:01:03.000Z","volume":500,"label":" ","price":9.24},{"type":"A","date":"2018-04-20T03:01:05.000Z","volume":500,"label":" ","price":9.24},{"type":"A","date":"2018-04-20T03:01:12.000Z","volume":500,"label":" ","price":9.23},{"type":"A","date":"2018-04-20T03:01:15.000Z","volume":500,"label":" ","price":9.23},{"type":"A","date":"2018-04-20T03:01:31.000Z","volume":6000,"label":" ","price":9.24},{"type":"A","date":"2018-04-20T03:01:31.000Z","volume":1500,"label":" ","price":9.24},{"type":"A","date":"2018-04-20T03:01:33.000Z","volume":500,"label":" ","price":9.24},{"type":"A","date":"2018-04-20T03:01:43.000Z","volume":500,"label":" ","price":9.24},{"type":"A","date":"2018-04-20T03:01:46.000Z","volume":500,"label":" ","price":9.24},{"type":"A","date":"2018-04-20T03:01:47.000Z","volume":2000,"label":" ","price":9.24},{"type":"A","date":"2018-04-20T03:01:52.000Z","volume":1500,"label":" ","price":9.24},{"type":"A","date":"2018-04-20T03:01:52.000Z","volume":500,"label":" ","price":9.24},{"type":"A","date":"2018-04-20T03:01:53.000Z","volume":500,"label":" ","price":9.24},{"type":"A","date":"2018-04-20T03:02:01.000Z","volume":500,"label":"Y","price":9.25},{"type":"B","date":"2018-04-20T03:02:01.000Z","volume":1500,"label":" ","price":9.24},{"type":"B","date":"2018-04-20T03:02:01.000Z","volume":4000,"label":" ","price":9.24},{"type":"A","date":"2018-04-20T03:02:07.000Z","volume":500,"label":" ","price":9.24},{"type":"A","date":"2018-04-20T03:02:10.000Z","volume":500,"label":" ","price":9.24},{"type":"A","date":"2018-04-20T03:02:11.000Z","volume":500,"label":" ","price":9.24},{"type":"A","date":"2018-04-20T03:02:18.000Z","volume":500,"label":" ","price":9.24},{"type":"A","date":"2018-04-20T03:02:20.000Z","volume":500,"label":" ","price":9.24},{"type":"A","date":"2018-04-20T03:02:38.000Z","volume":500,"label":"Y","price":9.25},{"type":"A","date":"2018-04-20T03:02:51.000Z","volume":500,"label":"Y","price":9.25},{"type":"A","date":"2018-04-20T03:03:06.000Z","volume":500,"label":"Y","price":9.25},{"type":"A","date":"2018-04-20T03:03:20.000Z","volume":500,"label":"Y","price":9.25},{"type":"A","date":"2018-04-20T03:03:23.000Z","volume":500,"label":"Y","price":9.25},{"type":"A","date":"2018-04-20T03:03:28.000Z","volume":2000,"label":"Y","price":9.25},{"type":"A","date":"2018-04-20T03:03:34.000Z","volume":2000,"label":"Y","price":9.25},{"type":"A","date":"2018-04-20T03:03:37.000Z","volume":6000,"label":"Y","price":9.25},{"type":"A","date":"2018-04-20T03:03:38.000Z","volume":500,"label":"Y","price":9.25},{"type":"A","date":"2018-04-20T03:03:40.000Z","volume":2000,"label":"Y","price":9.25},{"type":"A","date":"2018-04-20T03:03:46.000Z","volume":500,"label":"Y","price":9.25},{"type":"A","date":"2018-04-20T03:03:48.000Z","volume":500,"label":"Y","price":9.25},{"type":"A","date":"2018-04-20T03:03:52.000Z","volume":500,"label":"Y","price":9.25},{"type":"A","date":"2018-04-20T03:04:05.000Z","volume":500,"label":" ","price":9.25},{"type":"A","date":"2018-04-20T03:04:06.000Z","volume":500,"label":" ","price":9.25},{"type":"A","date":"2018-04-20T03:04:08.000Z","volume":500,"label":" ","price":9.25},{"type":"A","date":"2018-04-20T03:04:27.000Z","volume":500,"label":" ","price":9.25},{"type":"A","date":"2018-04-20T03:04:35.000Z","volume":500,"label":" ","price":9.25},{"type":"B","date":"2018-04-20T03:04:37.000Z","volume":22500,"label":"Y","price":9.24},{"type":"B","date":"2018-04-20T03:04:37.000Z","volume":4000,"label":" ","price":9.24},{"type":"A","date":"2018-04-20T03:04:39.000Z","volume":500,"label":"Y","price":9.24},{"type":"A","date":"2018-04-20T03:04:41.000Z","volume":500,"label":"Y","price":9.24},{"type":"A","date":"2018-04-20T03:04:55.000Z","volume":500,"label":"Y","price":9.24},{"type":"A","date":"2018-04-20T03:05:12.000Z","volume":500,"label":"Y","price":9.24},{"type":"A","date":"2018-04-20T03:05:34.000Z","volume":7000,"label":"Y","price":9.24},{"type":"A","date":"2018-04-20T03:05:34.000Z","volume":2500,"label":"Y","price":9.24},{"type":"A","date":"2018-04-20T03:05:36.000Z","volume":500,"label":"Y","price":9.24},{"type":"A","date":"2018-04-20T03:05:40.000Z","volume":2500,"label":"Y","price":9.24},{"type":"A","date":"2018-04-20T03:05:44.000Z","volume":500,"label":"Y","price":9.24},{"type":"A","date":"2018-04-20T03:05:55.000Z","volume":500,"label":"Y","price":9.24},{"type":"A","date":"2018-04-20T03:05:57.000Z","volume":500,"label":"Y","price":9.24},{"type":"A","date":"2018-04-20T03:05:58.000Z","volume":2000,"label":"Y","price":9.24},{"type":"A","date":"2018-04-20T03:06:13.000Z","volume":500,"label":"Y","price":9.24},{"type":"A","date":"2018-04-20T03:06:15.000Z","volume":500,"label":"Y","price":9.24},{"type":"A","date":"2018-04-20T03:06:15.000Z","volume":500,"label":"Y","price":9.24},{"type":"A","date":"2018-04-20T03:06:16.000Z","volume":500,"label":"Y","price":9.24},{"type":"A","date":"2018-04-20T03:06:17.000Z","volume":1500,"label":" ","price":9.24},{"type":"A","date":"2018-04-20T03:06:17.000Z","volume":1500,"label":" ","price":9.24},{"type":"A","date":"2018-04-20T03:06:17.000Z","volume":2000,"label":" ","price":9.24},{"type":"A","date":"2018-04-20T03:06:18.000Z","volume":500,"label":" ","price":9.24},{"type":"A","date":"2018-04-20T03:06:32.000Z","volume":500,"label":" ","price":9.24},{"type":"A","date":"2018-04-20T03:06:54.000Z","volume":500,"label":" ","price":9.24},{"type":"A","date":"2018-04-20T03:06:55.000Z","volume":1500,"label":" ","price":9.24},{"type":"A","date":"2018-04-20T03:06:55.000Z","volume":500,"label":" ","price":9.24},{"type":"B","date":"2018-04-20T03:07:11.000Z","volume":8000,"label":" ","price":9.24},{"type":"A","date":"2018-04-20T03:07:19.000Z","volume":500,"label":" ","price":9.23},{"type":"B","date":"2018-04-20T03:07:23.000Z","volume":22000,"label":" ","price":9.22},{"type":"A","date":"2018-04-20T03:07:33.000Z","volume":500,"label":" ","price":9.23},{"type":"A","date":"2018-04-20T03:07:54.000Z","volume":500,"label":" ","price":9.23},{"type":"A","date":"2018-04-20T03:07:57.000Z","volume":500,"label":" ","price":9.23},{"type":"U","date":"2018-04-20T03:08:02.000Z","volume":500,"label":" ","price":9.22},{"type":"A","date":"2018-04-20T03:08:06.000Z","volume":500,"label":" ","price":9.23},{"type":"A","date":"2018-04-20T03:08:12.000Z","volume":500,"label":" ","price":9.23},{"type":"A","date":"2018-04-20T03:08:16.000Z","volume":500,"label":" ","price":9.23},{"type":"B","date":"2018-04-20T03:08:21.000Z","volume":10000,"label":" ","price":9.22},{"type":"A","date":"2018-04-20T03:08:25.000Z","volume":8000,"label":" ","price":9.23},{"type":"A","date":"2018-04-20T03:08:30.000Z","volume":500,"label":" ","price":9.23},{"type":"A","date":"2018-04-20T03:08:48.000Z","volume":500,"label":" ","price":9.23},{"type":"B","date":"2018-04-20T03:09:08.000Z","volume":2000,"label":" ","price":9.22},{"type":"A","date":"2018-04-20T03:09:12.000Z","volume":500,"label":" ","price":9.23},{"type":"A","date":"2018-04-20T03:09:39.000Z","volume":1000,"label":" ","price":9.23},{"type":"A","date":"2018-04-20T03:09:41.000Z","volume":500,"label":" ","price":9.23},{"type":"A","date":"2018-04-20T03:09:57.000Z","volume":500,"label":" ","price":9.23},{"type":"B","date":"2018-04-20T03:10:01.000Z","volume":5500,"label":"Y","price":9.22},{"type":"B","date":"2018-04-20T03:10:01.000Z","volume":3500,"label":" ","price":9.22},{"type":"A","date":"2018-04-20T03:10:05.000Z","volume":500,"label":"Y","price":9.22},{"type":"A","date":"2018-04-20T03:10:21.000Z","volume":500,"label":"Y","price":9.22},{"type":"A","date":"2018-04-20T03:10:27.000Z","volume":500,"label":"Y","price":9.22},{"type":"A","date":"2018-04-20T03:10:44.000Z","volume":500,"label":"Y","price":9.22},{"type":"A","date":"2018-04-20T03:10:59.000Z","volume":500,"label":"Y","price":9.22},{"type":"A","date":"2018-04-20T03:11:01.000Z","volume":9500,"label":"Y","price":9.22},{"type":"A","date":"2018-04-20T03:11:02.000Z","volume":3000,"label":"Y","price":9.22},{"type":"A","date":"2018-04-20T03:11:20.000Z","volume":1000,"label":"Y","price":9.22},{"type":"A","date":"2018-04-20T03:11:21.000Z","volume":500,"label":"Y","price":9.22},{"type":"A","date":"2018-04-20T03:11:23.000Z","volume":500,"label":"Y","price":9.22},{"type":"A","date":"2018-04-20T03:11:25.000Z","volume":1000,"label":"Y","price":9.22},{"type":"A","date":"2018-04-20T03:11:35.000Z","volume":3000,"label":"Y","price":9.22},{"type":"A","date":"2018-04-20T03:11:36.000Z","volume":500,"label":"Y","price":9.22},{"type":"A","date":"2018-04-20T03:11:37.000Z","volume":500,"label":"Y","price":9.22},{"type":"A","date":"2018-04-20T03:11:39.000Z","volume":500,"label":"Y","price":9.22},{"type":"B","date":"2018-04-20T03:11:39.000Z","volume":12000,"label":" ","price":9.21},{"type":"A","date":"2018-04-20T03:11:48.000Z","volume":500,"label":"Y","price":9.22},{"type":"A","date":"2018-04-20T03:12:47.000Z","volume":500,"label":"Y","price":9.22},{"type":"A","date":"2018-04-20T03:12:49.000Z","volume":3000,"label":"Y","price":9.22},{"type":"A","date":"2018-04-20T03:12:57.000Z","volume":500,"label":"Y","price":9.22},{"type":"A","date":"2018-04-20T03:13:02.000Z","volume":500,"label":"Y","price":9.22},{"type":"B","date":"2018-04-20T03:13:27.000Z","volume":10000,"label":" ","price":9.21},{"type":"A","date":"2018-04-20T03:13:32.000Z","volume":500,"label":"Y","price":9.22},{"type":"A","date":"2018-04-20T03:13:44.000Z","volume":500,"label":"Y","price":9.22},{"type":"B","date":"2018-04-20T03:13:46.000Z","volume":10000,"label":" ","price":9.21},{"type":"A","date":"2018-04-20T03:13:48.000Z","volume":500,"label":" ","price":9.21},{"type":"A","date":"2018-04-20T03:13:48.000Z","volume":1000,"label":" ","price":9.21},{"type":"A","date":"2018-04-20T03:13:51.000Z","volume":500,"label":" ","price":9.21},{"type":"A","date":"2018-04-20T03:14:00.000Z","volume":500,"label":" ","price":9.21},{"type":"B","date":"2018-04-20T03:14:06.000Z","volume":10000,"label":" ","price":9.2},{"type":"A","date":"2018-04-20T03:14:19.000Z","volume":500,"label":" ","price":9.21},{"type":"A","date":"2018-04-20T03:14:19.000Z","volume":500,"label":" ","price":9.21},{"type":"A","date":"2018-04-20T03:14:42.000Z","volume":500,"label":" ","price":9.21},{"type":"A","date":"2018-04-20T03:14:47.000Z","volume":2000,"label":" ","price":9.21},{"type":"A","date":"2018-04-20T03:14:48.000Z","volume":2500,"label":" ","price":9.21},{"type":"A","date":"2018-04-20T03:15:03.000Z","volume":500,"label":" ","price":9.21},{"type":"A","date":"2018-04-20T03:15:29.000Z","volume":6500,"label":" ","price":9.21},{"type":"A","date":"2018-04-20T03:15:45.000Z","volume":5500,"label":"Y","price":9.22},{"type":"B","date":"2018-04-20T03:15:53.000Z","volume":4500,"label":"Y","price":9.2},{"type":"B","date":"2018-04-20T03:15:53.000Z","volume":40500,"label":" ","price":9.2},{"type":"A","date":"2018-04-20T03:15:56.000Z","volume":500,"label":"Y","price":9.2},{"type":"B","date":"2018-04-20T03:16:00.000Z","volume":20000,"label":" ","price":9.19},{"type":"B","date":"2018-04-20T03:16:09.000Z","volume":10000,"label":" ","price":9.19},{"type":"B","date":"2018-04-20T03:16:11.000Z","volume":1500,"label":" ","price":9.19},{"type":"A","date":"2018-04-20T03:16:30.000Z","volume":500,"label":"Y","price":9.19},{"type":"A","date":"2018-04-20T03:16:59.000Z","volume":500,"label":" ","price":9.19},{"type":"A","date":"2018-04-20T03:17:03.000Z","volume":500,"label":" ","price":9.19},{"type":"A","date":"2018-04-20T03:17:17.000Z","volume":10000,"label":" ","price":9.19},{"type":"A","date":"2018-04-20T03:17:25.000Z","volume":500,"label":"Y","price":9.2},{"type":"A","date":"2018-04-20T03:17:47.000Z","volume":500,"label":"Y","price":9.2},{"type":"A","date":"2018-04-20T03:18:13.000Z","volume":500,"label":"Y","price":9.2},{"type":"A","date":"2018-04-20T03:18:34.000Z","volume":500,"label":"Y","price":9.2},{"type":"A","date":"2018-04-20T03:18:50.000Z","volume":1500,"label":"Y","price":9.2},{"type":"A","date":"2018-04-20T03:18:51.000Z","volume":1500,"label":"Y","price":9.2},{"type":"A","date":"2018-04-20T03:18:58.000Z","volume":49500,"label":" ","price":9.2},{"type":"A","date":"2018-04-20T03:19:09.000Z","volume":500,"label":" ","price":9.21},{"type":"A","date":"2018-04-20T03:19:17.000Z","volume":500,"label":" ","price":9.21},{"type":"A","date":"2018-04-20T03:19:17.000Z","volume":500,"label":" ","price":9.21},{"type":"A","date":"2018-04-20T03:19:18.000Z","volume":500,"label":" ","price":9.21},{"type":"A","date":"2018-04-20T03:19:19.000Z","volume":4500,"label":" ","price":9.21},{"type":"B","date":"2018-04-20T03:19:23.000Z","volume":500,"label":"Y","price":9.18},{"type":"B","date":"2018-04-20T03:19:23.000Z","volume":500,"label":" ","price":9.18},{"type":"A","date":"2018-04-20T03:19:23.000Z","volume":13000,"label":" ","price":9.21},{"type":"A","date":"2018-04-20T03:19:26.000Z","volume":500,"label":" ","price":9.21},{"type":"A","date":"2018-04-20T03:19:30.000Z","volume":4000,"label":"Y","price":9.21},{"type":"A","date":"2018-04-20T03:19:30.000Z","volume":2000,"label":"Y","price":9.21},{"type":"A","date":"2018-04-20T03:19:33.000Z","volume":500,"label":"Y","price":9.21},{"type":"A","date":"2018-04-20T03:19:35.000Z","volume":4000,"label":"Y","price":9.21},{"type":"A","date":"2018-04-20T03:20:03.000Z","volume":500,"label":" ","price":9.2},{"type":"A","date":"2018-04-20T03:20:24.000Z","volume":500,"label":" ","price":9.2},{"type":"A","date":"2018-04-20T03:20:42.000Z","volume":500,"label":" ","price":9.2},{"type":"A","date":"2018-04-20T03:20:43.000Z","volume":500,"label":" ","price":9.2},{"type":"A","date":"2018-04-20T03:20:47.000Z","volume":500,"label":" ","price":9.2},{"type":"A","date":"2018-04-20T03:21:32.000Z","volume":500,"label":" ","price":9.2},{"type":"A","date":"2018-04-20T03:21:39.000Z","volume":500,"label":" ","price":9.2},{"type":"A","date":"2018-04-20T03:21:41.000Z","volume":500,"label":" ","price":9.2},{"type":"A","date":"2018-04-20T03:21:46.000Z","volume":25000,"label":" ","price":9.2},{"type":"A","date":"2018-04-20T03:21:47.000Z","volume":1500,"label":" ","price":9.21},{"type":"A","date":"2018-04-20T03:21:47.000Z","volume":500,"label":" ","price":9.21},{"type":"A","date":"2018-04-20T03:21:47.000Z","volume":2000,"label":" ","price":9.21},{"type":"A","date":"2018-04-20T03:21:55.000Z","volume":3000,"label":" ","price":9.21},{"type":"A","date":"2018-04-20T03:21:57.000Z","volume":500,"label":"Y","price":9.21},{"type":"A","date":"2018-04-20T03:21:58.000Z","volume":2500,"label":" ","price":9.21},{"type":"A","date":"2018-04-20T03:22:07.000Z","volume":500,"label":" ","price":9.21},{"type":"A","date":"2018-04-20T03:22:07.000Z","volume":2000,"label":" ","price":9.21},{"type":"A","date":"2018-04-20T03:22:14.000Z","volume":12500,"label":" ","price":9.21},{"type":"A","date":"2018-04-20T03:22:28.000Z","volume":500,"label":"Y","price":9.22},{"type":"A","date":"2018-04-20T03:22:31.000Z","volume":500,"label":"Y","price":9.22},{"type":"A","date":"2018-04-20T03:22:56.000Z","volume":4500,"label":"Y","price":9.22},{"type":"A","date":"2018-04-20T03:22:59.000Z","volume":500,"label":"Y","price":9.22},{"type":"A","date":"2018-04-20T03:23:02.000Z","volume":5000,"label":"Y","price":9.22},{"type":"A","date":"2018-04-20T03:23:10.000Z","volume":2000,"label":"Y","price":9.22},{"type":"A","date":"2018-04-20T03:23:12.000Z","volume":2000,"label":"Y","price":9.22},{"type":"B","date":"2018-04-20T03:23:13.000Z","volume":46500,"label":"Y","price":9.2},{"type":"B","date":"2018-04-20T03:23:13.000Z","volume":5000,"label":" ","price":9.2},{"type":"A","date":"2018-04-20T03:23:13.000Z","volume":2000,"label":" ","price":9.2},{"type":"A","date":"2018-04-20T03:23:13.000Z","volume":1500,"label":" ","price":9.2},{"type":"A","date":"2018-04-20T03:23:18.000Z","volume":5000,"label":"Y","price":9.2},{"type":"A","date":"2018-04-20T03:23:20.000Z","volume":500,"label":"Y","price":9.2},{"type":"A","date":"2018-04-20T03:23:26.000Z","volume":6000,"label":"Y","price":9.2},{"type":"B","date":"2018-04-20T03:23:47.000Z","volume":5000,"label":" ","price":9.19},{"type":"A","date":"2018-04-20T03:25:25.000Z","volume":500,"label":"Y","price":9.2},{"type":"A","date":"2018-04-20T03:25:36.000Z","volume":500,"label":"Y","price":9.2},{"type":"A","date":"2018-04-20T03:25:46.000Z","volume":500,"label":"Y","price":9.2},{"type":"A","date":"2018-04-20T03:25:54.000Z","volume":500,"label":"Y","price":9.2},{"type":"A","date":"2018-04-20T03:25:54.000Z","volume":500,"label":"Y","price":9.2},{"type":"A","date":"2018-04-20T03:26:17.000Z","volume":500,"label":"Y","price":9.2},{"type":"A","date":"2018-04-20T03:26:19.000Z","volume":500,"label":"Y","price":9.2},{"type":"A","date":"2018-04-20T03:26:48.000Z","volume":500,"label":"Y","price":9.2},{"type":"A","date":"2018-04-20T03:26:52.000Z","volume":500,"label":"Y","price":9.2},{"type":"A","date":"2018-04-20T03:26:57.000Z","volume":500,"label":"Y","price":9.2},{"type":"A","date":"2018-04-20T03:27:25.000Z","volume":500,"label":"Y","price":9.2},{"type":"A","date":"2018-04-20T03:27:28.000Z","volume":2500,"label":"Y","price":9.2},{"type":"A","date":"2018-04-20T03:27:33.000Z","volume":2000,"label":"Y","price":9.2},{"type":"A","date":"2018-04-20T03:27:36.000Z","volume":2000,"label":"Y","price":9.2},{"type":"A","date":"2018-04-20T03:27:42.000Z","volume":500,"label":"Y","price":9.2},{"type":"A","date":"2018-04-20T03:27:43.000Z","volume":5500,"label":"Y","price":9.2},{"type":"A","date":"2018-04-20T03:27:50.000Z","volume":500,"label":"Y","price":9.2},{"type":"A","date":"2018-04-20T03:27:51.000Z","volume":500,"label":"Y","price":9.2},{"type":"A","date":"2018-04-20T03:27:51.000Z","volume":6000,"label":"Y","price":9.2},{"type":"A","date":"2018-04-20T03:27:52.000Z","volume":500,"label":"Y","price":9.2},{"type":"A","date":"2018-04-20T03:28:05.000Z","volume":5500,"label":" ","price":9.19},{"type":"A","date":"2018-04-20T03:28:05.000Z","volume":500,"label":" ","price":9.19},{"type":"A","date":"2018-04-20T03:28:11.000Z","volume":17000,"label":" ","price":9.19},{"type":"A","date":"2018-04-20T03:28:18.000Z","volume":500,"label":" ","price":9.19},{"type":"A","date":"2018-04-20T03:28:18.000Z","volume":500,"label":" ","price":9.19},{"type":"A","date":"2018-04-20T03:28:26.000Z","volume":500,"label":" ","price":9.19},{"type":"A","date":"2018-04-20T03:28:58.000Z","volume":500,"label":" ","price":9.19},{"type":"A","date":"2018-04-20T03:29:02.000Z","volume":1500,"label":" ","price":9.19},{"type":"A","date":"2018-04-20T03:29:02.000Z","volume":2000,"label":" ","price":9.19},{"type":"B","date":"2018-04-20T03:29:04.000Z","volume":20000,"label":"Y","price":9.17},{"type":"B","date":"2018-04-20T03:29:40.000Z","volume":1500,"label":" ","price":9.17},{"type":"A","date":"2018-04-20T03:30:09.000Z","volume":500,"label":" ","price":9.19},{"type":"A","date":"2018-04-20T03:30:09.000Z","volume":500,"label":" ","price":9.19},{"type":"A","date":"2018-04-20T03:30:15.000Z","volume":500,"label":" ","price":9.19},{"type":"A","date":"2018-04-20T03:30:56.000Z","volume":1500,"label":" ","price":9.19},{"type":"A","date":"2018-04-20T03:31:04.000Z","volume":500,"label":" ","price":9.19},{"type":"A","date":"2018-04-20T03:31:07.000Z","volume":500,"label":" ","price":9.19},{"type":"A","date":"2018-04-20T03:31:07.000Z","volume":500,"label":" ","price":9.19},{"type":"A","date":"2018-04-20T03:31:43.000Z","volume":500,"label":" ","price":9.19},{"type":"A","date":"2018-04-20T03:31:45.000Z","volume":500,"label":" ","price":9.19},{"type":"A","date":"2018-04-20T03:31:54.000Z","volume":500,"label":" ","price":9.19},{"type":"A","date":"2018-04-20T03:31:55.000Z","volume":1500,"label":" ","price":9.19},{"type":"A","date":"2018-04-20T03:31:57.000Z","volume":500,"label":" ","price":9.19},{"type":"A","date":"2018-04-20T03:32:04.000Z","volume":500,"label":" ","price":9.19},{"type":"A","date":"2018-04-20T03:32:19.000Z","volume":2500,"label":" ","price":9.19},{"type":"B","date":"2018-04-20T03:32:31.000Z","volume":9000,"label":" ","price":9.17},{"type":"A","date":"2018-04-20T03:32:33.000Z","volume":500,"label":" ","price":9.19},{"type":"A","date":"2018-04-20T03:32:46.000Z","volume":500,"label":" ","price":9.19},{"type":"A","date":"2018-04-20T03:33:15.000Z","volume":500,"label":" ","price":9.19},{"type":"A","date":"2018-04-20T03:33:15.000Z","volume":1000,"label":" ","price":9.19},{"type":"A","date":"2018-04-20T03:33:17.000Z","volume":1500,"label":" ","price":9.19},{"type":"A","date":"2018-04-20T03:33:17.000Z","volume":2000,"label":" ","price":9.19},{"type":"A","date":"2018-04-20T03:33:22.000Z","volume":500,"label":" ","price":9.19},{"type":"A","date":"2018-04-20T03:33:29.000Z","volume":19500,"label":" ","price":9.19},{"type":"A","date":"2018-04-20T03:33:29.000Z","volume":6000,"label":" ","price":9.19},{"type":"A","date":"2018-04-20T03:33:29.000Z","volume":25500,"label":" ","price":9.19},{"type":"B","date":"2018-04-20T03:33:36.000Z","volume":3500,"label":" ","price":9.19},{"type":"A","date":"2018-04-20T03:33:56.000Z","volume":2500,"label":"Y","price":9.2},{"type":"A","date":"2018-04-20T03:33:58.000Z","volume":2500,"label":"Y","price":9.2},{"type":"B","date":"2018-04-20T03:34:03.000Z","volume":6000,"label":" ","price":9.18},{"type":"A","date":"2018-04-20T03:34:04.000Z","volume":500,"label":" ","price":9.18},{"type":"A","date":"2018-04-20T03:35:07.000Z","volume":10000,"label":" ","price":9.19},{"type":"A","date":"2018-04-20T03:35:13.000Z","volume":500,"label":" ","price":9.19},{"type":"A","date":"2018-04-20T03:35:45.000Z","volume":7000,"label":" ","price":9.19},{"type":"A","date":"2018-04-20T03:35:48.000Z","volume":5500,"label":" ","price":9.19},{"type":"A","date":"2018-04-20T03:35:52.000Z","volume":500,"label":"Y","price":9.2},{"type":"A","date":"2018-04-20T03:35:59.000Z","volume":2000,"label":"Y","price":9.2},{"type":"A","date":"2018-04-20T03:36:07.000Z","volume":500,"label":"Y","price":9.2},{"type":"A","date":"2018-04-20T03:36:58.000Z","volume":500,"label":" ","price":9.2},{"type":"A","date":"2018-04-20T03:37:15.000Z","volume":500,"label":"Y","price":9.2},{"type":"A","date":"2018-04-20T03:37:16.000Z","volume":1500,"label":" ","price":9.2},{"type":"A","date":"2018-04-20T03:37:34.000Z","volume":1000,"label":"Y","price":9.2},{"type":"A","date":"2018-04-20T03:37:49.000Z","volume":1000,"label":"Y","price":9.2},{"type":"A","date":"2018-04-20T03:38:00.000Z","volume":500,"label":"Y","price":9.2},{"type":"A","date":"2018-04-20T03:38:12.000Z","volume":1000,"label":"Y","price":9.2},{"type":"A","date":"2018-04-20T03:38:17.000Z","volume":1500,"label":" ","price":9.2},{"type":"A","date":"2018-04-20T03:38:17.000Z","volume":1500,"label":" ","price":9.2},{"type":"A","date":"2018-04-20T03:38:54.000Z","volume":1000,"label":" ","price":9.19},{"type":"A","date":"2018-04-20T03:39:00.000Z","volume":500,"label":" ","price":9.19},{"type":"A","date":"2018-04-20T03:39:07.000Z","volume":500,"label":" ","price":9.19},{"type":"A","date":"2018-04-20T03:39:12.000Z","volume":500,"label":" ","price":9.19},{"type":"A","date":"2018-04-20T03:39:13.000Z","volume":3000,"label":" ","price":9.19},{"type":"A","date":"2018-04-20T03:39:18.000Z","volume":3000,"label":" ","price":9.19},{"type":"A","date":"2018-04-20T03:39:20.000Z","volume":3000,"label":" ","price":9.19},{"type":"A","date":"2018-04-20T03:39:26.000Z","volume":7000,"label":" ","price":9.19},{"type":"A","date":"2018-04-20T03:39:33.000Z","volume":22000,"label":" ","price":9.19},{"type":"B","date":"2018-04-20T03:39:49.000Z","volume":1000,"label":" ","price":9.19},{"type":"A","date":"2018-04-20T03:39:50.000Z","volume":500,"label":" ","price":9.2},{"type":"A","date":"2018-04-20T03:39:52.000Z","volume":500,"label":"Y","price":9.2},{"type":"A","date":"2018-04-20T03:39:57.000Z","volume":500,"label":"Y","price":9.2},{"type":"A","date":"2018-04-20T03:39:58.000Z","volume":1000,"label":"Y","price":9.2},{"type":"A","date":"2018-04-20T03:40:02.000Z","volume":1500,"label":" ","price":9.2},{"type":"A","date":"2018-04-20T03:40:02.000Z","volume":1500,"label":" ","price":9.2},{"type":"A","date":"2018-04-20T03:40:57.000Z","volume":500,"label":"Y","price":9.2},{"type":"A","date":"2018-04-20T03:41:16.000Z","volume":500,"label":"Y","price":9.2},{"type":"A","date":"2018-04-20T03:41:25.000Z","volume":500,"label":" ","price":9.2},{"type":"B","date":"2018-04-20T03:41:28.000Z","volume":15500,"label":" ","price":9.19},{"type":"B","date":"2018-04-20T03:41:42.000Z","volume":3000,"label":" ","price":9.18},{"type":"A","date":"2018-04-20T03:42:04.000Z","volume":500,"label":" ","price":9.19},{"type":"B","date":"2018-04-20T03:42:23.000Z","volume":9000,"label":" ","price":9.18},{"type":"A","date":"2018-04-20T03:42:30.000Z","volume":8000,"label":" ","price":9.19},{"type":"A","date":"2018-04-20T03:44:15.000Z","volume":20500,"label":" ","price":9.19},{"type":"A","date":"2018-04-20T03:45:31.000Z","volume":500,"label":" ","price":9.2},{"type":"B","date":"2018-04-20T03:45:37.000Z","volume":18000,"label":" ","price":9.18},{"type":"B","date":"2018-04-20T03:46:21.000Z","volume":500,"label":" ","price":9.18},{"type":"A","date":"2018-04-20T03:47:58.000Z","volume":3500,"label":" ","price":9.19},{"type":"A","date":"2018-04-20T03:48:08.000Z","volume":3500,"label":" ","price":9.19},{"type":"A","date":"2018-04-20T03:48:21.000Z","volume":500,"label":" ","price":9.19},{"type":"A","date":"2018-04-20T03:48:24.000Z","volume":9000,"label":" ","price":9.19},{"type":"B","date":"2018-04-20T03:48:55.000Z","volume":8000,"label":" ","price":9.18},{"type":"A","date":"2018-04-20T03:49:00.000Z","volume":3500,"label":" ","price":9.19},{"type":"A","date":"2018-04-20T03:49:11.000Z","volume":500,"label":" ","price":9.19},{"type":"A","date":"2018-04-20T03:49:13.000Z","volume":1000,"label":" ","price":9.19},{"type":"B","date":"2018-04-20T03:49:26.000Z","volume":20500,"label":" ","price":9.18},{"type":"A","date":"2018-04-20T03:49:26.000Z","volume":1500,"label":" ","price":9.18},{"type":"A","date":"2018-04-20T03:49:41.000Z","volume":4500,"label":" ","price":9.19},{"type":"A","date":"2018-04-20T03:50:01.000Z","volume":500,"label":" ","price":9.19},{"type":"B","date":"2018-04-20T03:50:26.000Z","volume":20000,"label":" ","price":9.18},{"type":"B","date":"2018-04-20T03:50:32.000Z","volume":5500,"label":" ","price":9.18},{"type":"A","date":"2018-04-20T03:51:54.000Z","volume":500,"label":" ","price":9.18},{"type":"B","date":"2018-04-20T03:53:31.000Z","volume":26000,"label":" ","price":9.16},{"type":"A","date":"2018-04-20T03:53:32.000Z","volume":1500,"label":" ","price":9.17},{"type":"A","date":"2018-04-20T03:53:32.000Z","volume":1500,"label":" ","price":9.17},{"type":"B","date":"2018-04-20T03:53:44.000Z","volume":34000,"label":" ","price":9.16},{"type":"B","date":"2018-04-20T03:53:44.000Z","volume":12500,"label":" ","price":9.16},{"type":"A","date":"2018-04-20T03:55:02.000Z","volume":1500,"label":" ","price":9.17},{"type":"B","date":"2018-04-20T03:55:12.000Z","volume":2000,"label":" ","price":9.16},{"type":"A","date":"2018-04-20T03:55:41.000Z","volume":500,"label":" ","price":9.17},{"type":"B","date":"2018-04-20T03:55:50.000Z","volume":500,"label":" ","price":9.17},{"type":"A","date":"2018-04-20T03:56:02.000Z","volume":500,"label":" ","price":9.18},{"type":"A","date":"2018-04-20T03:57:11.000Z","volume":1000,"label":" ","price":9.18},{"type":"B","date":"2018-04-20T03:57:45.000Z","volume":20000,"label":" ","price":9.17},{"type":"B","date":"2018-04-20T03:57:45.000Z","volume":500,"label":" ","price":9.17},{"type":"B","date":"2018-04-20T03:57:45.000Z","volume":500,"label":" ","price":9.16},{"type":"B","date":"2018-04-20T03:57:45.000Z","volume":500,"label":" ","price":9.16},{"type":"B","date":"2018-04-20T03:57:45.000Z","volume":1000,"label":" ","price":9.16},{"type":"B","date":"2018-04-20T03:57:50.000Z","volume":1500,"label":" ","price":9.16},{"type":"A","date":"2018-04-20T03:58:32.000Z","volume":500,"label":" ","price":9.17},{"type":"A","date":"2018-04-20T03:58:41.000Z","volume":500,"label":" ","price":9.17},{"type":"A","date":"2018-04-20T03:59:27.000Z","volume":1000,"label":" ","price":9.18},{"type":"A","date":"2018-04-20T03:59:39.000Z","volume":31000,"label":" ","price":9.19},{"type":"A","date":"2018-04-20T03:59:47.000Z","volume":500,"label":" ","price":9.19},{"type":"B","date":"2018-04-20T03:59:51.000Z","volume":3000,"label":" ","price":9.17},{"type":"B","date":"2018-04-20T03:59:51.000Z","volume":1000,"label":" ","price":9.17},{"type":"A","date":"2018-04-20T05:00:07.000Z","volume":1000,"label":" ","price":9.19},{"type":"B","date":"2018-04-20T05:00:07.000Z","volume":500,"label":" ","price":9.19},{"type":"B","date":"2018-04-20T05:00:07.000Z","volume":3000,"label":" ","price":9.19},{"type":"B","date":"2018-04-20T05:00:08.000Z","volume":500,"label":" ","price":9.19},{"type":"B","date":"2018-04-20T05:00:14.000Z","volume":1000,"label":" ","price":9.19},{"type":"U","date":"2018-04-20T05:00:17.000Z","volume":500,"label":" ","price":9.19},{"type":"A","date":"2018-04-20T05:00:21.000Z","volume":3500,"label":"Y","price":9.2},{"type":"A","date":"2018-04-20T05:00:21.000Z","volume":7500,"label":" ","price":9.2},{"type":"A","date":"2018-04-20T05:00:28.000Z","volume":11000,"label":" ","price":9.2},{"type":"B","date":"2018-04-20T05:00:29.000Z","volume":1000,"label":" ","price":9.19},{"type":"B","date":"2018-04-20T05:00:42.000Z","volume":3500,"label":"Y","price":9.19},{"type":"B","date":"2018-04-20T05:00:42.000Z","volume":500,"label":" ","price":9.19}