[{"type":"U","date":"2018-03-22T01:20:00.000Z","volume":8000,"label":"U","price":0.32},{"type":"B","date":"2018-03-22T01:36:41.000Z","volume":80000,"label":" ","price":0.305},{"type":"A","date":"2018-03-22T01:46:08.000Z","volume":104000,"label":" ","price":0.305},{"type":"A","date":"2018-03-22T01:51:45.000Z","volume":296000,"label":" ","price":0.305},{"type":"B","date":"2018-03-22T01:52:16.000Z","volume":232000,"label":" ","price":0.3},{"type":"A","date":"2018-03-22T03:57:13.000Z","volume":48000,"label":" ","price":0.305},{"type":"A","date":"2018-03-22T03:59:45.000Z","volume":128000,"label":" ","price":0.31},{"type":"A","date":"2018-03-22T05:10:28.000Z","volume":24000,"label":" ","price":0.31},{"type":"A","date":"2018-03-22T05:10:28.000Z","volume":304000,"label":" ","price":0.315},{"type":"A","date":"2018-03-22T05:31:34.000Z","volume":240000,"label":" ","price":0.315},{"type":"A","date":"2018-03-22T05:35:30.000Z","volume":240000,"label":" ","price":0.315},{"type":"A","date":"2018-03-22T05:38:44.000Z","volume":192000,"label":" ","price":0.315},{"type":"A","date":"2018-03-22T05:40:00.000Z","volume":168000,"label":" ","price":0.315},{"type":"B","date":"2018-03-22T05:40:41.000Z","volume":120000,"label":" ","price":0.31},{"type":"A","date":"2018-03-22T06:10:31.000Z","volume":120000,"label":" ","price":0.315},{"type":"A","date":"2018-03-22T07:06:13.000Z","volume":240000,"label":" ","price":0.315},{"type":"A","date":"2018-03-22T07:14:47.000Z","volume":1216000,"label":" ","price":0.315},{"type":"A","date":"2018-03-22T07:33:43.000Z","volume":600000,"label":" ","price":0.32},{"type":"A","date":"2018-03-22T07:33:56.000Z","volume":192000,"label":" ","price":0.32},{"type":"A","date":"2018-03-22T07:34:16.000Z","volume":16000,"label":" ","price":0.32},{"type":"A","date":"2018-03-22T07:34:36.000Z","volume":144000,"label":" ","price":0.32},{"type":"A","date":"2018-03-22T07:36:07.000Z","volume":160000,"label":" ","price":0.325},{"type":"A","date":"2018-03-22T07:36:47.000Z","volume":160000,"label":" ","price":0.33},{"type":"A","date":"2018-03-22T07:36:55.000Z","volume":80000,"label":" ","price":0.33},{"type":"A","date":"2018-03-22T07:37:08.000Z","volume":16000,"label":" ","price":0.335},{"type":"B","date":"2018-03-22T07:37:15.000Z","volume":8000,"label":" ","price":0.335},{"type":"A","date":"2018-03-22T07:37:27.000Z","volume":32000,"label":" ","price":0.335},{"type":"A","date":"2018-03-22T07:38:31.000Z","volume":112000,"label":" ","price":0.34},{"type":"A","date":"2018-03-22T07:38:31.000Z","volume":160000,"label":" ","price":0.345},{"type":"A","date":"2018-03-22T07:38:31.000Z","volume":208000,"label":" ","price":0.35},{"type":"A","date":"2018-03-22T07:38:45.000Z","volume":104000,"label":" ","price":0.35},{"type":"A","date":"2018-03-22T07:38:54.000Z","volume":200000,"label":" ","price":0.35},{"type":"A","date":"2018-03-22T07:38:56.000Z","volume":16000,"label":" ","price":0.35},{"type":"A","date":"2018-03-22T07:39:09.000Z","volume":16000,"label":" ","price":0.355},{"type":"A","date":"2018-03-22T07:39:10.000Z","volume":72000,"label":" ","price":0.355},{"type":"A","date":"2018-03-22T07:39:17.000Z","volume":104000,"label":" ","price":0.355},{"type":"B","date":"2018-03-22T07:39:18.000Z","volume":64000,"label":" ","price":0.35},{"type":"B","date":"2018-03-22T07:39:37.000Z","volume":96000,"label":" ","price":0.355},{"type":"A","date":"2018-03-22T07:39:45.000Z","volume":96000,"label":" ","price":0.355},{"type":"A","date":"2018-03-22T07:40:00.000Z","volume":32000,"label":" ","price":0.355},{"type":"A","date":"2018-03-22T07:40:50.000Z","volume":48000,"label":" ","price":0.36},{"type":"A","date":"2018-03-22T07:42:07.000Z","volume":8000,"label":" ","price":0.36},{"type":"A","date":"2018-03-22T07:42:43.000Z","volume":8000,"label":" ","price":0.355},{"type":"A","date":"2018-03-22T07:42:54.000Z","volume":72000,"label":" ","price":0.355},{"type":"B","date":"2018-03-22T07:45:01.000Z","volume":80000,"label":" ","price":0.35},{"type":"B","date":"2018-03-22T07:45:04.000Z","volume":24000,"label":" ","price":0.35},{"type":"B","date":"2018-03-22T07:45:42.000Z","volume":96000,"label":" ","price":0.345},{"type":"B","date":"2018-03-22T07:52:05.000Z","volume":160000,"label":" ","price":0.34},{"type":"A","date":"2018-03-22T07:53:13.000Z","volume":16000,"label":" ","price":0.345},{"type":"B","date":"2018-03-22T07:55:05.000Z","volume":8000,"label":" ","price":0.335},{"type":"B","date":"2018-03-22T07:55:09.000Z","volume":120000,"label":" ","price":0.335},{"type":"B","date":"2018-03-22T07:56:38.000Z","volume":104000,"label":" ","price":0.33},{"type":"B","date":"2018-03-22T07:58:10.000Z","volume":120000,"label":" ","price":0.335}]