[{"type":"U","date":"2018-04-16T01:02:16.000Z","volume":373200,"label":"P","price":6.826},{"type":"U","date":"2018-04-16T01:02:21.000Z","volume":1492800,"label":"P","price":6.827},{"type":"U","date":"2018-04-16T01:05:00.000Z","volume":1605600,"label":"P","price":6.821},{"type":"U","date":"2018-04-16T01:05:00.000Z","volume":178400,"label":"P","price":6.822},{"type":"U","date":"2018-04-16T01:05:00.000Z","volume":10000,"label":"P","price":6.878},{"type":"U","date":"2018-04-16T01:05:01.000Z","volume":58000,"label":"P","price":6.814},{"type":"U","date":"2018-04-16T01:20:00.000Z","volume":1234000,"label":"U","price":6.82},{"type":"B","date":"2018-04-16T01:30:01.000Z","volume":40000,"label":" ","price":6.82},{"type":"B","date":"2018-04-16T01:30:01.000Z","volume":292000,"label":" ","price":6.82},{"type":"B","date":"2018-04-16T01:30:01.000Z","volume":19000,"label":" ","price":6.82},{"type":"B","date":"2018-04-16T01:30:01.000Z","volume":20000,"label":" ","price":6.82},{"type":"A","date":"2018-04-16T01:30:01.000Z","volume":38000,"label":" ","price":6.83},{"type":"B","date":"2018-04-16T01:30:02.000Z","volume":6000,"label":" ","price":6.8},{"type":"B","date":"2018-04-16T01:30:02.000Z","volume":33000,"label":" ","price":6.8},{"type":"B","date":"2018-04-16T01:30:02.000Z","volume":7000,"label":" ","price":6.8},{"type":"B","date":"2018-04-16T01:30:02.000Z","volume":4000,"label":" ","price":6.8},{"type":"B","date":"2018-04-16T01:30:02.000Z","volume":10000,"label":" ","price":6.8},{"type":"B","date":"2018-04-16T01:30:02.000Z","volume":70000,"label":" ","price":6.8},{"type":"B","date":"2018-04-16T01:30:03.000Z","volume":2000,"label":" ","price":6.8},{"type":"U","date":"2018-04-16T01:30:03.000Z","volume":2000,"label":" ","price":6.81},{"type":"U","date":"2018-04-16T01:30:03.000Z","volume":3000,"label":" ","price":6.81},{"type":"B","date":"2018-04-16T01:30:03.000Z","volume":1000,"label":" ","price":6.8},{"type":"B","date":"2018-04-16T01:30:03.000Z","volume":8000,"label":" ","price":6.8},{"type":"B","date":"2018-04-16T01:30:03.000Z","volume":8000,"label":" ","price":6.8},{"type":"B","date":"2018-04-16T01:30:03.000Z","volume":8000,"label":"Y","price":6.8},{"type":"B","date":"2018-04-16T01:30:03.000Z","volume":7000,"label":" ","price":6.8},{"type":"B","date":"2018-04-16T01:30:03.000Z","volume":3000,"label":" ","price":6.8},{"type":"B","date":"2018-04-16T01:30:03.000Z","volume":1000,"label":" ","price":6.8},{"type":"B","date":"2018-04-16T01:30:03.000Z","volume":19000,"label":" ","price":6.8},{"type":"B","date":"2018-04-16T01:30:03.000Z","volume":104000,"label":" ","price":6.8},{"type":"B","date":"2018-04-16T01:30:04.000Z","volume":3000,"label":" ","price":6.8},{"type":"B","date":"2018-04-16T01:30:04.000Z","volume":26000,"label":" ","price":6.8},{"type":"B","date":"2018-04-16T01:30:04.000Z","volume":2000,"label":" ","price":6.79},{"type":"B","date":"2018-04-16T01:30:04.000Z","volume":13000,"label":" ","price":6.79},{"type":"B","date":"2018-04-16T01:30:04.000Z","volume":17000,"label":" ","price":6.79},{"type":"B","date":"2018-04-16T01:30:04.000Z","volume":19000,"label":" ","price":6.79},{"type":"A","date":"2018-04-16T01:30:04.000Z","volume":4000,"label":" ","price":6.81},{"type":"B","date":"2018-04-16T01:30:04.000Z","volume":3000,"label":" ","price":6.79},{"type":"B","date":"2018-04-16T01:30:04.000Z","volume":1000,"label":" ","price":6.79},{"type":"B","date":"2018-04-16T01:30:04.000Z","volume":4000,"label":" ","price":6.79},{"type":"B","date":"2018-04-16T01:30:04.000Z","volume":25000,"label":" ","price":6.79},{"type":"B","date":"2018-04-16T01:30:05.000Z","volume":16000,"label":" ","price":6.79},{"type":"B","date":"2018-04-16T01:30:05.000Z","volume":9000,"label":" ","price":6.79},{"type":"B","date":"2018-04-16T01:30:05.000Z","volume":4000,"label":" ","price":6.79},{"type":"B","date":"2018-04-16T01:30:05.000Z","volume":14000,"label":" ","price":6.79},{"type":"B","date":"2018-04-16T01:30:05.000Z","volume":12000,"label":" ","price":6.79},{"type":"B","date":"2018-04-16T01:30:05.000Z","volume":1000,"label":" ","price":6.79},{"type":"B","date":"2018-04-16T01:30:05.000Z","volume":6000,"label":" ","price":6.79},{"type":"A","date":"2018-04-16T01:30:05.000Z","volume":40000,"label":" ","price":6.81},{"type":"B","date":"2018-04-16T01:30:05.000Z","volume":2000,"label":" ","price":6.79},{"type":"B","date":"2018-04-16T01:30:05.000Z","volume":3000,"label":" ","price":6.79},{"type":"B","date":"2018-04-16T01:30:05.000Z","volume":3000,"label":" ","price":6.79},{"type":"B","date":"2018-04-16T01:30:05.000Z","volume":2000,"label":" ","price":6.79},{"type":"B","date":"2018-04-16T01:30:06.000Z","volume":1000,"label":" ","price":6.79},{"type":"B","date":"2018-04-16T01:30:06.000Z","volume":46000,"label":" ","price":6.79},{"type":"B","date":"2018-04-16T01:30:06.000Z","volume":10000,"label":" ","price":6.79},{"type":"B","date":"2018-04-16T01:30:06.000Z","volume":12000,"label":" ","price":6.79},{"type":"B","date":"2018-04-16T01:30:06.000Z","volume":2000,"label":" ","price":6.79},{"type":"B","date":"2018-04-16T01:30:07.000Z","volume":13000,"label":" ","price":6.79},{"type":"B","date":"2018-04-16T01:30:07.000Z","volume":3000,"label":" ","price":6.79},{"type":"B","date":"2018-04-16T01:30:07.000Z","volume":2000,"label":" ","price":6.79},{"type":"B","date":"2018-04-16T01:30:07.000Z","volume":1000,"label":" ","price":6.79},{"type":"B","date":"2018-04-16T01:30:08.000Z","volume":4000,"label":" ","price":6.79},{"type":"A","date":"2018-04-16T01:30:08.000Z","volume":5000,"label":" ","price":6.81},{"type":"B","date":"2018-04-16T01:30:08.000Z","volume":1000,"label":" ","price":6.79},{"type":"B","date":"2018-04-16T01:30:08.000Z","volume":1000,"label":" ","price":6.79},{"type":"B","date":"2018-04-16T01:30:09.000Z","volume":2000,"label":" ","price":6.79},{"type":"B","date":"2018-04-16T01:30:09.000Z","volume":22000,"label":" ","price":6.79},{"type":"B","date":"2018-04-16T01:30:09.000Z","volume":1000,"label":" ","price":6.79},{"type":"B","date":"2018-04-16T01:30:09.000Z","volume":5000,"label":" ","price":6.79},{"type":"A","date":"2018-04-16T01:30:10.000Z","volume":10000,"label":" ","price":6.81},{"type":"B","date":"2018-04-16T01:30:10.000Z","volume":3000,"label":" ","price":6.8},{"type":"B","date":"2018-04-16T01:30:10.000Z","volume":14000,"label":" ","price":6.8},{"type":"B","date":"2018-04-16T01:30:10.000Z","volume":3000,"label":" ","price":6.8},{"type":"B","date":"2018-04-16T01:30:11.000Z","volume":8000,"label":" ","price":6.8},{"type":"B","date":"2018-04-16T01:30:11.000Z","volume":15000,"label":" ","price":6.8},{"type":"B","date":"2018-04-16T01:30:11.000Z","volume":2000,"label":" ","price":6.8},{"type":"B","date":"2018-04-16T01:30:11.000Z","volume":3000,"label":" ","price":6.8},{"type":"B","date":"2018-04-16T01:30:11.000Z","volume":1000,"label":" ","price":6.8},{"type":"B","date":"2018-04-16T01:30:12.000Z","volume":10000,"label":" ","price":6.8},{"type":"B","date":"2018-04-16T01:30:12.000Z","volume":13000,"label":" ","price":6.8},{"type":"B","date":"2018-04-16T01:30:12.000Z","volume":10000,"label":" ","price":6.79},{"type":"B","date":"2018-04-16T01:30:12.000Z","volume":2000,"label":" ","price":6.79},{"type":"B","date":"2018-04-16T01:30:12.000Z","volume":3000,"label":" ","price":6.79},{"type":"B","date":"2018-04-16T01:30:12.000Z","volume":2000,"label":" ","price":6.79},{"type":"B","date":"2018-04-16T01:30:12.000Z","volume":1000,"label":" ","price":6.79},{"type":"B","date":"2018-04-16T01:30:13.000Z","volume":5000,"label":"Y","price":6.79},{"type":"B","date":"2018-04-16T01:30:14.000Z","volume":18000,"label":" ","price":6.79},{"type":"B","date":"2018-04-16T01:30:14.000Z","volume":5000,"label":" ","price":6.79},{"type":"B","date":"2018-04-16T01:30:15.000Z","volume":60000,"label":" ","price":6.79},{"type":"B","date":"2018-04-16T01:30:15.000Z","volume":15000,"label":" ","price":6.79},{"type":"B","date":"2018-04-16T01:30:16.000Z","volume":9000,"label":" ","price":6.79},{"type":"B","date":"2018-04-16T01:30:16.000Z","volume":2000,"label":" ","price":6.79},{"type":"U","date":"2018-04-16T01:30:16.000Z","volume":7000,"label":"X","price":6.8},{"type":"B","date":"2018-04-16T01:30:17.000Z","volume":14000,"label":" ","price":6.79},{"type":"B","date":"2018-04-16T01:30:17.000Z","volume":3000,"label":" ","price":6.79},{"type":"B","date":"2018-04-16T01:30:17.000Z","volume":4000,"label":" ","price":6.79},{"type":"A","date":"2018-04-16T01:30:17.000Z","volume":12000,"label":" ","price":6.8},{"type":"B","date":"2018-04-16T01:30:17.000Z","volume":3000,"label":" ","price":6.79},{"type":"B","date":"2018-04-16T01:30:19.000Z","volume":2000,"label":" ","price":6.79},{"type":"B","date":"2018-04-16T01:30:19.000Z","volume":1000,"label":" ","price":6.79},{"type":"B","date":"2018-04-16T01:30:21.000Z","volume":31000,"label":" ","price":6.79},{"type":"B","date":"2018-04-16T01:30:22.000Z","volume":7000,"label":" ","price":6.79},{"type":"A","date":"2018-04-16T01:30:24.000Z","volume":2000,"label":" ","price":6.8},{"type":"B","date":"2018-04-16T01:30:24.000Z","volume":1000,"label":" ","price":6.79},{"type":"B","date":"2018-04-16T01:30:29.000Z","volume":34000,"label":" ","price":6.79},{"type":"B","date":"2018-04-16T01:30:30.000Z","volume":8000,"label":" ","price":6.79},{"type":"B","date":"2018-04-16T01:30:30.000Z","volume":9000,"label":" ","price":6.79},{"type":"A","date":"2018-04-16T01:30:30.000Z","volume":6000,"label":"Y","price":6.8},{"type":"A","date":"2018-04-16T01:30:30.000Z","volume":33000,"label":" ","price":6.8},{"type":"B","date":"2018-04-16T01:30:30.000Z","volume":3000,"label":" ","price":6.79},{"type":"B","date":"2018-04-16T01:30:30.000Z","volume":7000,"label":" ","price":6.79},{"type":"B","date":"2018-04-16T01:30:30.000Z","volume":1000,"label":" ","price":6.79},{"type":"A","date":"2018-04-16T01:30:32.000Z","volume":4000,"label":" ","price":6.8},{"type":"B","date":"2018-04-16T01:30:32.000Z","volume":15000,"label":" ","price":6.79},{"type":"B","date":"2018-04-16T01:30:32.000Z","volume":1000,"label":" ","price":6.79},{"type":"B","date":"2018-04-16T01:30:32.000Z","volume":3000,"label":" ","price":6.79},{"type":"B","date":"2018-04-16T01:30:33.000Z","volume":1000,"label":" ","price":6.79},{"type":"A","date":"2018-04-16T01:30:36.000Z","volume":6000,"label":" ","price":6.8},{"type":"A","date":"2018-04-16T01:30:36.000Z","volume":6000,"label":" ","price":6.8},{"type":"B","date":"2018-04-16T01:30:37.000Z","volume":3000,"label":" ","price":6.79},{"type":"B","date":"2018-04-16T01:30:39.000Z","volume":20000,"label":" ","price":6.79},{"type":"B","date":"2018-04-16T01:30:39.000Z","volume":27000,"label":" ","price":6.79},{"type":"B","date":"2018-04-16T01:30:39.000Z","volume":30000,"label":" ","price":6.79},{"type":"B","date":"2018-04-16T01:30:39.000Z","volume":19000,"label":" ","price":6.79},{"type":"B","date":"2018-04-16T01:30:40.000Z","volume":18000,"label":" ","price":6.79},{"type":"B","date":"2018-04-16T01:30:40.000Z","volume":4000,"label":" ","price":6.79},{"type":"A","date":"2018-04-16T01:30:40.000Z","volume":1000,"label":" ","price":6.8},{"type":"B","date":"2018-04-16T01:30:41.000Z","volume":1000,"label":" ","price":6.79},{"type":"B","date":"2018-04-16T01:30:41.000Z","volume":15000,"label":" ","price":6.79},{"type":"A","date":"2018-04-16T01:30:41.000Z","volume":4000,"label":" ","price":6.8},{"type":"B","date":"2018-04-16T01:30:41.000Z","volume":17000,"label":" ","price":6.79},{"type":"B","date":"2018-04-16T01:30:41.000Z","volume":29000,"label":" ","price":6.79},{"type":"A","date":"2018-04-16T01:30:41.000Z","volume":40000,"label":" ","price":6.8},{"type":"B","date":"2018-04-16T01:30:41.000Z","volume":4000,"label":" ","price":6.79},{"type":"B","date":"2018-04-16T01:30:41.000Z","volume":4000,"label":" ","price":6.79},{"type":"B","date":"2018-04-16T01:30:41.000Z","volume":6000,"label":" ","price":6.79},{"type":"B","date":"2018-04-16T01:30:41.000Z","volume":8000,"label":" ","price":6.79},{"type":"B","date":"2018-04-16T01:30:41.000Z","volume":4000,"label":" ","price":6.79},{"type":"B","date":"2018-04-16T01:30:42.000Z","volume":19000,"label":" ","price":6.79},{"type":"B","date":"2018-04-16T01:30:42.000Z","volume":5000,"label":" ","price":6.78},{"type":"B","date":"2018-04-16T01:30:43.000Z","volume":17000,"label":" ","price":6.78},{"type":"B","date":"2018-04-16T01:30:43.000Z","volume":4000,"label":" ","price":6.78},{"type":"B","date":"2018-04-16T01:30:46.000Z","volume":14000,"label":" ","price":6.78},{"type":"B","date":"2018-04-16T01:30:47.000Z","volume":3000,"label":" ","price":6.78},{"type":"A","date":"2018-04-16T01:30:47.000Z","volume":19000,"label":" ","price":6.79},{"type":"B","date":"2018-04-16T01:30:47.000Z","volume":5000,"label":" ","price":6.78},{"type":"B","date":"2018-04-16T01:30:52.000Z","volume":100000,"label":" ","price":6.78},{"type":"B","date":"2018-04-16T01:30:52.000Z","volume":76000,"label":" ","price":6.78},{"type":"B","date":"2018-04-16T01:30:53.000Z","volume":2000,"label":" ","price":6.78},{"type":"B","date":"2018-04-16T01:30:53.000Z","volume":2000,"label":" ","price":6.77},{"type":"B","date":"2018-04-16T01:30:53.000Z","volume":34000,"label":" ","price":6.77},{"type":"B","date":"2018-04-16T01:30:53.000Z","volume":20000,"label":" ","price":6.78},{"type":"B","date":"2018-04-16T01:30:53.000Z","volume":4000,"label":" ","price":6.77},{"type":"B","date":"2018-04-16T01:30:53.000Z","volume":6000,"label":" ","price":6.77},{"type":"B","date":"2018-04-16T01:30:53.000Z","volume":5000,"label":" ","price":6.77},{"type":"B","date":"2018-04-16T01:30:53.000Z","volume":2000,"label":" ","price":6.77},{"type":"B","date":"2018-04-16T01:30:53.000Z","volume":1000,"label":" ","price":6.77},{"type":"B","date":"2018-04-16T01:30:53.000Z","volume":19000,"label":" ","price":6.78},{"type":"B","date":"2018-04-16T01:30:53.000Z","volume":44000,"label":" ","price":6.77},{"type":"B","date":"2018-04-16T01:30:53.000Z","volume":13000,"label":" ","price":6.77},{"type":"B","date":"2018-04-16T01:30:53.000Z","volume":8000,"label":" ","price":6.77},{"type":"B","date":"2018-04-16T01:30:53.000Z","volume":84000,"label":" ","price":6.77},{"type":"B","date":"2018-04-16T01:30:53.000Z","volume":26000,"label":" ","price":6.77},{"type":"A","date":"2018-04-16T01:30:53.000Z","volume":20000,"label":" ","price":6.78},{"type":"B","date":"2018-04-16T01:30:53.000Z","volume":8000,"label":" ","price":6.76},{"type":"B","date":"2018-04-16T01:30:53.000Z","volume":43000,"label":" ","price":6.76},{"type":"B","date":"2018-04-16T01:30:53.000Z","volume":3000,"label":" ","price":6.76},{"type":"U","date":"2018-04-16T01:30:53.000Z","volume":19000,"label":" ","price":6.77},{"type":"B","date":"2018-04-16T01:30:53.000Z","volume":43000,"label":" ","price":6.76},{"type":"B","date":"2018-04-16T01:30:53.000Z","volume":7000,"label":" ","price":6.76},{"type":"B","date":"2018-04-16T01:30:53.000Z","volume":4000,"label":" ","price":6.76},{"type":"B","date":"2018-04-16T01:30:53.000Z","volume":9000,"label":" ","price":6.76},{"type":"B","date":"2018-04-16T01:30:53.000Z","volume":1000,"label":" ","price":6.76},{"type":"B","date":"2018-04-16T01:30:53.000Z","volume":2000,"label":" ","price":6.76},{"type":"B","date":"2018-04-16T01:30:54.000Z","volume":61000,"label":" ","price":6.76},{"type":"B","date":"2018-04-16T01:30:54.000Z","volume":2000,"label":" ","price":6.76},{"type":"B","date":"2018-04-16T01:30:54.000Z","volume":15000,"label":" ","price":6.76},{"type":"B","date":"2018-04-16T01:30:54.000Z","volume":3000,"label":" ","price":6.76},{"type":"B","date":"2018-04-16T01:30:54.000Z","volume":1000,"label":" ","price":6.76},{"type":"B","date":"2018-04-16T01:30:54.000Z","volume":16000,"label":" ","price":6.76},{"type":"B","date":"2018-04-16T01:30:54.000Z","volume":4000,"label":" ","price":6.76},{"type":"B","date":"2018-04-16T01:30:54.000Z","volume":1000,"label":" ","price":6.76},{"type":"B","date":"2018-04-16T01:30:54.000Z","volume":3000,"label":" ","price":6.76},{"type":"B","date":"2018-04-16T01:30:54.000Z","volume":1000,"label":" ","price":6.76},{"type":"B","date":"2018-04-16T01:30:54.000Z","volume":1000,"label":" ","price":6.76},{"type":"B","date":"2018-04-16T01:30:54.000Z","volume":1000,"label":" ","price":6.76},{"type":"B","date":"2018-04-16T01:30:55.000Z","volume":34000,"label":" ","price":6.76},{"type":"B","date":"2018-04-16T01:30:55.000Z","volume":26000,"label":" ","price":6.76},{"type":"B","date":"2018-04-16T01:30:55.000Z","volume":8000,"label":" ","price":6.75},{"type":"B","date":"2018-04-16T01:30:55.000Z","volume":15000,"label":" ","price":6.75},{"type":"B","date":"2018-04-16T01:30:55.000Z","volume":1000,"label":" ","price":6.76},{"type":"B","date":"2018-04-16T01:30:55.000Z","volume":5000,"label":" ","price":6.76},{"type":"B","date":"2018-04-16T01:30:55.000Z","volume":1000,"label":" ","price":6.76},{"type":"B","date":"2018-04-16T01:30:55.000Z","volume":1000,"label":" ","price":6.76},{"type":"B","date":"2018-04-16T01:30:55.000Z","volume":3000,"label":" ","price":6.76},{"type":"B","date":"2018-04-16T01:30:55.000Z","volume":1000,"label":" ","price":6.76},{"type":"B","date":"2018-04-16T01:30:55.000Z","volume":1000,"label":" ","price":6.76},{"type":"B","date":"2018-04-16T01:30:56.000Z","volume":1000,"label":" ","price":6.76},{"type":"B","date":"2018-04-16T01:30:57.000Z","volume":8000,"label":" ","price":6.76},{"type":"B","date":"2018-04-16T01:30:57.000Z","volume":2000,"label":" ","price":6.75},{"type":"B","date":"2018-04-16T01:30:58.000Z","volume":3000,"label":" ","price":6.75},{"type":"B","date":"2018-04-16T01:30:58.000Z","volume":1000,"label":" ","price":6.75},{"type":"B","date":"2018-04-16T01:30:58.000Z","volume":19000,"label":" ","price":6.75},{"type":"B","date":"2018-04-16T01:30:58.000Z","volume":4000,"label":" ","price":6.75},{"type":"B","date":"2018-04-16T01:30:58.000Z","volume":5000,"label":" ","price":6.75},{"type":"B","date":"2018-04-16T01:30:58.000Z","volume":1000,"label":" ","price":6.75},{"type":"B","date":"2018-04-16T01:30:58.000Z","volume":1000,"label":" ","price":6.75},{"type":"B","date":"2018-04-16T01:30:59.000Z","volume":17000,"label":" ","price":6.75},{"type":"B","date":"2018-04-16T01:30:59.000Z","volume":4000,"label":" ","price":6.75},{"type":"B","date":"2018-04-16T01:30:59.000Z","volume":5000,"label":" ","price":6.75},{"type":"B","date":"2018-04-16T01:30:59.000Z","volume":1000,"label":" ","price":6.75},{"type":"B","date":"2018-04-16T01:31:00.000Z","volume":1000,"label":" ","price":6.75},{"type":"B","date":"2018-04-16T01:31:00.000Z","volume":16000,"label":" ","price":6.75},{"type":"U","date":"2018-04-16T01:31:00.000Z","volume":4000,"label":" ","price":6.76},{"type":"U","date":"2018-04-16T01:31:00.000Z","volume":20000,"label":" ","price":6.76},{"type":"U","date":"2018-04-16T01:31:00.000Z","volume":34000,"label":" ","price":6.76},{"type":"U","date":"2018-04-16T01:31:00.000Z","volume":4000,"label":" ","price":6.76},{"type":"U","date":"2018-04-16T01:31:00.000Z","volume":20000,"label":" ","price":6.76},{"type":"U","date":"2018-04-16T01:31:00.000Z","volume":4000,"label":" ","price":6.76},{"type":"U","date":"2018-04-16T01:31:00.000Z","volume":18000,"label":" ","price":6.76},{"type":"B","date":"2018-04-16T01:31:00.000Z","volume":14000,"label":" ","price":6.75},{"type":"B","date":"2018-04-16T01:31:00.000Z","volume":2000,"label":" ","price":6.75},{"type":"U","date":"2018-04-16T01:31:00.000Z","volume":38000,"label":" ","price":6.76},{"type":"B","date":"2018-04-16T01:31:01.000Z","volume":5000,"label":" ","price":6.75},{"type":"B","date":"2018-04-16T01:31:01.000Z","volume":5000,"label":" ","price":6.75},{"type":"B","date":"2018-04-16T01:31:01.000Z","volume":1000,"label":" ","price":6.75},{"type":"B","date":"2018-04-16T01:31:01.000Z","volume":2000,"label":" ","price":6.75},{"type":"B","date":"2018-04-16T01:31:01.000Z","volume":1000,"label":" ","price":6.75},{"type":"B","date":"2018-04-16T01:31:01.000Z","volume":9000,"label":" ","price":6.75},{"type":"B","date":"2018-04-16T01:31:01.000Z","volume":2000,"label":" ","price":6.75},{"type":"B","date":"2018-04-16T01:31:01.000Z","volume":1000,"label":" ","price":6.75},{"type":"B","date":"2018-04-16T01:31:01.000Z","volume":3000,"label":" ","price":6.75},{"type":"B","date":"2018-04-16T01:31:01.000Z","volume":1000,"label":" ","price":6.75},{"type":"B","date":"2018-04-16T01:31:01.000Z","volume":20000,"label":" ","price":6.75},{"type":"B","date":"2018-04-16T01:31:01.000Z","volume":1000,"label":" ","price":6.75},{"type":"B","date":"2018-04-16T01:31:01.000Z","volume":4000,"label":" ","price":6.75},{"type":"B","date":"2018-04-16T01:31:02.000Z","volume":4000,"label":" ","price":6.75},{"type":"B","date":"2018-04-16T01:31:02.000Z","volume":1000,"label":" ","price":6.75},{"type":"B","date":"2018-04-16T01:31:02.000Z","volume":1000,"label":" ","price":6.75},{"type":"B","date":"2018-04-16T01:31:02.000Z","volume":1000,"label":" ","price":6.75},{"type":"B","date":"2018-04-16T01:31:02.000Z","volume":1000,"label":" ","price":6.75},{"type":"B","date":"2018-04-16T01:31:03.000Z","volume":16000,"label":" ","price":6.75},{"type":"B","date":"2018-04-16T01:31:03.000Z","volume":3000,"label":" ","price":6.75},{"type":"B","date":"2018-04-16T01:31:03.000Z","volume":16000,"label":" ","price":6.75},{"type":"B","date":"2018-04-16T01:31:03.000Z","volume":4000,"label":" ","price":6.75},{"type":"B","date":"2018-04-16T01:31:03.000Z","volume":5000,"label":" ","price":6.75},{"type":"B","date":"2018-04-16T01:31:03.000Z","volume":1000,"label":" ","price":6.75},{"type":"B","date":"2018-04-16T01:31:03.000Z","volume":3000,"label":" ","price":6.75},{"type":"B","date":"2018-04-16T01:31:03.000Z","volume":64000,"label":" ","price":6.75},{"type":"B","date":"2018-04-16T01:31:03.000Z","volume":15000,"label":" ","price":6.75},{"type":"B","date":"2018-04-16T01:31:04.000Z","volume":1000,"label":" ","price":6.75},{"type":"B","date":"2018-04-16T01:31:04.000Z","volume":17000,"label":" ","price":6.75},{"type":"B","date":"2018-04-16T01:31:04.000Z","volume":4000,"label":" ","price":6.75},{"type":"B","date":"2018-04-16T01:31:04.000Z","volume":9000,"label":" ","price":6.75},{"type":"B","date":"2018-04-16T01:31:04.000Z","volume":2000,"label":" ","price":6.75},{"type":"B","date":"2018-04-16T01:31:04.000Z","volume":5000,"label":" ","price":6.75},{"type":"B","date":"2018-04-16T01:31:04.000Z","volume":1000,"label":" ","price":6.75},{"type":"B","date":"2018-04-16T01:31:04.000Z","volume":1000,"label":" ","price":6.75},{"type":"B","date":"2018-04-16T01:31:04.000Z","volume":1000,"label":" ","price":6.75},{"type":"B","date":"2018-04-16T01:31:04.000Z","volume":1000,"label":" ","price":6.75},{"type":"B","date":"2018-04-16T01:31:04.000Z","volume":1000,"label":" ","price":6.75},{"type":"B","date":"2018-04-16T01:31:05.000Z","volume":15000,"label":" ","price":6.75},{"type":"B","date":"2018-04-16T01:31:05.000Z","volume":4000,"label":" ","price":6.75},{"type":"B","date":"2018-04-16T01:31:05.000Z","volume":4000,"label":" ","price":6.75},{"type":"B","date":"2018-04-16T01:31:05.000Z","volume":1000,"label":" ","price":6.75},{"type":"B","date":"2018-04-16T01:31:06.000Z","volume":100000,"label":" ","price":6.75},{"type":"A","date":"2018-04-16T01:31:06.000Z","volume":40000,"label":" ","price":6.76},{"type":"B","date":"2018-04-16T01:31:06.000Z","volume":2000,"label":" ","price":6.75},{"type":"B","date":"2018-04-16T01:31:06.000Z","volume":25000,"label":" ","price":6.75},{"type":"B","date":"2018-04-16T01:31:06.000Z","volume":4000,"label":" ","price":6.75},{"type":"B","date":"2018-04-16T01:31:06.000Z","volume":6000,"label":" ","price":6.75},{"type":"B","date":"2018-04-16T01:31:06.000Z","volume":1000,"label":" ","price":6.75},{"type":"B","date":"2018-04-16T01:31:06.000Z","volume":31000,"label":" ","price":6.75},{"type":"B","date":"2018-04-16T01:31:06.000Z","volume":27000,"label":" ","price":6.75},{"type":"B","date":"2018-04-16T01:31:06.000Z","volume":220000,"label":" ","price":6.75},{"type":"B","date":"2018-04-16T01:31:06.000Z","volume":14000,"label":" ","price":6.75},{"type":"B","date":"2018-04-16T01:31:06.000Z","volume":5000,"label":" ","price":6.74},{"type":"B","date":"2018-04-16T01:31:06.000Z","volume":63000,"label":" ","price":6.74},{"type":"B","date":"2018-04-16T01:31:06.000Z","volume":2000,"label":" ","price":6.74},{"type":"B","date":"2018-04-16T01:31:06.000Z","volume":4000,"label":" ","price":6.74},{"type":"B","date":"2018-04-16T01:31:07.000Z","volume":7000,"label":" ","price":6.74},{"type":"B","date":"2018-04-16T01:31:07.000Z","volume":64000,"label":" ","price":6.74},{"type":"B","date":"2018-04-16T01:31:07.000Z","volume":39000,"label":" ","price":6.74},{"type":"B","date":"2018-04-16T01:31:07.000Z","volume":1000,"label":" ","price":6.73},{"type":"B","date":"2018-04-16T01:31:07.000Z","volume":19000,"label":" ","price":6.73},{"type":"B","date":"2018-04-16T01:31:07.000Z","volume":5000,"label":" ","price":6.73},{"type":"B","date":"2018-04-16T01:31:07.000Z","volume":3000,"label":" ","price":6.73},{"type":"B","date":"2018-04-16T01:31:07.000Z","volume":1000,"label":" ","price":6.73},{"type":"B","date":"2018-04-16T01:31:07.000Z","volume":1000,"label":" ","price":6.73},{"type":"B","date":"2018-04-16T01:31:08.000Z","volume":26000,"label":" ","price":6.73},{"type":"B","date":"2018-04-16T01:31:08.000Z","volume":6000,"label":" ","price":6.73},{"type":"B","date":"2018-04-16T01:31:09.000Z","volume":56000,"label":" ","price":6.73},{"type":"B","date":"2018-04-16T01:31:09.000Z","volume":3000,"label":" ","price":6.73},{"type":"B","date":"2018-04-16T01:31:09.000Z","volume":14000,"label":" ","price":6.73},{"type":"B","date":"2018-04-16T01:31:09.000Z","volume":3000,"label":" ","price":6.73},{"type":"B","date":"2018-04-16T01:31:09.000Z","volume":1000,"label":" ","price":6.73},{"type":"A","date":"2018-04-16T01:31:10.000Z","volume":73000,"label":" ","price":6.74},{"type":"B","date":"2018-04-16T01:31:10.000Z","volume":1000,"label":" ","price":6.73},{"type":"B","date":"2018-04-16T01:31:10.000Z","volume":5000,"label":" ","price":6.73},{"type":"B","date":"2018-04-16T01:31:10.000Z","volume":18000,"label":" ","price":6.73},{"type":"B","date":"2018-04-16T01:31:10.000Z","volume":4000,"label":" ","price":6.73},{"type":"B","date":"2018-04-16T01:31:10.000Z","volume":14000,"label":" ","price":6.73},{"type":"B","date":"2018-04-16T01:31:10.000Z","volume":2000,"label":" ","price":6.73},{"type":"B","date":"2018-04-16T01:31:10.000Z","volume":3000,"label":" ","price":6.73},{"type":"B","date":"2018-04-16T01:31:10.000Z","volume":25000,"label":" ","price":6.73},{"type":"B","date":"2018-04-16T01:31:10.000Z","volume":4000,"label":" ","price":6.72},{"type":"B","date":"2018-04-16T01:31:11.000Z","volume":6000,"label":" ","price":6.72},{"type":"B","date":"2018-04-16T01:31:11.000Z","volume":1000,"label":" ","price":6.72},{"type":"B","date":"2018-04-16T01:31:12.000Z","volume":49000,"label":" ","price":6.72},{"type":"B","date":"2018-04-16T01:31:13.000Z","volume":12000,"label":" ","price":6.72},{"type":"B","date":"2018-04-16T01:31:13.000Z","volume":19000,"label":" ","price":6.72},{"type":"B","date":"2018-04-16T01:31:13.000Z","volume":5000,"label":" ","price":6.72},{"type":"B","date":"2018-04-16T01:31:15.000Z","volume":25000,"label":" ","price":6.72},{"type":"B","date":"2018-04-16T01:31:15.000Z","volume":3000,"label":" ","price":6.72},{"type":"B","date":"2018-04-16T01:31:15.000Z","volume":6000,"label":" ","price":6.72},{"type":"B","date":"2018-04-16T01:31:15.000Z","volume":1000,"label":" ","price":6.72},{"type":"A","date":"2018-04-16T01:31:15.000Z","volume":2000,"label":"Y","price":6.74},{"type":"A","date":"2018-04-16T01:31:15.000Z","volume":48000,"label":" ","price":6.74},{"type":"B","date":"2018-04-16T01:31:15.000Z","volume":1000,"label":" ","price":6.72},{"type":"U","date":"2018-04-16T01:31:16.000Z","volume":12000,"label":" ","price":6.73},{"type":"B","date":"2018-04-16T01:31:17.000Z","volume":19000,"label":" ","price":6.73},{"type":"B","date":"2018-04-16T01:31:17.000Z","volume":11000,"label":" ","price":6.73},{"type":"B","date":"2018-04-16T01:31:17.000Z","volume":1000,"label":" ","price":6.73},{"type":"B","date":"2018-04-16T01:31:17.000Z","volume":4000,"label":" ","price":6.72},{"type":"B","date":"2018-04-16T01:31:17.000Z","volume":1000,"label":" ","price":6.72},{"type":"B","date":"2018-04-16T01:31:18.000Z","volume":1000,"label":" ","price":6.72},{"type":"U","date":"2018-04-16T01:31:20.000Z","volume":10000,"label":" ","price":6.73},{"type":"U","date":"2018-04-16T01:31:20.000Z","volume":407000,"label":" ","price":6.73},{"type":"U","date":"2018-04-16T01:31:20.000Z","volume":119000,"label":" ","price":6.73},{"type":"A","date":"2018-04-16T01:31:20.000Z","volume":44000,"label":" ","price":6.74},{"type":"B","date":"2018-04-16T01:31:20.000Z","volume":18000,"label":" ","price":6.73},{"type":"B","date":"2018-04-16T01:31:20.000Z","volume":105000,"label":" ","price":6.73},{"type":"B","date":"2018-04-16T01:31:20.000Z","volume":14000,"label":" ","price":6.73},{"type":"B","date":"2018-04-16T01:31:20.000Z","volume":3000,"label":" ","price":6.73},{"type":"B","date":"2018-04-16T01:31:20.000Z","volume":24000,"label":" ","price":6.72},{"type":"B","date":"2018-04-16T01:31:21.000Z","volume":4000,"label":" ","price":6.72},{"type":"B","date":"2018-04-16T01:31:22.000Z","volume":40000,"label":" ","price":6.73},{"type":"B","date":"2018-04-16T01:31:22.000Z","volume":15000,"label":" ","price":6.73},{"type":"B","date":"2018-04-16T01:31:22.000Z","volume":10000,"label":" ","price":6.73},{"type":"B","date":"2018-04-16T01:31:23.000Z","volume":1000,"label":" ","price":6.73},{"type":"B","date":"2018-04-16T01:31:23.000Z","volume":2000,"label":" ","price":6.73},{"type":"B","date":"2018-04-16T01:31:23.000Z","volume":1000,"label":" ","price":6.73},{"type":"B","date":"2018-04-16T01:31:23.000Z","volume":1000,"label":" ","price":6.73},{"type":"B","date":"2018-04-16T01:31:24.000Z","volume":19000,"label":" ","price":6.73},{"type":"B","date":"2018-04-16T01:31:24.000Z","volume":5000,"label":" ","price":6.73},{"type":"A","date":"2018-04-16T01:31:24.000Z","volume":56000,"label":" ","price":6.74},{"type":"B","date":"2018-04-16T01:31:24.000Z","volume":27000,"label":" ","price":6.73},{"type":"B","date":"2018-04-16T01:31:24.000Z","volume":14000,"label":" ","price":6.73},{"type":"B","date":"2018-04-16T01:31:24.000Z","volume":3000,"label":" ","price":6.73},{"type":"B","date":"2018-04-16T01:31:25.000Z","volume":3000,"label":" ","price":6.73},{"type":"B","date":"2018-04-16T01:31:26.000Z","volume":8000,"label":" ","price":6.73},{"type":"B","date":"2018-04-16T01:31:26.000Z","volume":2000,"label":" ","price":6.73},{"type":"A","date":"2018-04-16T01:31:27.000Z","volume":257000,"label":" ","price":6.74},{"type":"B","date":"2018-04-16T01:31:27.000Z","volume":65000,"label":" ","price":6.74},{"type":"A","date":"2018-04-16T01:31:28.000Z","volume":45000,"label":" ","price":6.75},{"type":"B","date":"2018-04-16T01:31:28.000Z","volume":11000,"label":" ","price":6.74},{"type":"A","date":"2018-04-16T01:31:42.000Z","volume":145000,"label":" ","price":6.75},{"type":"A","date":"2018-04-16T01:31:42.000Z","volume":48000,"label":" ","price":6.75},{"type":"A","date":"2018-04-16T01:31:42.000Z","volume":34000,"label":" ","price":6.75},{"type":"A","date":"2018-04-16T01:31:42.000Z","volume":100000,"label":" ","price":6.75},{"type":"A","date":"2018-04-16T01:31:42.000Z","volume":1000,"label":" ","price":6.75},{"type":"A","date":"2018-04-16T01:31:42.000Z","volume":11000,"label":" ","price":6.75},{"type":"A","date":"2018-04-16T01:31:42.000Z","volume":2000,"label":" ","price":6.75},{"type":"A","date":"2018-04-16T01:31:42.000Z","volume":1000,"label":" ","price":6.75},{"type":"A","date":"2018-04-16T01:31:43.000Z","volume":36000,"label":" ","price":6.75},{"type":"A","date":"2018-04-16T01:31:43.000Z","volume":12000,"label":" ","price":6.75},{"type":"A","date":"2018-04-16T01:31:43.000Z","volume":14000,"label":" ","price":6.75},{"type":"B","date":"2018-04-16T01:31:43.000Z","volume":8000,"label":" ","price":6.74},{"type":"B","date":"2018-04-16T01:31:44.000Z","volume":7000,"label":" ","price":6.74},{"type":"B","date":"2018-04-16T01:31:44.000Z","volume":7000,"label":" ","price":6.74},{"type":"U","date":"2018-04-16T01:31:44.000Z","volume":1000,"label":" ","price":6.75},{"type":"B","date":"2018-04-16T01:31:50.000Z","volume":130000,"label":" ","price":6.75},{"type":"B","date":"2018-04-16T01:31:50.000Z","volume":19000,"label":" ","price":6.75},{"type":"A","date":"2018-04-16T01:31:50.000Z","volume":2000,"label":" ","price":6.75},{"type":"A","date":"2018-04-16T01:31:50.000Z","volume":17000,"label":" ","price":6.75},{"type":"B","date":"2018-04-16T01:31:50.000Z","volume":33000,"label":" ","price":6.74},{"type":"B","date":"2018-04-16T01:31:50.000Z","volume":1000,"label":" ","price":6.74},{"type":"B","date":"2018-04-16T01:31:50.000Z","volume":8000,"label":" ","price":6.74},{"type":"A","date":"2018-04-16T01:31:51.000Z","volume":5000,"label":" ","price":6.75},{"type":"B","date":"2018-04-16T01:31:51.000Z","volume":2000,"label":" ","price":6.74},{"type":"A","date":"2018-04-16T01:31:56.000Z","volume":30000,"label":" ","price":6.75},{"type":"B","date":"2018-04-16T01:31:56.000Z","volume":7000,"label":" ","price":6.74},{"type":"B","date":"2018-04-16T01:32:00.000Z","volume":1000,"label":" ","price":6.74},{"type":"B","date":"2018-04-16T01:32:02.000Z","volume":35000,"label":" ","price":6.74},{"type":"B","date":"2018-04-16T01:32:02.000Z","volume":9000,"label":" ","price":6.73},{"type":"A","date":"2018-04-16T01:32:03.000Z","volume":1000,"label":" ","price":6.74},{"type":"B","date":"2018-04-16T01:32:05.000Z","volume":97000,"label":" ","price":6.73},{"type":"B","date":"2018-04-16T01:32:06.000Z","volume":18000,"label":" ","price":6.73},{"type":"B","date":"2018-04-16T01:32:06.000Z","volume":7000,"label":" ","price":6.72},{"type":"A","date":"2018-04-16T01:32:06.000Z","volume":6000,"label":" ","price":6.74},{"type":"B","date":"2018-04-16T01:32:06.000Z","volume":60000,"label":" ","price":6.72},{"type":"B","date":"2018-04-16T01:32:06.000Z","volume":1000,"label":" ","price":6.72},{"type":"B","date":"2018-04-16T01:32:06.000Z","volume":15000,"label":" ","price":6.72},{"type":"B","date":"2018-04-16T01:32:19.000Z","volume":26000,"label":" ","price":6.73},{"type":"B","date":"2018-04-16T01:32:19.000Z","volume":30000,"label":" ","price":6.73},{"type":"B","date":"2018-04-16T01:32:19.000Z","volume":8000,"label":" ","price":6.73},{"type":"B","date":"2018-04-16T01:32:19.000Z","volume":20000,"label":" ","price":6.73},{"type":"B","date":"2018-04-16T01:32:20.000Z","volume":14000,"label":" ","price":6.72},{"type":"U","date":"2018-04-16T01:32:20.000Z","volume":4000,"label":" ","price":6.73},{"type":"B","date":"2018-04-16T01:32:20.000Z","volume":2000,"label":" ","price":6.73},{"type":"B","date":"2018-04-16T01:32:20.000Z","volume":1000,"label":" ","price":6.73},{"type":"B","date":"2018-04-16T01:32:24.000Z","volume":22000,"label":" ","price":6.73},{"type":"B","date":"2018-04-16T01:32:25.000Z","volume":6000,"label":" ","price":6.73},{"type":"A","date":"2018-04-16T01:32:30.000Z","volume":50000,"label":" ","price":6.74},{"type":"A","date":"2018-04-16T01:32:30.000Z","volume":208000,"label":" ","price":6.74},{"type":"A","date":"2018-04-16T01:32:30.000Z","volume":1000,"label":" ","price":6.74},{"type":"B","date":"2018-04-16T01:32:31.000Z","volume":64000,"label":" ","price":6.73},{"type":"A","date":"2018-04-16T01:32:31.000Z","volume":57000,"label":" ","price":6.74},{"type":"A","date":"2018-04-16T01:32:31.000Z","volume":3000,"label":" ","price":6.74},{"type":"A","date":"2018-04-16T01:32:31.000Z","volume":1000,"label":" ","price":6.74},{"type":"B","date":"2018-04-16T01:32:31.000Z","volume":15000,"label":" ","price":6.74},{"type":"B","date":"2018-04-16T01:32:31.000Z","volume":16000,"label":" ","price":6.74},{"type":"B","date":"2018-04-16T01:32:31.000Z","volume":1000,"label":" ","price":6.74},{"type":"B","date":"2018-04-16T01:32:31.000Z","volume":3000,"label":" ","price":6.74},{"type":"B","date":"2018-04-16T01:32:32.000Z","volume":1000,"label":" ","price":6.74},{"type":"B","date":"2018-04-16T01:32:34.000Z","volume":8000,"label":" ","price":6.74},{"type":"B","date":"2018-04-16T01:32:35.000Z","volume":2000,"label":" ","price":6.73},{"type":"B","date":"2018-04-16T01:32:36.000Z","volume":19000,"label":" ","price":6.74},{"type":"U","date":"2018-04-16T01:32:36.000Z","volume":4000,"label":" ","price":6.74},{"type":"U","date":"2018-04-16T01:32:47.000Z","volume":135,"label":"D","price":6.7},{"type":"U","date":"2018-04-16T01:32:49.000Z","volume":20000,"label":" ","price":6.74},{"type":"B","date":"2018-04-16T01:32:49.000Z","volume":5000,"label":" ","price":6.73},{"type":"B","date":"2018-04-16T01:32:59.000Z","volume":2000,"label":" ","price":6.73},{"type":"B","date":"2018-04-16T01:33:00.000Z","volume":1000,"label":" ","price":6.73},{"type":"B","date":"2018-04-16T01:33:06.000Z","volume":14000,"label":" ","price":6.73},{"type":"B","date":"2018-04-16T01:33:06.000Z","volume":3000,"label":" ","price":6.73},{"type":"B","date":"2018-04-16T01:33:14.000Z","volume":14000,"label":" ","price":6.73},{"type":"B","date":"2018-04-16T01:33:15.000Z","volume":4000,"label":" ","price":6.73},{"type":"A","date":"2018-04-16T01:33:24.000Z","volume":1000,"label":" ","price":6.74},{"type":"B","date":"2018-04-16T01:33:24.000Z","volume":19000,"label":" ","price":6.73},{"type":"B","date":"2018-04-16T01:33:24.000Z","volume":5000,"label":" ","price":6.73},{"type":"B","date":"2018-04-16T01:33:31.000Z","volume":20000,"label":" ","price":6.73},{"type":"B","date":"2018-04-16T01:33:31.000Z","volume":5000,"label":" ","price":6.73},{"type":"B","date":"2018-04-16T01:33:36.000Z","volume":105000,"label":" ","price":6.73},{"type":"B","date":"2018-04-16T01:33:37.000Z","volume":26000,"label":" ","price":6.73},{"type":"B","date":"2018-04-16T01:33:38.000Z","volume":18000,"label":" ","price":6.73},{"type":"B","date":"2018-04-16T01:33:38.000Z","volume":5000,"label":" ","price":6.73},{"type":"B","date":"2018-04-16T01:33:45.000Z","volume":31000,"label":" ","price":6.73},{"type":"B","date":"2018-04-16T01:33:45.000Z","volume":7000,"label":" ","price":6.73},{"type":"B","date":"2018-04-16T01:33:46.000Z","volume":14000,"label":" ","price":6.73},{"type":"B","date":"2018-04-16T01:33:46.000Z","volume":4000,"label":" ","price":6.73},{"type":"B","date":"2018-04-16T01:33:48.000Z","volume":13000,"label":" ","price":6.73},{"type":"B","date":"2018-04-16T01:33:48.000Z","volume":3000,"label":" ","price":6.73},{"type":"A","date":"2018-04-16T01:33:54.000Z","volume":15000,"label":" ","price":6.74},{"type":"B","date":"2018-04-16T01:33:54.000Z","volume":4000,"label":" ","price":6.73},{"type":"B","date":"2018-04-16T01:33:55.000Z","volume":19000,"label":" ","price":6.73},{"type":"B","date":"2018-04-16T01:33:55.000Z","volume":5000,"label":" ","price":6.73},{"type":"A","date":"2018-04-16T01:33:55.000Z","volume":38000,"label":" ","price":6.74},{"type":"B","date":"2018-04-16T01:33:56.000Z","volume":9000,"label":" ","price":6.73},{"type":"B","date":"2018-04-16T01:33:57.000Z","volume":18000,"label":" ","price":6.73},{"type":"B","date":"2018-04-16T01:33:57.000Z","volume":5000,"label":" ","price":6.73},{"type":"B","date":"2018-04-16T01:34:05.000Z","volume":19000,"label":" ","price":6.73},{"type":"B","date":"2018-04-16T01:34:05.000Z","volume":4000,"label":" ","price":6.73},{"type":"A","date":"2018-04-16T01:34:08.000Z","volume":1000,"label":" ","price":6.74},{"type":"B","date":"2018-04-16T01:34:08.000Z","volume":1000,"label":" ","price":6.73},{"type":"B","date":"2018-04-16T01:34:14.000Z","volume":17000,"label":" ","price":6.73},{"type":"B","date":"2018-04-16T01:34:14.000Z","volume":4000,"label":" ","price":6.73},{"type":"B","date":"2018-04-16T01:34:15.000Z","volume":25000,"label":" ","price":6.73},{"type":"B","date":"2018-04-16T01:34:15.000Z","volume":6000,"label":" ","price":6.73},{"type":"B","date":"2018-04-16T01:34:15.000Z","volume":3000,"label":" ","price":6.73},{"type":"B","date":"2018-04-16T01:34:15.000Z","volume":1000,"label":" ","price":6.73},{"type":"B","date":"2018-04-16T01:34:15.000Z","volume":1000,"label":" ","price":6.73},{"type":"A","date":"2018-04-16T01:34:27.000Z","volume":10000,"label":" ","price":6.74},{"type":"B","date":"2018-04-16T01:34:27.000Z","volume":3000,"label":" ","price":6.73},{"type":"B","date":"2018-04-16T01:34:27.000Z","volume":3000,"label":" ","price":6.73},{"type":"B","date":"2018-04-16T01:34:27.000Z","volume":1000,"label":" ","price":6.73},{"type":"B","date":"2018-04-16T01:34:27.000Z","volume":1000,"label":" ","price":6.73},{"type":"A","date":"2018-04-16T01:34:28.000Z","volume":1000,"label":" ","price":6.74},{"type":"U","date":"2018-04-16T01:34:32.000Z","volume":1000,"label":"X","price":6.74},{"type":"A","date":"2018-04-16T01:34:32.000Z","volume":1000,"label":" ","price":6.74},{"type":"U","date":"2018-04-16T01:34:42.000Z","volume":6000,"label":"X","price":6.74},{"type":"A","date":"2018-04-16T01:34:42.000Z","volume":1000,"label":" ","price":6.74},{"type":"B","date":"2018-04-16T01:34:42.000Z","volume":1000,"label":" ","price":6.73},{"type":"B","date":"2018-04-16T01:34:42.000Z","volume":1000,"label":" ","price":6.73},{"type":"A","date":"2018-04-16T01:34:48.000Z","volume":47000,"label":" ","price":6.74},{"type":"B","date":"2018-04-16T01:34:48.000Z","volume":11000,"label":" ","price":6.73},{"type":"B","date":"2018-04-16T01:34:48.000Z","volume":4000,"label":" ","price":6.73},{"type":"B","date":"2018-04-16T01:34:48.000Z","volume":1000,"label":" ","price":6.73},{"type":"B","date":"2018-04-16T01:34:48.000Z","volume":11000,"label":" ","price":6.73},{"type":"B","date":"2018-04-16T01:34:48.000Z","volume":2000,"label":" ","price":6.73},{"type":"B","date":"2018-04-16T01:34:48.000Z","volume":3000,"label":" ","price":6.73},{"type":"B","date":"2018-04-16T01:34:48.000Z","volume":2000,"label":" ","price":6.73},{"type":"B","date":"2018-04-16T01:34:48.000Z","volume":2000,"label":" ","price":6.73},{"type":"B","date":"2018-04-16T01:34:48.000Z","volume":2000,"label":" ","price":6.73},{"type":"B","date":"2018-04-16T01:34:48.000Z","volume":1000,"label":" ","price":6.73},{"type":"A","date":"2018-04-16T01:34:48.000Z","volume":38000,"label":" ","price":6.74},{"type":"B","date":"2018-04-16T01:34:48.000Z","volume":10000,"label":" ","price":6.73},{"type":"B","date":"2018-04-16T01:34:48.000Z","volume":2000,"label":" ","price":6.73},{"type":"B","date":"2018-04-16T01:34:48.000Z","volume":5000,"label":" ","price":6.73},{"type":"B","date":"2018-04-16T01:34:48.000Z","volume":1000,"label":" ","price":6.73},{"type":"B","date":"2018-04-16T01:34:48.000Z","volume":38000,"label":" ","price":6.73},{"type":"B","date":"2018-04-16T01:34:48.000Z","volume":10000,"label":" ","price":6.73},{"type":"B","date":"2018-04-16T01:34:48.000Z","volume":4000,"label":" ","price":6.73},{"type":"B","date":"2018-04-16T01:34:48.000Z","volume":2000,"label":" ","price":6.73},{"type":"B","date":"2018-04-16T01:34:48.000Z","volume":2000,"label":" ","price":6.73},{"type":"B","date":"2018-04-16T01:34:48.000Z","volume":2000,"label":" ","price":6.73},{"type":"B","date":"2018-04-16T01:34:48.000Z","volume":2000,"label":" ","price":6.73},{"type":"B","date":"2018-04-16T01:34:48.000Z","volume":2000,"label":" ","price":6.73},{"type":"B","date":"2018-04-16T01:34:49.000Z","volume":1000,"label":" ","price":6.73},{"type":"B","date":"2018-04-16T01:34:49.000Z","volume":2000,"label":" ","price":6.73},{"type":"B","date":"2018-04-16T01:34:49.000Z","volume":1000,"label":" ","price":6.73},{"type":"B","date":"2018-04-16T01:34:49.000Z","volume":1000,"label":" ","price":6.73},{"type":"B","date":"2018-04-16T01:34:49.000Z","volume":1000,"label":" ","price":6.73},{"type":"B","date":"2018-04-16T01:34:49.000Z","volume":9000,"label":" ","price":6.73},{"type":"B","date":"2018-04-16T01:34:49.000Z","volume":1000,"label":" ","price":6.73},{"type":"B","date":"2018-04-16T01:34:49.000Z","volume":1000,"label":" ","price":6.73},{"type":"B","date":"2018-04-16T01:34:49.000Z","volume":15000,"label":" ","price":6.73},{"type":"B","date":"2018-04-16T01:34:49.000Z","volume":3000,"label":" ","price":6.73},{"type":"B","date":"2018-04-16T01:34:49.000Z","volume":100000,"label":" ","price":6.73},{"type":"B","date":"2018-04-16T01:34:49.000Z","volume":2000,"label":" ","price":6.73},{"type":"B","date":"2018-04-16T01:34:49.000Z","volume":2000,"label":" ","price":6.73},{"type":"B","date":"2018-04-16T01:34:49.000Z","volume":2000,"label":" ","price":6.73},{"type":"B","date":"2018-04-16T01:34:49.000Z","volume":2000,"label":" ","price":6.73},{"type":"B","date":"2018-04-16T01:34:49.000Z","volume":7000,"label":" ","price":6.73},{"type":"B","date":"2018-04-16T01:34:49.000Z","volume":5000,"label":" ","price":6.73},{"type":"B","date":"2018-04-16T01:34:49.000Z","volume":2000,"label":" ","price":6.73},{"type":"B","date":"2018-04-16T01:34:49.000Z","volume":25000,"label":" ","price":6.73},{"type":"B","date":"2018-04-16T01:34:49.000Z","volume":2000,"label":" ","price":6.73},{"type":"B","date":"2018-04-16T01:34:49.000Z","volume":5000,"label":" ","price":6.73},{"type":"B","date":"2018-04-16T01:34:49.000Z","volume":2000,"label":" ","price":6.73},{"type":"B","date":"2018-04-16T01:34:49.000Z","volume":2000,"label":" ","price":6.73},{"type":"B","date":"2018-04-16T01:34:49.000Z","volume":2000,"label":" ","price":6.73},{"type":"B","date":"2018-04-16T01:34:49.000Z","volume":43000,"label":" ","price":6.73},{"type":"B","date":"2018-04-16T01:34:49.000Z","volume":3000,"label":" ","price":6.73},{"type":"B","date":"2018-04-16T01:34:49.000Z","volume":5000,"label":" ","price":6.73},{"type":"B","date":"2018-04-16T01:34:49.000Z","volume":1000,"label":" ","price":6.73},{"type":"B","date":"2018-04-16T01:34:49.000Z","volume":1000,"label":" ","price":6.73},{"type":"B","date":"2018-04-16T01:34:49.000Z","volume":1000,"label":" ","price":6.73},{"type":"B","date":"2018-04-16T01:34:49.000Z","volume":10000,"label":" ","price":6.73},{"type":"B","date":"2018-04-16T01:34:50.000Z","volume":2000,"label":" ","price":6.73},{"type":"B","date":"2018-04-16T01:34:50.000Z","volume":3000,"label":" ","price":6.73},{"type":"B","date":"2018-04-16T01:34:50.000Z","volume":1000,"label":" ","price":6.73},{"type":"B","date":"2018-04-16T01:34:50.000Z","volume":3000,"label":" ","price":6.73},{"type":"A","date":"2018-04-16T01:34:50.000Z","volume":10000,"label":" ","price":6.74},{"type":"B","date":"2018-04-16T01:34:50.000Z","volume":1000,"label":" ","price":6.73},{"type":"B","date":"2018-04-16T01:34:50.000Z","volume":3000,"label":" ","price":6.73},{"type":"B","date":"2018-04-16T01:34:50.000Z","volume":2000,"label":" ","price":6.73},{"type":"B","date":"2018-04-16T01:34:50.000Z","volume":3000,"label":" ","price":6.73},{"type":"B","date":"2018-04-16T01:34:50.000Z","volume":1000,"label":" ","price":6.73},{"type":"B","date":"2018-04-16T01:34:50.000Z","volume":1000,"label":" ","price":6.73},{"type":"B","date":"2018-04-16T01:34:50.000Z","volume":1000,"label":" ","price":6.73},{"type":"B","date":"2018-04-16T01:34:51.000Z","volume":1000,"label":" ","price":6.73},{"type":"A","date":"2018-04-16T01:34:52.000Z","volume":20000,"label":" ","price":6.74},{"type":"B","date":"2018-04-16T01:34:52.000Z","volume":2000,"label":" ","price":6.73},{"type":"B","date":"2018-04-16T01:34:52.000Z","volume":2000,"label":" ","price":6.73},{"type":"B","date":"2018-04-16T01:34:52.000Z","volume":2000,"label":" ","price":6.73},{"type":"B","date":"2018-04-16T01:34:52.000Z","volume":2000,"label":" ","price":6.73},{"type":"B","date":"2018-04-16T01:34:52.000Z","volume":5000,"label":" ","price":6.73},{"type":"B","date":"2018-04-16T01:34:52.000Z","volume":2000,"label":" ","price":6.73},{"type":"B","date":"2018-04-16T01:34:52.000Z","volume":63000,"label":" ","price":6.73},{"type":"B","date":"2018-04-16T01:34:52.000Z","volume":7000,"label":" ","price":6.73},{"type":"A","date":"2018-04-16T01:34:52.000Z","volume":39000,"label":" ","price":6.74},{"type":"B","date":"2018-04-16T01:34:52.000Z","volume":2000,"label":" ","price":6.73},{"type":"B","date":"2018-04-16T01:34:52.000Z","volume":2000,"label":" ","price":6.73},{"type":"B","date":"2018-04-16T01:34:52.000Z","volume":4000,"label":" ","price":6.73},{"type":"B","date":"2018-04-16T01:34:52.000Z","volume":2000,"label":" ","price":6.73},{"type":"B","date":"2018-04-16T01:34:53.000Z","volume":17000,"label":" ","price":6.73},{"type":"B","date":"2018-04-16T01:34:53.000Z","volume":2000,"label":" ","price":6.73},{"type":"B","date":"2018-04-16T01:34:53.000Z","volume":6000,"label":" ","price":6.73},{"type":"B","date":"2018-04-16T01:34:53.000Z","volume":1000,"label":" ","price":6.73},{"type":"B","date":"2018-04-16T01:34:53.000Z","volume":4000,"label":" ","price":6.73},{"type":"B","date":"2018-04-16T01:34:53.000Z","volume":1000,"label":" ","price":6.73},{"type":"B","date":"2018-04-16T01:34:53.000Z","volume":1000,"label":" ","price":6.73},{"type":"A","date":"2018-04-16T01:34:53.000Z","volume":100000,"label":" ","price":6.74},{"type":"B","date":"2018-04-16T01:34:54.000Z","volume":3000,"label":" ","price":6.73},{"type":"B","date":"2018-04-16T01:34:54.000Z","volume":3000,"label":" ","price":6.73},{"type":"B","date":"2018-04-16T01:34:54.000Z","volume":3000,"label":" ","price":6.73},{"type":"B","date":"2018-04-16T01:34:54.000Z","volume":7000,"label":" ","price":6.73},{"type":"B","date":"2018-04-16T01:34:54.000Z","volume":3000,"label":" ","price":6.73},{"type":"B","date":"2018-04-16T01:34:54.000Z","volume":27000,"label":" ","price":6.73},{"type":"B","date":"2018-04-16T01:34:54.000Z","volume":3000,"label":" ","price":6.73},{"type":"B","date":"2018-04-16T01:34:54.000Z","volume":3000,"label":" ","price":6.73},{"type":"B","date":"2018-04-16T01:34:54.000Z","volume":19000,"label":" ","price":6.73},{"type":"B","date":"2018-04-16T01:34:54.000Z","volume":3000,"label":" ","price":6.73},{"type":"B","date":"2018-04-16T01:34:55.000Z","volume":6000,"label":" ","price":6.73},{"type":"B","date":"2018-04-16T01:34:55.000Z","volume":1000,"label":" ","price":6.73},{"type":"B","date":"2018-04-16T01:34:55.000Z","volume":1000,"label":" ","price":6.73},{"type":"A","date":"2018-04-16T01:34:55.000Z","volume":31000,"label":"Y","price":6.74},{"type":"A","date":"2018-04-16T01:34:55.000Z","volume":469000,"label":" ","price":6.74},{"type":"A","date":"2018-04-16T01:34:55.000Z","volume":5000,"label":" ","price":6.74},{"type":"B","date":"2018-04-16T01:34:55.000Z","volume":48000,"label":" ","price":6.74},{"type":"B","date":"2018-04-16T01:34:55.000Z","volume":70000,"label":" ","price":6.73},{"type":"B","date":"2018-04-16T01:34:55.000Z","volume":4000,"label":" ","price":6.73},{"type":"A","date":"2018-04-16T01:34:56.000Z","volume":124000,"label":" ","price":6.75},{"type":"U","date":"2018-04-16T01:34:56.000Z","volume":5000,"label":" ","price":6.74},{"type":"U","date":"2018-04-16T01:34:56.000Z","volume":8000,"label":" ","price":6.74},{"type":"U","date":"2018-04-16T01:34:56.000Z","volume":2000,"label":" ","price":6.74},{"type":"A","date":"2018-04-16T01:34:58.000Z","volume":19000,"label":" ","price":6.75},{"type":"B","date":"2018-04-16T01:35:00.000Z","volume":260000,"label":" ","price":6.74},{"type":"B","date":"2018-04-16T01:35:00.000Z","volume":141000,"label":" ","price":6.74},{"type":"B","date":"2018-04-16T01:35:00.000Z","volume":77000,"label":" ","price":6.74},{"type":"B","date":"2018-04-16T01:35:01.000Z","volume":14000,"label":" ","price":6.73},{"type":"B","date":"2018-04-16T01:35:01.000Z","volume":6000,"label":" ","price":6.73},{"type":"B","date":"2018-04-16T01:35:01.000Z","volume":8000,"label":" ","price":6.73},{"type":"B","date":"2018-04-16T01:35:01.000Z","volume":9000,"label":" ","price":6.73},{"type":"B","date":"2018-04-16T01:35:01.000Z","volume":3000,"label":" ","price":6.73},{"type":"B","date":"2018-04-16T01:35:01.000Z","volume":4000,"label":" ","price":6.73},{"type":"B","date":"2018-04-16T01:35:01.000Z","volume":7000,"label":" ","price":6.73},{"type":"B","date":"2018-04-16T01:35:01.000Z","volume":2000,"label":" ","price":6.73},{"type":"B","date":"2018-04-16T01:35:01.000Z","volume":2000,"label":" ","price":6.73},{"type":"B","date":"2018-04-16T01:35:01.000Z","volume":2000,"label":" ","price":6.73},{"type":"B","date":"2018-04-16T01:35:01.000Z","volume":5000,"label":" ","price":6.74},{"type":"B","date":"2018-04-16T01:35:01.000Z","volume":2000,"label":" ","price":6.73},{"type":"B","date":"2018-04-16T01:35:01.000Z","volume":2000,"label":" ","price":6.73},{"type":"B","date":"2018-04-16T01:35:03.000Z","volume":1000,"label":" ","price":6.73},{"type":"B","date":"2018-04-16T01:35:03.000Z","volume":2000,"label":" ","price":6.73},{"type":"B","date":"2018-04-16T01:35:04.000Z","volume":74000,"label":" ","price":6.73},{"type":"A","date":"2018-04-16T01:35:04.000Z","volume":10000,"label":" ","price":6.73},{"type":"B","date":"2018-04-16T01:35:05.000Z","volume":4000,"label":" ","price":6.72},{"type":"B","date":"2018-04-16T01:35:05.000Z","volume":6000,"label":" ","price":6.72},{"type":"B","date":"2018-04-16T01:35:05.000Z","volume":2000,"label":" ","price":6.72},{"type":"B","date":"2018-04-16T01:35:05.000Z","volume":2000,"label":" ","price":6.72},{"type":"B","date":"2018-04-16T01:35:05.000Z","volume":2000,"label":" ","price":6.72},{"type":"B","date":"2018-04-16T01:35:05.000Z","volume":2000,"label":" ","price":6.72},{"type":"A","date":"2018-04-16T01:35:07.000Z","volume":10000,"label":" ","price":6.73},{"type":"B","date":"2018-04-16T01:35:08.000Z","volume":42000,"label":" ","price":6.72},{"type":"B","date":"2018-04-16T01:35:08.000Z","volume":3000,"label":" ","price":6.72},{"type":"B","date":"2018-04-16T01:35:08.000Z","volume":5000,"label":" ","price":6.72},{"type":"B","date":"2018-04-16T01:35:08.000Z","volume":2000,"label":" ","price":6.72},{"type":"B","date":"2018-04-16T01:35:08.000Z","volume":2000,"label":" ","price":6.72},{"type":"A","date":"2018-04-16T01:35:12.000Z","volume":10000,"label":" ","price":6.73},{"type":"B","date":"2018-04-16T01:35:12.000Z","volume":2000,"label":" ","price":6.72},{"type":"B","date":"2018-04-16T01:35:12.000Z","volume":104000,"label":" ","price":6.72},{"type":"B","date":"2018-04-16T01:35:12.000Z","volume":8000,"label":" ","price":6.72},{"type":"B","date":"2018-04-16T01:35:12.000Z","volume":2000,"label":" ","price":6.72},{"type":"B","date":"2018-04-16T01:35:12.000Z","volume":2000,"label":" ","price":6.72},{"type":"A","date":"2018-04-16T01:35:13.000Z","volume":38000,"label":" ","price":6.73},{"type":"B","date":"2018-04-16T01:35:13.000Z","volume":2000,"label":" ","price":6.72},{"type":"B","date":"2018-04-16T01:35:13.000Z","volume":2000,"label":" ","price":6.72},{"type":"A","date":"2018-04-16T01:35:16.000Z","volume":1000,"label":" ","price":6.73},{"type":"A","date":"2018-04-16T01:35:17.000Z","volume":32000,"label":" ","price":6.73},{"type":"B","date":"2018-04-16T01:35:17.000Z","volume":2000,"label":" ","price":6.72},{"type":"A","date":"2018-04-16T01:35:30.000Z","volume":92000,"label":" ","price":6.73},{"type":"A","date":"2018-04-16T01:35:30.000Z","volume":236000,"label":" ","price":6.73},{"type":"A","date":"2018-04-16T01:35:30.000Z","volume":19000,"label":"Y","price":6.73},{"type":"A","date":"2018-04-16T01:35:30.000Z","volume":20000,"label":"Y","price":6.73},{"type":"A","date":"2018-04-16T01:35:30.000Z","volume":2000,"label":"Y","price":6.73},{"type":"B","date":"2018-04-16T01:35:30.000Z","volume":48000,"label":" ","price":6.72},{"type":"A","date":"2018-04-16T01:35:30.000Z","volume":16000,"label":" ","price":6.73},{"type":"B","date":"2018-04-16T01:35:30.000Z","volume":9000,"label":" ","price":6.73},{"type":"B","date":"2018-04-16T01:35:30.000Z","volume":4000,"label":" ","price":6.73},{"type":"B","date":"2018-04-16T01:35:30.000Z","volume":2000,"label":" ","price":6.73},{"type":"B","date":"2018-04-16T01:35:30.000Z","volume":2000,"label":" ","price":6.73},{"type":"A","date":"2018-04-16T01:35:52.000Z","volume":1000,"label":" ","price":6.74},{"type":"B","date":"2018-04-16T01:36:01.000Z","volume":408000,"label":" ","price":6.73},{"type":"B","date":"2018-04-16T01:36:01.000Z","volume":26000,"label":" ","price":6.72},{"type":"B","date":"2018-04-16T01:36:01.000Z","volume":12000,"label":" ","price":6.72},{"type":"B","date":"2018-04-16T01:36:01.000Z","volume":34000,"label":" ","price":6.72},{"type":"B","date":"2018-04-16T01:36:01.000Z","volume":4000,"label":" ","price":6.72},{"type":"A","date":"2018-04-16T01:36:01.000Z","volume":83000,"label":" ","price":6.74},{"type":"B","date":"2018-04-16T01:36:01.000Z","volume":87000,"label":" ","price":6.72},{"type":"B","date":"2018-04-16T01:36:01.000Z","volume":4000,"label":" ","price":6.72},{"type":"B","date":"2018-04-16T01:36:05.000Z","volume":12000,"label":"Y","price":6.72},{"type":"A","date":"2018-04-16T01:36:12.000Z","volume":10000,"label":" ","price":6.73},{"type":"A","date":"2018-04-16T01:36:14.000Z","volume":96000,"label":" ","price":6.73},{"type":"A","date":"2018-04-16T01:36:15.000Z","volume":10000,"label":" ","price":6.73},{"type":"B","date":"2018-04-16T01:36:16.000Z","volume":2000,"label":" ","price":6.72},{"type":"A","date":"2018-04-16T01:36:18.000Z","volume":96000,"label":" ","price":6.73},{"type":"B","date":"2018-04-16T01:36:18.000Z","volume":5000,"label":" ","price":6.72},{"type":"B","date":"2018-04-16T01:36:18.000Z","volume":3000,"label":" ","price":6.72},{"type":"A","date":"2018-04-16T01:36:18.000Z","volume":45000,"label":" ","price":6.73},{"type":"B","date":"2018-04-16T01:36:18.000Z","volume":2000,"label":" ","price":6.72},{"type":"B","date":"2018-04-16T01:36:18.000Z","volume":1000,"label":" ","price":6.72},{"type":"B","date":"2018-04-16T01:36:18.000Z","volume":2000,"label":" ","price":6.72},{"type":"A","date":"2018-04-16T01:36:19.000Z","volume":11000,"label":" ","price":6.73},{"type":"A","date":"2018-04-16T01:36:27.000Z","volume":98000,"label":" ","price":6.74},{"type":"B","date":"2018-04-16T01:36:27.000Z","volume":7000,"label":" ","price":6.73},{"type":"U","date":"2018-04-16T01:36:27.000Z","volume":200000,"label":"X","price":6.735},{"type":"A","date":"2018-04-16T01:36:58.000Z","volume":10000,"label":" ","price":6.74},{"type":"B","date":"2018-04-16T01:37:12.000Z","volume":1000,"label":" ","price":6.73},{"type":"B","date":"2018-04-16T01:37:13.000Z","volume":503000,"label":" ","price":6.73},{"type":"B","date":"2018-04-16T01:37:13.000Z","volume":244000,"label":" ","price":6.73},{"type":"B","date":"2018-04-16T01:37:13.000Z","volume":7000,"label":" ","price":6.73},{"type":"B","date":"2018-04-16T01:37:13.000Z","volume":15000,"label":" ","price":6.73},{"type":"B","date":"2018-04-16T01:37:13.000Z","volume":12000,"label":" ","price":6.73},{"type":"B","date":"2018-04-16T01:37:13.000Z","volume":4000,"label":" ","price":6.73},{"type":"A","date":"2018-04-16T01:37:13.000Z","volume":75000,"label":" ","price":6.74},{"type":"B","date":"2018-04-16T01:37:13.000Z","volume":16000,"label":" ","price":6.73},{"type":"B","date":"2018-04-16T01:37:13.000Z","volume":2000,"label":" ","price":6.73},{"type":"B","date":"2018-04-16T01:37:13.000Z","volume":13000,"label":" ","price":6.73},{"type":"B","date":"2018-04-16T01:37:13.000Z","volume":13000,"label":" ","price":6.73},{"type":"B","date":"2018-04-16T01:37:13.000Z","volume":34000,"label":" ","price":6.73},{"type":"B","date":"2018-04-16T01:37:13.000Z","volume":3000,"label":" ","price":6.73},{"type":"B","date":"2018-04-16T01:37:13.000Z","volume":3000,"label":" ","price":6.73},{"type":"B","date":"2018-04-16T01:37:13.000Z","volume":7000,"label":" ","price":6.73},{"type":"B","date":"2018-04-16T01:37:13.000Z","volume":6000,"label":" ","price":6.73},{"type":"B","date":"2018-04-16T01:37:13.000Z","volume":3000,"label":" ","price":6.73},{"type":"B","date":"2018-04-16T01:37:13.000Z","volume":3000,"label":" ","price":6.73},{"type":"B","date":"2018-04-16T01:37:13.000Z","volume":10000,"label":" ","price":6.73},{"type":"B","date":"2018-04-16T01:37:13.000Z","volume":10000,"label":" ","price":6.73},{"type":"B","date":"2018-04-16T01:37:13.000Z","volume":105000,"label":" ","price":6.73},{"type":"B","date":"2018-04-16T01:37:13.000Z","volume":68000,"label":" ","price":6.73},{"type":"B","date":"2018-04-16T01:37:13.000Z","volume":6000,"label":" ","price":6.73},{"type":"B","date":"2018-04-16T01:37:13.000Z","volume":2000,"label":" ","price":6.73},{"type":"B","date":"2018-04-16T01:37:13.000Z","volume":9000,"label":" ","price":6.73},{"type":"B","date":"2018-04-16T01:37:13.000Z","volume":1000,"label":" ","price":6.73},{"type":"B","date":"2018-04-16T01:37:13.000Z","volume":5000,"label":" ","price":6.73},{"type":"B","date":"2018-04-16T01:37:14.000Z","volume":1000,"label":" ","price":6.73},{"type":"B","date":"2018-04-16T01:37:14.000Z","volume":4000,"label":" ","price":6.73},{"type":"B","date":"2018-04-16T01:37:14.000Z","volume":9000,"label":" ","price":6.73},{"type":"B","date":"2018-04-16T01:37:14.000Z","volume":4000,"label":" ","price":6.73},{"type":"B","date":"2018-04-16T01:37:14.000Z","volume":2000,"label":" ","price":6.73},{"type":"B","date":"2018-04-16T01:37:14.000Z","volume":4000,"label":" ","price":6.73},{"type":"B","date":"2018-04-16T01:37:14.000Z","volume":2000,"label":" ","price":6.73},{"type":"B","date":"2018-04-16T01:37:14.000Z","volume":1000,"label":" ","price":6.73},{"type":"B","date":"2018-04-16T01:37:14.000Z","volume":1000,"label":" ","price":6.73},{"type":"B","date":"2018-04-16T01:37:14.000Z","volume":23000,"label":" ","price":6.73},{"type":"B","date":"2018-04-16T01:37:14.000Z","volume":1000,"label":" ","price":6.73},{"type":"B","date":"2018-04-16T01:37:14.000Z","volume":4000,"label":" ","price":6.72},{"type":"A","date":"2018-04-16T01:37:17.000Z","volume":109000,"label":" ","price":6.73},{"type":"B","date":"2018-04-16T01:37:17.000Z","volume":1000,"label":" ","price":6.72},{"type":"B","date":"2018-04-16T01:37:17.000Z","volume":3000,"label":" ","price":6.72},{"type":"A","date":"2018-04-16T01:37:29.000Z","volume":10000,"label":" ","price":6.73},{"type":"B","date":"2018-04-16T01:37:33.000Z","volume":3000,"label":" ","price":6.72},{"type":"U","date":"2018-04-16T01:37:36.000Z","volume":1000,"label":"X","price":6.73},{"type":"A","date":"2018-04-16T01:37:36.000Z","volume":7000,"label":" ","price":6.73},{"type":"B","date":"2018-04-16T01:37:37.000Z","volume":9000,"label":" ","price":6.72},{"type":"B","date":"2018-04-16T01:37:37.000Z","volume":2000,"label":" ","price":6.72},{"type":"B","date":"2018-04-16T01:37:38.000Z","volume":1000,"label":" ","price":6.72},{"type":"A","date":"2018-04-16T01:37:43.000Z","volume":20000,"label":" ","price":6.73},{"type":"B","date":"2018-04-16T01:37:45.000Z","volume":5000,"label":" ","price":6.72},{"type":"B","date":"2018-04-16T01:37:45.000Z","volume":2000,"label":" ","price":6.72},{"type":"A","date":"2018-04-16T01:37:46.000Z","volume":7000,"label":" ","price":6.73},{"type":"B","date":"2018-04-16T01:37:46.000Z","volume":107000,"label":" ","price":6.72},{"type":"B","date":"2018-04-16T01:37:47.000Z","volume":4000,"label":" ","price":6.72},{"type":"B","date":"2018-04-16T01:37:47.000Z","volume":3000,"label":" ","price":6.72},{"type":"B","date":"2018-04-16T01:37:47.000Z","volume":107000,"label":" ","price":6.72},{"type":"A","date":"2018-04-16T01:37:47.000Z","volume":39000,"label":" ","price":6.73},{"type":"B","date":"2018-04-16T01:37:47.000Z","volume":2000,"label":" ","price":6.72},{"type":"B","date":"2018-04-16T01:37:47.000Z","volume":8000,"label":" ","price":6.72},{"type":"B","date":"2018-04-16T01:37:47.000Z","volume":119000,"label":" ","price":6.72},{"type":"B","date":"2018-04-16T01:37:47.000Z","volume":4000,"label":" ","price":6.72},{"type":"B","date":"2018-04-16T01:37:47.000Z","volume":3000,"label":" ","price":6.72},{"type":"B","date":"2018-04-16T01:37:47.000Z","volume":24000,"label":" ","price":6.72},{"type":"B","date":"2018-04-16T01:37:47.000Z","volume":2000,"label":" ","price":6.71},{"type":"B","date":"2018-04-16T01:37:47.000Z","volume":2000,"label":" ","price":6.71},{"type":"B","date":"2018-04-16T01:37:47.000Z","volume":3000,"label":" ","price":6.71},{"type":"B","date":"2018-04-16T01:37:47.000Z","volume":1000,"label":" ","price":6.71},{"type":"B","date":"2018-04-16T01:37:47.000Z","volume":10000,"label":" ","price":6.71},{"type":"B","date":"2018-04-16T01:37:47.000Z","volume":4000,"label":" ","price":6.71},{"type":"B","date":"2018-04-16T01:37:47.000Z","volume":4000,"label":" ","price":6.71},{"type":"B","date":"2018-04-16T01:37:47.000Z","volume":1000,"label":" ","price":6.71},{"type":"B","date":"2018-04-16T01:37:47.000Z","volume":13000,"label":" ","price":6.71},{"type":"B","date":"2018-04-16T01:37:47.000Z","volume":1000,"label":" ","price":6.71},{"type":"B","date":"2018-04-16T01:37:47.000Z","volume":3000,"label":" ","price":6.71},{"type":"B","date":"2018-04-16T01:37:47.000Z","volume":1000,"label":" ","price":6.71},{"type":"A","date":"2018-04-16T01:37:48.000Z","volume":30000,"label":" ","price":6.72},{"type":"B","date":"2018-04-16T01:37:48.000Z","volume":1000,"label":" ","price":6.71},{"type":"A","date":"2018-04-16T01:37:55.000Z","volume":1000,"label":" ","price":6.72},{"type":"A","date":"2018-04-16T01:37:56.000Z","volume":10000,"label":" ","price":6.72},{"type":"B","date":"2018-04-16T01:37:56.000Z","volume":2000,"label":" ","price":6.71},{"type":"B","date":"2018-04-16T01:37:56.000Z","volume":1000,"label":" ","price":6.71},{"type":"B","date":"2018-04-16T01:37:56.000Z","volume":1000,"label":" ","price":6.71},{"type":"A","date":"2018-04-16T01:38:04.000Z","volume":1000,"label":" ","price":6.72},{"type":"B","date":"2018-04-16T01:38:05.000Z","volume":1057000,"label":" ","price":6.71},{"type":"B","date":"2018-04-16T01:38:05.000Z","volume":3000,"label":" ","price":6.7},{"type":"B","date":"2018-04-16T01:38:05.000Z","volume":2000,"label":" ","price":6.7},{"type":"B","date":"2018-04-16T01:38:05.000Z","volume":20000,"label":" ","price":6.71},{"type":"B","date":"2018-04-16T01:38:05.000Z","volume":8000,"label":" ","price":6.7},{"type":"B","date":"2018-04-16T01:38:05.000Z","volume":199000,"label":" ","price":6.71},{"type":"B","date":"2018-04-16T01:38:05.000Z","volume":11000,"label":" ","price":6.7},{"type":"B","date":"2018-04-16T01:38:05.000Z","volume":1000,"label":" ","price":6.7},{"type":"B","date":"2018-04-16T01:38:05.000Z","volume":49000,"label":" ","price":6.7},{"type":"A","date":"2018-04-16T01:38:05.000Z","volume":10000,"label":" ","price":6.71},{"type":"B","date":"2018-04-16T01:38:05.000Z","volume":27000,"label":" ","price":6.7},{"type":"B","date":"2018-04-16T01:38:07.000Z","volume":18000,"label":" ","price":6.7},{"type":"B","date":"2018-04-16T01:38:07.000Z","volume":32000,"label":" ","price":6.7},{"type":"A","date":"2018-04-16T01:38:07.000Z","volume":269000,"label":" ","price":6.71},{"type":"A","date":"2018-04-16T01:38:08.000Z","volume":300000,"label":" ","price":6.71},{"type":"A","date":"2018-04-16T01:38:08.000Z","volume":530000,"label":" ","price":6.71},{"type":"A","date":"2018-04-16T01:38:08.000Z","volume":253000,"label":" ","price":6.71},{"type":"A","date":"2018-04-16T01:38:08.000Z","volume":16000,"label":" ","price":6.71},{"type":"A","date":"2018-04-16T01:38:09.000Z","volume":227000,"label":" ","price":6.72},{"type":"A","date":"2018-04-16T01:38:14.000Z","volume":39000,"label":" ","price":6.72},{"type":"A","date":"2018-04-16T01:38:20.000Z","volume":112000,"label":" ","price":6.72},{"type":"A","date":"2018-04-16T01:38:21.000Z","volume":112000,"label":" ","price":6.72},{"type":"A","date":"2018-04-16T01:38:21.000Z","volume":47000,"label":" ","price":6.72},{"type":"B","date":"2018-04-16T01:38:21.000Z","volume":40000,"label":" ","price":6.71},{"type":"A","date":"2018-04-16T01:38:21.000Z","volume":112000,"label":" ","price":6.72},{"type":"A","date":"2018-04-16T01:38:21.000Z","volume":114000,"label":" ","price":6.72},{"type":"A","date":"2018-04-16T01:38:25.000Z","volume":47000,"label":" ","price":6.72},{"type":"B","date":"2018-04-16T01:38:26.000Z","volume":530000,"label":" ","price":6.71},{"type":"B","date":"2018-04-16T01:38:27.000Z","volume":11000,"label":" ","price":6.7},{"type":"A","date":"2018-04-16T01:38:29.000Z","volume":48000,"label":" ","price":6.71},{"type":"B","date":"2018-04-16T01:38:29.000Z","volume":14000,"label":" ","price":6.7},{"type":"B","date":"2018-04-16T01:38:31.000Z","volume":14000,"label":" ","price":6.7},{"type":"A","date":"2018-04-16T01:38:32.000Z","volume":1000,"label":" ","price":6.71},{"type":"A","date":"2018-04-16T01:38:45.000Z","volume":3000,"label":"Y","price":6.71},{"type":"A","date":"2018-04-16T01:38:45.000Z","volume":117000,"label":" ","price":6.71},{"type":"A","date":"2018-04-16T01:38:45.000Z","volume":303000,"label":" ","price":6.71},{"type":"A","date":"2018-04-16T01:38:49.000Z","volume":79000,"label":" ","price":6.72},{"type":"B","date":"2018-04-16T01:39:03.000Z","volume":7000,"label":" ","price":6.71},{"type":"B","date":"2018-04-16T01:39:06.000Z","volume":4000,"label":" ","price":6.71},{"type":"B","date":"2018-04-16T01:39:07.000Z","volume":152000,"label":" ","price":6.71},{"type":"B","date":"2018-04-16T01:39:07.000Z","volume":4000,"label":" ","price":6.71},{"type":"B","date":"2018-04-16T01:39:08.000Z","volume":15000,"label":" ","price":6.71},{"type":"B","date":"2018-04-16T01:39:08.000Z","volume":60000,"label":" ","price":6.71},{"type":"B","date":"2018-04-16T01:39:12.000Z","volume":2000,"label":" ","price":6.71},{"type":"B","date":"2018-04-16T01:39:13.000Z","volume":178000,"label":" ","price":6.71},{"type":"A","date":"2018-04-16T01:39:13.000Z","volume":15000,"label":" ","price":6.71},{"type":"A","date":"2018-04-16T01:39:17.000Z","volume":40000,"label":" ","price":6.71},{"type":"A","date":"2018-04-16T01:39:17.000Z","volume":40000,"label":" ","price":6.71},{"type":"A","date":"2018-04-16T01:39:20.000Z","volume":57000,"label":" ","price":6.71},{"type":"B","date":"2018-04-16T01:39:25.000Z","volume":48000,"label":" ","price":6.71},{"type":"B","date":"2018-04-16T01:39:29.000Z","volume":10000,"label":" ","price":6.71},{"type":"B","date":"2018-04-16T01:39:29.000Z","volume":505000,"label":" ","price":6.7},{"type":"B","date":"2018-04-16T01:39:29.000Z","volume":276000,"label":" ","price":6.7},{"type":"A","date":"2018-04-16T01:39:29.000Z","volume":38000,"label":" ","price":6.72},{"type":"A","date":"2018-04-16T01:39:32.000Z","volume":3000,"label":" ","price":6.71},{"type":"A","date":"2018-04-16T01:39:32.000Z","volume":2000,"label":" ","price":6.71},{"type":"A","date":"2018-04-16T01:39:33.000Z","volume":97000,"label":" ","price":6.71},{"type":"B","date":"2018-04-16T01:39:33.000Z","volume":29000,"label":" ","price":6.7},{"type":"B","date":"2018-04-16T01:39:33.000Z","volume":2000,"label":" ","price":6.7},{"type":"B","date":"2018-04-16T01:39:37.000Z","volume":30000,"label":" ","price":6.7},{"type":"B","date":"2018-04-16T01:39:37.000Z","volume":8000,"label":" ","price":6.7},{"type":"B","date":"2018-04-16T01:39:39.000Z","volume":1000,"label":" ","price":6.7},{"type":"B","date":"2018-04-16T01:39:40.000Z","volume":269000,"label":" ","price":6.7},{"type":"B","date":"2018-04-16T01:39:40.000Z","volume":42000,"label":" ","price":6.7},{"type":"A","date":"2018-04-16T01:39:41.000Z","volume":10000,"label":" ","price":6.7},{"type":"A","date":"2018-04-16T01:39:42.000Z","volume":26000,"label":" ","price":6.7},{"type":"U","date":"2018-04-16T01:39:46.000Z","volume":50000,"label":" ","price":6.7},{"type":"A","date":"2018-04-16T01:39:52.000Z","volume":10000,"label":" ","price":6.71},{"type":"U","date":"2018-04-16T01:39:52.000Z","volume":3000,"label":" ","price":6.7},{"type":"A","date":"2018-04-16T01:39:54.000Z","volume":10000,"label":" ","price":6.7},{"type":"A","date":"2018-04-16T01:39:58.000Z","volume":20000,"label":" ","price":6.7},{"type":"A","date":"2018-04-16T01:40:02.000Z","volume":10000,"label":" ","price":6.7},{"type":"A","date":"2018-04-16T01:40:05.000Z","volume":3000,"label":" ","price":6.7},{"type":"A","date":"2018-04-16T01:40:10.000Z","volume":147000,"label":" ","price":6.7},{"type":"A","date":"2018-04-16T01:40:10.000Z","volume":73000,"label":" ","price":6.7},{"type":"A","date":"2018-04-16T01:40:10.000Z","volume":44000,"label":" ","price":6.7},{"type":"A","date":"2018-04-16T01:40:18.000Z","volume":110000,"label":" ","price":6.7},{"type":"A","date":"2018-04-16T01:40:18.000Z","volume":26000,"label":" ","price":6.7},{"type":"A","date":"2018-04-16T01:40:18.000Z","volume":17000,"label":" ","price":6.7},{"type":"A","date":"2018-04-16T01:40:18.000Z","volume":8000,"label":" ","price":6.7},{"type":"A","date":"2018-04-16T01:40:18.000Z","volume":4000,"label":" ","price":6.7},{"type":"A","date":"2018-04-16T01:40:18.000Z","volume":4000,"label":" ","price":6.7},{"type":"A","date":"2018-04-16T01:40:18.000Z","volume":2000,"label":" ","price":6.7},{"type":"A","date":"2018-04-16T01:40:18.000Z","volume":1000,"label":" ","price":6.7},{"type":"B","date":"2018-04-16T01:40:18.000Z","volume":33000,"label":" ","price":6.7},{"type":"U","date":"2018-04-16T01:40:19.000Z","volume":9000,"label":" ","price":6.7},{"type":"U","date":"2018-04-16T01:40:19.000Z","volume":1000,"label":" ","price":6.7},{"type":"B","date":"2018-04-16T01:40:19.000Z","volume":29000,"label":" ","price":6.7},{"type":"A","date":"2018-04-16T01:40:23.000Z","volume":100000,"label":" ","price":6.7},{"type":"A","date":"2018-04-16T01:40:28.000Z","volume":8000,"label":" ","price":6.7},{"type":"A","date":"2018-04-16T01:40:33.000Z","volume":1000,"label":" ","price":6.7},{"type":"B","date":"2018-04-16T01:40:33.000Z","volume":1000,"label":" ","price":6.7},{"type":"B","date":"2018-04-16T01:40:33.000Z","volume":2000,"label":" ","price":6.7},{"type":"A","date":"2018-04-16T01:40:42.000Z","volume":5000,"label":" ","price":6.71},{"type":"B","date":"2018-04-16T01:40:42.000Z","volume":1000,"label":" ","price":6.7},{"type":"B","date":"2018-04-16T01:40:43.000Z","volume":16000,"label":"Y","price":6.7},{"type":"B","date":"2018-04-16T01:40:43.000Z","volume":19000,"label":" ","price":6.7},{"type":"A","date":"2018-04-16T01:40:52.000Z","volume":20000,"label":" ","price":6.7},{"type":"U","date":"2018-04-16T01:40:53.000Z","volume":21000,"label":"X","price":6.7},{"type":"A","date":"2018-04-16T01:41:00.000Z","volume":6000,"label":" ","price":6.7},{"type":"A","date":"2018-04-16T01:41:08.000Z","volume":1000,"label":" ","price":6.7},{"type":"A","date":"2018-04-16T01:41:08.000Z","volume":81000,"label":" ","price":6.7},{"type":"A","date":"2018-04-16T01:41:08.000Z","volume":20000,"label":" ","price":6.7},{"type":"A","date":"2018-04-16T01:41:08.000Z","volume":31000,"label":" ","price":6.7},{"type":"B","date":"2018-04-16T01:41:13.000Z","volume":87000,"label":" ","price":6.7},{"type":"B","date":"2018-04-16T01:41:16.000Z","volume":130000,"label":" ","price":6.7},{"type":"B","date":"2018-04-16T01:41:16.000Z","volume":17000,"label":" ","price":6.7},{"type":"B","date":"2018-04-16T01:41:16.000Z","volume":26000,"label":" ","price":6.7},{"type":"A","date":"2018-04-16T01:41:20.000Z","volume":34000,"label":" ","price":6.7},{"type":"A","date":"2018-04-16T01:41:20.000Z","volume":8000,"label":" ","price":6.7},{"type":"B","date":"2018-04-16T01:41:28.000Z","volume":8000,"label":"Y","price":6.7},{"type":"B","date":"2018-04-16T01:41:28.000Z","volume":2000,"label":" ","price":6.7},{"type":"B","date":"2018-04-16T01:41:28.000Z","volume":2000,"label":" ","price":6.7},{"type":"B","date":"2018-04-16T01:41:30.000Z","volume":90000,"label":" ","price":6.7},{"type":"B","date":"2018-04-16T01:41:30.000Z","volume":18000,"label":" ","price":6.7},{"type":"A","date":"2018-04-16T01:41:42.000Z","volume":202000,"label":" ","price":6.7},{"type":"A","date":"2018-04-16T01:41:42.000Z","volume":78000,"label":" ","price":6.7},{"type":"A","date":"2018-04-16T01:41:42.000Z","volume":13000,"label":" ","price":6.7},{"type":"B","date":"2018-04-16T01:41:55.000Z","volume":50000,"label":" ","price":6.7},{"type":"A","date":"2018-04-16T01:41:55.000Z","volume":10000,"label":" ","price":6.7},{"type":"A","date":"2018-04-16T01:41:55.000Z","volume":30000,"label":" ","price":6.7},{"type":"A","date":"2018-04-16T01:41:55.000Z","volume":13000,"label":" ","price":6.7},{"type":"B","date":"2018-04-16T01:42:01.000Z","volume":121000,"label":" ","price":6.7},{"type":"U","date":"2018-04-16T01:42:02.000Z","volume":1000,"label":" ","price":6.7},{"type":"B","date":"2018-04-16T01:42:02.000Z","volume":9000,"label":" ","price":6.7},{"type":"B","date":"2018-04-16T01:42:02.000Z","volume":1000,"label":" ","price":6.7},{"type":"U","date":"2018-04-16T01:42:05.000Z","volume":1000,"label":" ","price":6.7},{"type":"B","date":"2018-04-16T01:42:08.000Z","volume":1000,"label":" ","price":6.7},{"type":"A","date":"2018-04-16T01:42:22.000Z","volume":10000,"label":" ","price":6.7},{"type":"A","date":"2018-04-16T01:42:22.000Z","volume":178000,"label":" ","price":6.7},{"type":"A","date":"2018-04-16T01:42:22.000Z","volume":69000,"label":" ","price":6.7},{"type":"A","date":"2018-04-16T01:42:22.000Z","volume":16000,"label":" ","price":6.7},{"type":"A","date":"2018-04-16T01:42:22.000Z","volume":4000,"label":" ","price":6.7},{"type":"B","date":"2018-04-16T01:42:39.000Z","volume":3000,"label":" ","price":6.7},{"type":"B","date":"2018-04-16T01:42:41.000Z","volume":10000,"label":" ","price":6.7},{"type":"B","date":"2018-04-16T01:42:45.000Z","volume":1000,"label":" ","price":6.7},{"type":"B","date":"2018-04-16T01:42:48.000Z","volume":3000,"label":" ","price":6.7},{"type":"B","date":"2018-04-16T01:42:48.000Z","volume":4000,"label":"Y","price":6.7},{"type":"B","date":"2018-04-16T01:42:58.000Z","volume":3000,"label":" ","price":6.7},{"type":"B","date":"2018-04-16T01:43:03.000Z","volume":859000,"label":" ","price":6.7},{"type":"B","date":"2018-04-16T01:43:03.000Z","volume":75000,"label":" ","price":6.7},{"type":"B","date":"2018-04-16T01:43:03.000Z","volume":31000,"label":" ","price":6.7},{"type":"B","date":"2018-04-16T01:43:03.000Z","volume":39000,"label":" ","price":6.7},{"type":"B","date":"2018-04-16T01:43:03.000Z","volume":3000,"label":" ","price":6.7},{"type":"B","date":"2018-04-16T01:43:03.000Z","volume":2000,"label":" ","price":6.7},{"type":"A","date":"2018-04-16T01:43:07.000Z","volume":77000,"label":" ","price":6.71},{"type":"B","date":"2018-04-16T01:43:07.000Z","volume":12000,"label":" ","price":6.7},{"type":"B","date":"2018-04-16T01:43:09.000Z","volume":10000,"label":" ","price":6.7},{"type":"B","date":"2018-04-16T01:43:09.000Z","volume":32000,"label":" ","price":6.7},{"type":"B","date":"2018-04-16T01:43:10.000Z","volume":614000,"label":" ","price":6.7},{"type":"B","date":"2018-04-16T01:43:10.000Z","volume":5000,"label":" ","price":6.7},{"type":"A","date":"2018-04-16T01:43:11.000Z","volume":1000,"label":" ","price":6.7},{"type":"A","date":"2018-04-16T01:43:11.000Z","volume":96000,"label":" ","price":6.7},{"type":"A","date":"2018-04-16T01:43:13.000Z","volume":275000,"label":" ","price":6.7},{"type":"A","date":"2018-04-16T01:43:13.000Z","volume":711000,"label":" ","price":6.7},{"type":"A","date":"2018-04-16T01:43:14.000Z","volume":4000,"label":" ","price":6.71},{"type":"A","date":"2018-04-16T01:43:15.000Z","volume":175000,"label":" ","price":6.71},{"type":"A","date":"2018-04-16T01:43:17.000Z","volume":482000,"label":" ","price":6.71},{"type":"A","date":"2018-04-16T01:43:19.000Z","volume":85000,"label":" ","price":6.71},{"type":"A","date":"2018-04-16T01:43:21.000Z","volume":6000,"label":" ","price":6.71},{"type":"A","date":"2018-04-16T01:43:22.000Z","volume":1319000,"label":" ","price":6.71},{"type":"A","date":"2018-04-16T01:43:22.000Z","volume":655000,"label":" ","price":6.71},{"type":"A","date":"2018-04-16T01:43:23.000Z","volume":81000,"label":" ","price":6.72},{"type":"B","date":"2018-04-16T01:43:33.000Z","volume":5000,"label":" ","price":6.72},{"type":"A","date":"2018-04-16T01:43:37.000Z","volume":41000,"label":" ","price":6.73},{"type":"A","date":"2018-04-16T01:43:48.000Z","volume":450000,"label":" ","price":6.73},{"type":"A","date":"2018-04-16T01:43:48.000Z","volume":41000,"label":" ","price":6.73},{"type":"A","date":"2018-04-16T01:43:48.000Z","volume":675000,"label":" ","price":6.73},{"type":"U","date":"2018-04-16T01:43:48.000Z","volume":17000,"label":"X","price":6.73},{"type":"U","date":"2018-04-16T01:43:48.000Z","volume":28000,"label":"X","price":6.73},{"type":"A","date":"2018-04-16T01:43:48.000Z","volume":7000,"label":" ","price":6.73},{"type":"U","date":"2018-04-16T01:43:49.000Z","volume":627,"label":"D","price":6.64},{"type":"B","date":"2018-04-16T01:43:52.000Z","volume":11000,"label":" ","price":6.72},{"type":"A","date":"2018-04-16T01:43:53.000Z","volume":251000,"label":" ","price":6.73},{"type":"B","date":"2018-04-16T01:44:11.000Z","volume":154000,"label":" ","price":6.73},{"type":"B","date":"2018-04-16T01:44:11.000Z","volume":92000,"label":" ","price":6.73},{"type":"B","date":"2018-04-16T01:44:11.000Z","volume":1000,"label":" ","price":6.73},{"type":"A","date":"2018-04-16T01:44:29.000Z","volume":100000,"label":" ","price":6.73},{"type":"B","date":"2018-04-16T01:44:33.000Z","volume":20000,"label":" ","price":6.72},{"type":"A","date":"2018-04-16T01:44:37.000Z","volume":1000,"label":" ","price":6.73},{"type":"B","date":"2018-04-16T01:44:39.000Z","volume":4000,"label":" ","price":6.72},{"type":"B","date":"2018-04-16T01:44:41.000Z","volume":1000,"label":" ","price":6.72},{"type":"B","date":"2018-04-16T01:44:44.000Z","volume":500000,"label":" ","price":6.72},{"type":"B","date":"2018-04-16T01:44:44.000Z","volume":10000,"label":" ","price":6.72},{"type":"U","date":"2018-04-16T01:44:46.000Z","volume":12000,"label":" ","price":6.72},{"type":"B","date":"2018-04-16T01:44:46.000Z","volume":91000,"label":" ","price":6.71},{"type":"B","date":"2018-04-16T01:44:53.000Z","volume":21000,"label":" ","price":6.71},{"type":"A","date":"2018-04-16T01:44:53.000Z","volume":4000,"label":" ","price":6.73},{"type":"B","date":"2018-04-16T01:44:55.000Z","volume":4000,"label":" ","price":6.71},{"type":"B","date":"2018-04-16T01:44:58.000Z","volume":5000,"label":" ","price":6.72},{"type":"B","date":"2018-04-16T01:45:01.000Z","volume":1000,"label":" ","price":6.72},{"type":"B","date":"2018-04-16T01:45:03.000Z","volume":94000,"label":" ","price":6.72},{"type":"B","date":"2018-04-16T01:45:04.000Z","volume":14000,"label":" ","price":6.71},{"type":"B","date":"2018-04-16T01:45:04.000Z","volume":8000,"label":" ","price":6.71},{"type":"B","date":"2018-04-16T01:45:08.000Z","volume":16000,"label":" ","price":6.71},{"type":"U","date":"2018-04-16T01:45:12.000Z","volume":15000,"label":" ","price":6.72},{"type":"B","date":"2018-04-16T01:45:18.000Z","volume":31000,"label":" ","price":6.72},{"type":"B","date":"2018-04-16T01:45:19.000Z","volume":12000,"label":" ","price":6.72},{"type":"B","date":"2018-04-16T01:45:29.000Z","volume":2000,"label":" ","price":6.72},{"type":"B","date":"2018-04-16T01:45:36.000Z","volume":10000,"label":" ","price":6.72},{"type":"B","date":"2018-04-16T01:45:38.000Z","volume":1000,"label":" ","price":6.72},{"type":"B","date":"2018-04-16T01:45:40.000Z","volume":3000,"label":" ","price":6.72},{"type":"B","date":"2018-04-16T01:45:42.000Z","volume":1000,"label":" ","price":6.72},{"type":"B","date":"2018-04-16T01:45:42.000Z","volume":1000,"label":" ","price":6.72},{"type":"B","date":"2018-04-16T01:45:43.000Z","volume":11000,"label":" ","price":6.72},{"type":"B","date":"2018-04-16T01:45:45.000Z","volume":2000,"label":" ","price":6.72},{"type":"B","date":"2018-04-16T01:45:45.000Z","volume":5000,"label":" ","price":6.72},{"type":"B","date":"2018-04-16T01:45:45.000Z","volume":1000,"label":" ","price":6.72},{"type":"B","date":"2018-04-16T01:45:45.000Z","volume":262000,"label":" ","price":6.72},{"type":"B","date":"2018-04-16T01:45:45.000Z","volume":41000,"label":" ","price":6.71},{"type":"B","date":"2018-04-16T01:45:45.000Z","volume":19000,"label":" ","price":6.71},{"type":"B","date":"2018-04-16T01:45:46.000Z","volume":2000,"label":" ","price":6.71},{"type":"B","date":"2018-04-16T01:45:46.000Z","volume":3000,"label":" ","price":6.71},{"type":"B","date":"2018-04-16T01:45:51.000Z","volume":8000,"label":" ","price":6.71},{"type":"B","date":"2018-04-16T01:45:51.000Z","volume":14000,"label":" ","price":6.71},{"type":"B","date":"2018-04-16T01:45:52.000Z","volume":2000,"label":" ","price":6.71},{"type":"B","date":"2018-04-16T01:45:52.000Z","volume":4000,"label":" ","price":6.71},{"type":"B","date":"2018-04-16T01:45:58.000Z","volume":11000,"label":" ","price":6.72},{"type":"B","date":"2018-04-16T01:45:58.000Z","volume":22000,"label":" ","price":6.72},{"type":"B","date":"2018-04-16T01:45:59.000Z","volume":2000,"label":" ","price":6.72},{"type":"B","date":"2018-04-16T01:45:59.000Z","volume":6000,"label":" ","price":6.72},{"type":"B","date":"2018-04-16T01:46:01.000Z","volume":27000,"label":" ","price":6.72},{"type":"U","date":"2018-04-16T01:46:02.000Z","volume":3000,"label":" ","price":6.72},{"type":"U","date":"2018-04-16T01:46:02.000Z","volume":4000,"label":" ","price":6.72},{"type":"U","date":"2018-04-16T01:46:03.000Z","volume":10000,"label":"Y","price":6.72},{"type":"B","date":"2018-04-16T01:46:04.000Z","volume":100000,"label":" ","price":6.72},{"type":"B","date":"2018-04-16T01:46:04.000Z","volume":83000,"label":" ","price":6.72},{"type":"B","date":"2018-04-16T01:46:05.000Z","volume":1000,"label":" ","price":6.71},{"type":"B","date":"2018-04-16T01:46:06.000Z","volume":808000,"label":" ","price":6.71},{"type":"B","date":"2018-04-16T01:46:06.000Z","volume":14000,"label":" ","price":6.71},{"type":"B","date":"2018-04-16T01:46:06.000Z","volume":30000,"label":" ","price":6.71},{"type":"B","date":"2018-04-16T01:46:06.000Z","volume":7000,"label":" ","price":6.71},{"type":"B","date":"2018-04-16T01:46:06.000Z","volume":8000,"label":" ","price":6.71},{"type":"B","date":"2018-04-16T01:46:07.000Z","volume":8000,"label":" ","price":6.71},{"type":"B","date":"2018-04-16T01:46:07.000Z","volume":108000,"label":" ","price":6.71},{"type":"B","date":"2018-04-16T01:46:07.000Z","volume":12000,"label":" ","price":6.71},{"type":"B","date":"2018-04-16T01:46:07.000Z","volume":39000,"label":" ","price":6.71},{"type":"B","date":"2018-04-16T01:46:07.000Z","volume":4000,"label":" ","price":6.71},{"type":"B","date":"2018-04-16T01:46:08.000Z","volume":11000,"label":" ","price":6.71},{"type":"A","date":"2018-04-16T01:46:09.000Z","volume":5000,"label":" ","price":6.72},{"type":"A","date":"2018-04-16T01:46:09.000Z","volume":428000,"label":" ","price":6.72},{"type":"B","date":"2018-04-16T01:46:10.000Z","volume":21000,"label":" ","price":6.72},{"type":"A","date":"2018-04-16T01:46:10.000Z","volume":8000,"label":" ","price":6.73},{"type":"B","date":"2018-04-16T01:46:10.000Z","volume":34000,"label":" ","price":6.72},{"type":"B","date":"2018-04-16T01:46:16.000Z","volume":7000,"label":" ","price":6.72},{"type":"B","date":"2018-04-16T01:46:19.000Z","volume":100000,"label":"Y","price":6.72},{"type":"B","date":"2018-04-16T01:46:26.000Z","volume":72000,"label":" ","price":6.72},{"type":"B","date":"2018-04-16T01:46:27.000Z","volume":16000,"label":" ","price":6.72},{"type":"B","date":"2018-04-16T01:46:27.000Z","volume":31000,"label":" ","price":6.72},{"type":"A","date":"2018-04-16T01:46:27.000Z","volume":4000,"label":" ","price":6.73},{"type":"A","date":"2018-04-16T01:46:30.000Z","volume":34000,"label":" ","price":6.73},{"type":"B","date":"2018-04-16T01:46:33.000Z","volume":3000,"label":" ","price":6.72},{"type":"B","date":"2018-04-16T01:46:37.000Z","volume":12000,"label":" ","price":6.72},{"type":"B","date":"2018-04-16T01:46:40.000Z","volume":10000,"label":" ","price":6.72},{"type":"B","date":"2018-04-16T01:46:40.000Z","volume":167000,"label":" ","price":6.72},{"type":"B","date":"2018-04-16T01:46:40.000Z","volume":128000,"label":" ","price":6.72},{"type":"B","date":"2018-04-16T01:46:40.000Z","volume":51000,"label":" ","price":6.72},{"type":"B","date":"2018-04-16T01:46:42.000Z","volume":27000,"label":" ","price":6.71},{"type":"B","date":"2018-04-16T01:46:42.000Z","volume":3000,"label":" ","price":6.71},{"type":"B","date":"2018-04-16T01:46:42.000Z","volume":62000,"label":" ","price":6.71},{"type":"B","date":"2018-04-16T01:46:48.000Z","volume":372000,"label":" ","price":6.71},{"type":"B","date":"2018-04-16T01:46:57.000Z","volume":2000,"label":" ","price":6.7},{"type":"B","date":"2018-04-16T01:46:57.000Z","volume":9000,"label":" ","price":6.7},{"type":"B","date":"2018-04-16T01:46:57.000Z","volume":5000,"label":" ","price":6.7},{"type":"B","date":"2018-04-16T01:46:58.000Z","volume":7000,"label":" ","price":6.7},{"type":"B","date":"2018-04-16T01:47:00.000Z","volume":2000,"label":" ","price":6.7},{"type":"B","date":"2018-04-16T01:47:06.000Z","volume":13000,"label":" ","price":6.71},{"type":"B","date":"2018-04-16T01:47:10.000Z","volume":1000,"label":"Y","price":6.71},{"type":"B","date":"2018-04-16T01:47:14.000Z","volume":16000,"label":" ","price":6.71},{"type":"B","date":"2018-04-16T01:47:15.000Z","volume":2000,"label":" ","price":6.71},{"type":"A","date":"2018-04-16T01:47:19.000Z","volume":20000,"label":" ","price":6.72},{"type":"B","date":"2018-04-16T01:47:19.000Z","volume":93000,"label":" ","price":6.71},{"type":"B","date":"2018-04-16T01:47:19.000Z","volume":7000,"label":" ","price":6.71},{"type":"B","date":"2018-04-16T01:47:20.000Z","volume":12000,"label":" ","price":6.7},{"type":"B","date":"2018-04-16T01:47:25.000Z","volume":1000,"label":" ","price":6.7},{"type":"A","date":"2018-04-16T01:47:25.000Z","volume":6000,"label":" ","price":6.71},{"type":"B","date":"2018-04-16T01:47:27.000Z","volume":4000,"label":" ","price":6.7},{"type":"B","date":"2018-04-16T01:47:30.000Z","volume":2000,"label":" ","price":6.7},{"type":"U","date":"2018-04-16T01:47:31.000Z","volume":2000,"label":"X","price":6.713},{"type":"B","date":"2018-04-16T01:47:40.000Z","volume":11000,"label":" ","price":6.7},{"type":"A","date":"2018-04-16T01:47:41.000Z","volume":15000,"label":" ","price":6.71},{"type":"B","date":"2018-04-16T01:47:45.000Z","volume":2000,"label":" ","price":6.7},{"type":"B","date":"2018-04-16T01:47:50.000Z","volume":1000,"label":" ","price":6.7},{"type":"B","date":"2018-04-16T01:47:54.000Z","volume":10000,"label":" ","price":6.7},{"type":"B","date":"2018-04-16T01:48:00.000Z","volume":1000,"label":" ","price":6.7},{"type":"B","date":"2018-04-16T01:48:01.000Z","volume":13000,"label":" ","price":6.7},{"type":"B","date":"2018-04-16T01:48:11.000Z","volume":13000,"label":"Y","price":6.7},{"type":"B","date":"2018-04-16T01:48:11.000Z","volume":2000,"label":" ","price":6.7},{"type":"A","date":"2018-04-16T01:48:14.000Z","volume":10000,"label":" ","price":6.71},{"type":"A","date":"2018-04-16T01:48:14.000Z","volume":20000,"label":" ","price":6.71},{"type":"B","date":"2018-04-16T01:48:18.000Z","volume":1000,"label":" ","price":6.7},{"type":"B","date":"2018-04-16T01:48:31.000Z","volume":769000,"label":" ","price":6.7},{"type":"B","date":"2018-04-16T01:48:31.000Z","volume":18000,"label":" ","price":6.69},{"type":"U","date":"2018-04-16T01:48:33.000Z","volume":10000,"label":" ","price":6.7},{"type":"B","date":"2018-04-16T01:48:35.000Z","volume":64000,"label":" ","price":6.69},{"type":"B","date":"2018-04-16T01:48:38.000Z","volume":9000,"label":" ","price":6.69},{"type":"B","date":"2018-04-16T01:48:40.000Z","volume":10000,"label":" ","price":6.69},{"type":"B","date":"2018-04-16T01:48:45.000Z","volume":3000,"label":" ","price":6.69},{"type":"B","date":"2018-04-16T01:48:48.000Z","volume":11000,"label":" ","price":6.69},{"type":"B","date":"2018-04-16T01:48:50.000Z","volume":2000,"label":" ","price":6.69},{"type":"A","date":"2018-04-16T01:48:50.000Z","volume":2000,"label":" ","price":6.7},{"type":"A","date":"2018-04-16T01:48:53.000Z","volume":10000,"label":" ","price":6.7},{"type":"B","date":"2018-04-16T01:48:55.000Z","volume":3000,"label":" ","price":6.69},{"type":"B","date":"2018-04-16T01:48:55.000Z","volume":12000,"label":" ","price":6.69},{"type":"B","date":"2018-04-16T01:49:00.000Z","volume":4000,"label":" ","price":6.69},{"type":"B","date":"2018-04-16T01:49:01.000Z","volume":10000,"label":" ","price":6.69},{"type":"B","date":"2018-04-16T01:49:05.000Z","volume":23000,"label":" ","price":6.69},{"type":"U","date":"2018-04-16T01:49:05.000Z","volume":5000,"label":"X","price":6.7},{"type":"U","date":"2018-04-16T01:49:05.000Z","volume":1000,"label":"X","price":6.7},{"type":"A","date":"2018-04-16T01:49:05.000Z","volume":4000,"label":" ","price":6.7},{"type":"A","date":"2018-04-16T01:49:05.000Z","volume":6000,"label":" ","price":6.7},{"type":"A","date":"2018-04-16T01:49:08.000Z","volume":10000,"label":" ","price":6.7},{"type":"A","date":"2018-04-16T01:49:10.000Z","volume":200000,"label":" ","price":6.7},{"type":"A","date":"2018-04-16T01:49:15.000Z","volume":26000,"label":" ","price":6.7},{"type":"A","date":"2018-04-16T01:49:26.000Z","volume":14000,"label":" ","price":6.7},{"type":"B","date":"2018-04-16T01:49:27.000Z","volume":23000,"label":" ","price":6.69},{"type":"A","date":"2018-04-16T01:49:28.000Z","volume":5000,"label":" ","price":6.7},{"type":"A","date":"2018-04-16T01:49:32.000Z","volume":1000,"label":" ","price":6.7},{"type":"A","date":"2018-04-16T01:49:33.000Z","volume":200000,"label":" ","price":6.7},{"type":"B","date":"2018-04-16T01:49:40.000Z","volume":1000,"label":" ","price":6.69},{"type":"A","date":"2018-04-16T01:49:48.000Z","volume":644000,"label":" ","price":6.7},{"type":"A","date":"2018-04-16T01:49:48.000Z","volume":134000,"label":" ","price":6.7},{"type":"B","date":"2018-04-16T01:49:48.000Z","volume":25000,"label":" ","price":6.7},{"type":"A","date":"2018-04-16T01:49:48.000Z","volume":7000,"label":" ","price":6.71},{"type":"B","date":"2018-04-16T01:49:50.000Z","volume":406000,"label":" ","price":6.71},{"type":"B","date":"2018-04-16T01:49:50.000Z","volume":84000,"label":" ","price":6.7},{"type":"B","date":"2018-04-16T01:49:50.000Z","volume":97000,"label":" ","price":6.71},{"type":"B","date":"2018-04-16T01:49:55.000Z","volume":131000,"label":" ","price":6.71},{"type":"B","date":"2018-04-16T01:50:22.000Z","volume":13000,"label":" ","price":6.7},{"type":"B","date":"2018-04-16T01:50:22.000Z","volume":18000,"label":" ","price":6.7},{"type":"A","date":"2018-04-16T01:50:25.000Z","volume":30000,"label":" ","price":6.71},{"type":"B","date":"2018-04-16T01:50:30.000Z","volume":24000,"label":" ","price":6.7},{"type":"B","date":"2018-04-16T01:50:30.000Z","volume":15000,"label":" ","price":6.7},{"type":"B","date":"2018-04-16T01:50:42.000Z","volume":22000,"label":" ","price":6.7},{"type":"B","date":"2018-04-16T01:50:54.000Z","volume":23000,"label":" ","price":6.7},{"type":"B","date":"2018-04-16T01:50:54.000Z","volume":9000,"label":" ","price":6.7},{"type":"B","date":"2018-04-16T01:51:05.000Z","volume":16000,"label":" ","price":6.7},{"type":"B","date":"2018-04-16T01:51:05.000Z","volume":6000,"label":" ","price":6.7},{"type":"U","date":"2018-04-16T01:51:06.000Z","volume":54,"label":"D","price":6.64},{"type":"B","date":"2018-04-16T01:51:06.000Z","volume":4000,"label":" ","price":6.7},{"type":"B","date":"2018-04-16T01:51:07.000Z","volume":25000,"label":" ","price":6.7},{"type":"B","date":"2018-04-16T01:51:07.000Z","volume":11000,"label":" ","price":6.7},{"type":"B","date":"2018-04-16T01:51:07.000Z","volume":58000,"label":" ","price":6.7},{"type":"B","date":"2018-04-16T01:51:07.000Z","volume":22000,"label":" ","price":6.69},{"type":"B","date":"2018-04-16T01:51:07.000Z","volume":22000,"label":" ","price":6.7},{"type":"B","date":"2018-04-16T01:51:07.000Z","volume":8000,"label":" ","price":6.7},{"type":"A","date":"2018-04-16T01:51:09.000Z","volume":4000,"label":" ","price":6.7},{"type":"A","date":"2018-04-16T01:51:19.000Z","volume":2000,"label":" ","price":6.7},{"type":"A","date":"2018-04-16T01:51:20.000Z","volume":4000,"label":" ","price":6.7},{"type":"A","date":"2018-04-16T01:51:21.000Z","volume":8000,"label":" ","price":6.7},{"type":"A","date":"2018-04-16T01:51:21.000Z","volume":10000,"label":" ","price":6.7},{"type":"A","date":"2018-04-16T01:51:27.000Z","volume":8000,"label":" ","price":6.7},{"type":"B","date":"2018-04-16T01:51:33.000Z","volume":50000,"label":" ","price":6.69},{"type":"B","date":"2018-04-16T01:51:34.000Z","volume":15000,"label":" ","price":6.69},{"type":"B","date":"2018-04-16T01:51:34.000Z","volume":1000,"label":" ","price":6.69},{"type":"B","date":"2018-04-16T01:51:41.000Z","volume":8000,"label":" ","price":6.69},{"type":"B","date":"2018-04-16T01:51:41.000Z","volume":3000,"label":" ","price":6.69},{"type":"B","date":"2018-04-16T01:51:49.000Z","volume":8000,"label":" ","price":6.69},{"type":"B","date":"2018-04-16T01:51:49.000Z","volume":3000,"label":" ","price":6.69},{"type":"B","date":"2018-04-16T01:51:59.000Z","volume":13000,"label":" ","price":6.69},{"type":"B","date":"2018-04-16T01:51:59.000Z","volume":5000,"label":" ","price":6.69},{"type":"A","date":"2018-04-16T01:52:01.000Z","volume":4000,"label":" ","price":6.7},{"type":"B","date":"2018-04-16T01:52:02.000Z","volume":2000,"label":" ","price":6.69},{"type":"A","date":"2018-04-16T01:52:03.000Z","volume":1000,"label":" ","price":6.7},{"type":"U","date":"2018-04-16T01:52:03.000Z","volume":7000,"label":"X","price":6.7},{"type":"A","date":"2018-04-16T01:52:03.000Z","volume":41000,"label":" ","price":6.7},{"type":"B","date":"2018-04-16T01:52:03.000Z","volume":16000,"label":" ","price":6.69},{"type":"B","date":"2018-04-16T01:52:03.000Z","volume":1000,"label":" ","price":6.69},{"type":"A","date":"2018-04-16T01:52:05.000Z","volume":14000,"label":" ","price":6.7},{"type":"B","date":"2018-04-16T01:52:05.000Z","volume":8000,"label":" ","price":6.69},{"type":"B","date":"2018-04-16T01:52:05.000Z","volume":8000,"label":" ","price":6.69},{"type":"A","date":"2018-04-16T01:52:08.000Z","volume":4000,"label":" ","price":6.7},{"type":"B","date":"2018-04-16T01:52:08.000Z","volume":2000,"label":" ","price":6.69},{"type":"A","date":"2018-04-16T01:52:10.000Z","volume":1000,"label":" ","price":6.7},{"type":"B","date":"2018-04-16T01:52:13.000Z","volume":11000,"label":" ","price":6.69},{"type":"B","date":"2018-04-16T01:52:13.000Z","volume":4000,"label":" ","price":6.69},{"type":"B","date":"2018-04-16T01:52:13.000Z","volume":1000,"label":" ","price":6.69},{"type":"A","date":"2018-04-16T01:52:14.000Z","volume":4000,"label":" ","price":6.7},{"type":"B","date":"2018-04-16T01:52:19.000Z","volume":13000,"label":" ","price":6.69},{"type":"B","date":"2018-04-16T01:52:19.000Z","volume":5000,"label":" ","price":6.69},{"type":"A","date":"2018-04-16T01:52:20.000Z","volume":4000,"label":" ","price":6.7},{"type":"B","date":"2018-04-16T01:52:25.000Z","volume":60000,"label":" ","price":6.69},{"type":"B","date":"2018-04-16T01:52:25.000Z","volume":19000,"label":" ","price":6.69},{"type":"B","date":"2018-04-16T01:52:25.000Z","volume":1000,"label":" ","price":6.69},{"type":"B","date":"2018-04-16T01:52:30.000Z","volume":15000,"label":" ","price":6.69},{"type":"B","date":"2018-04-16T01:52:30.000Z","volume":6000,"label":" ","price":6.69},{"type":"U","date":"2018-04-16T01:52:31.000Z","volume":6000,"label":"X","price":6.701},{"type":"U","date":"2018-04-16T01:52:31.000Z","volume":1000,"label":"X","price":6.701},{"type":"B","date":"2018-04-16T01:52:50.000Z","volume":1000,"label":" ","price":6.69},{"type":"A","date":"2018-04-16T01:53:44.000Z","volume":100000,"label":" ","price":6.7},{"type":"B","date":"2018-04-16T01:53:47.000Z","volume":1000,"label":" ","price":6.69},{"type":"B","date":"2018-04-16T01:53:47.000Z","volume":1000,"label":" ","price":6.69},{"type":"B","date":"2018-04-16T01:53:47.000Z","volume":1000,"label":" ","price":6.69},{"type":"B","date":"2018-04-16T01:53:47.000Z","volume":1000,"label":" ","price":6.69},{"type":"A","date":"2018-04-16T01:53:54.000Z","volume":1000,"label":" ","price":6.7},{"type":"A","date":"2018-04-16T01:54:01.000Z","volume":7000,"label":" ","price":6.7},{"type":"A","date":"2018-04-16T01:54:13.000Z","volume":1000000,"label":" ","price":6.7},{"type":"A","date":"2018-04-16T01:54:13.000Z","volume":451000,"label":" ","price":6.7},{"type":"A","date":"2018-04-16T01:54:13.000Z","volume":229000,"label":" ","price":6.7},{"type":"A","date":"2018-04-16T01:54:13.000Z","volume":1194000,"label":" ","price":6.7},{"type":"B","date":"2018-04-16T01:54:16.000Z","volume":3000,"label":"Y","price":6.7},{"type":"B","date":"2018-04-16T01:54:16.000Z","volume":3000,"label":" ","price":6.7},{"type":"A","date":"2018-04-16T01:54:31.000Z","volume":16000,"label":" ","price":6.71}