[{"type":"A","date":"2018-04-18T01:30:00.000Z","volume":28000,"label":" ","price":0.465},{"type":"A","date":"2018-04-18T01:36:05.000Z","volume":2000,"label":" ","price":0.47},{"type":"B","date":"2018-04-18T01:46:39.000Z","volume":50000,"label":" ","price":0.465},{"type":"A","date":"2018-04-18T02:10:50.000Z","volume":100000,"label":" ","price":0.465},{"type":"A","date":"2018-04-18T02:10:50.000Z","volume":10000,"label":" ","price":0.465},{"type":"A","date":"2018-04-18T02:10:59.000Z","volume":4000,"label":" ","price":0.465},{"type":"A","date":"2018-04-18T02:32:48.000Z","volume":32000,"label":" ","price":0.465},{"type":"A","date":"2018-04-18T02:34:29.000Z","volume":4000,"label":" ","price":0.465},{"type":"A","date":"2018-04-18T02:42:30.000Z","volume":24000,"label":" ","price":0.465},{"type":"A","date":"2018-04-18T02:42:30.000Z","volume":2000,"label":" ","price":0.465},{"type":"A","date":"2018-04-18T02:56:51.000Z","volume":20000,"label":" ","price":0.465},{"type":"A","date":"2018-04-18T03:00:01.000Z","volume":4000,"label":" ","price":0.465},{"type":"A","date":"2018-04-18T03:11:30.000Z","volume":20000,"label":" ","price":0.465},{"type":"A","date":"2018-04-18T03:19:30.000Z","volume":4000,"label":" ","price":0.465},{"type":"B","date":"2018-04-18T03:25:18.000Z","volume":2000,"label":" ","price":0.46},{"type":"B","date":"2018-04-18T03:30:22.000Z","volume":2000,"label":" ","price":0.46},{"type":"A","date":"2018-04-18T03:31:50.000Z","volume":2000,"label":" ","price":0.465},{"type":"B","date":"2018-04-18T03:32:42.000Z","volume":100000,"label":" ","price":0.46},{"type":"B","date":"2018-04-18T03:32:55.000Z","volume":200000,"label":" ","price":0.46},{"type":"A","date":"2018-04-18T03:32:55.000Z","volume":12000,"label":" ","price":0.465},{"type":"B","date":"2018-04-18T03:33:03.000Z","volume":16000,"label":" ","price":0.46},{"type":"B","date":"2018-04-18T03:33:03.000Z","volume":10000,"label":" ","price":0.46},{"type":"A","date":"2018-04-18T03:33:04.000Z","volume":38000,"label":" ","price":0.46},{"type":"A","date":"2018-04-18T03:33:07.000Z","volume":4000,"label":" ","price":0.465},{"type":"B","date":"2018-04-18T03:35:26.000Z","volume":2000,"label":" ","price":0.455},{"type":"B","date":"2018-04-18T03:45:20.000Z","volume":2000,"label":" ","price":0.46},{"type":"B","date":"2018-04-18T03:50:27.000Z","volume":2000,"label":" ","price":0.46},{"type":"B","date":"2018-04-18T03:53:51.000Z","volume":8000,"label":" ","price":0.46},{"type":"B","date":"2018-04-18T03:55:22.000Z","volume":2000,"label":" ","price":0.46},{"type":"A","date":"2018-04-18T03:59:10.000Z","volume":2000,"label":" ","price":0.465},{"type":"B","date":"2018-04-18T03:59:32.000Z","volume":4000,"label":" ","price":0.46},{"type":"A","date":"2018-04-18T05:00:01.000Z","volume":108000,"label":" ","price":0.465},{"type":"A","date":"2018-04-18T05:04:22.000Z","volume":4000,"label":" ","price":0.465},{"type":"A","date":"2018-04-18T05:08:11.000Z","volume":382000,"label":" ","price":0.465},{"type":"A","date":"2018-04-18T05:08:11.000Z","volume":14000,"label":"Y","price":0.465},{"type":"A","date":"2018-04-18T05:08:11.000Z","volume":108000,"label":" ","price":0.465},{"type":"A","date":"2018-04-18T05:36:52.000Z","volume":22000,"label":" ","price":0.465},{"type":"A","date":"2018-04-18T05:37:16.000Z","volume":82000,"label":" ","price":0.465},{"type":"A","date":"2018-04-18T06:02:40.000Z","volume":4000,"label":" ","price":0.465},{"type":"B","date":"2018-04-18T06:15:31.000Z","volume":50000,"label":" ","price":0.46},{"type":"B","date":"2018-04-18T07:00:23.000Z","volume":2000,"label":" ","price":0.46},{"type":"B","date":"2018-04-18T07:03:11.000Z","volume":16000,"label":" ","price":0.46},{"type":"B","date":"2018-04-18T07:10:27.000Z","volume":2000,"label":" ","price":0.46},{"type":"B","date":"2018-04-18T07:13:18.000Z","volume":300000,"label":" ","price":0.46},{"type":"B","date":"2018-04-18T07:15:19.000Z","volume":2000,"label":" ","price":0.46},{"type":"A","date":"2018-04-18T07:16:29.000Z","volume":4000,"label":" ","price":0.465},{"type":"B","date":"2018-04-18T07:20:27.000Z","volume":4000,"label":" ","price":0.46},{"type":"B","date":"2018-04-18T07:25:24.000Z","volume":6000,"label":" ","price":0.46},{"type":"B","date":"2018-04-18T07:30:18.000Z","volume":4000,"label":" ","price":0.46},{"type":"A","date":"2018-04-18T07:32:04.000Z","volume":178000,"label":" ","price":0.465},{"type":"B","date":"2018-04-18T07:35:19.000Z","volume":4000,"label":" ","price":0.46},{"type":"B","date":"2018-04-18T07:45:17.000Z","volume":6000,"label":" ","price":0.46},{"type":"A","date":"2018-04-18T07:50:13.000Z","volume":590000,"label":" ","price":0.465},{"type":"B","date":"2018-04-18T07:50:27.000Z","volume":420000,"label":" ","price":0.465},{"type":"A","date":"2018-04-18T07:50:27.000Z","volume":32000,"label":" ","price":0.465},{"type":"A","date":"2018-04-18T07:50:27.000Z","volume":24000,"label":" ","price":0.465},{"type":"B","date":"2018-04-18T07:59:44.000Z","volume":2000,"label":" ","price":0.46}]