[{"type":"A","date":"2018-03-21T07:54:02.000Z","volume":58000,"price":4.34,"category":"ubbull"},{"type":"A","date":"2018-03-21T07:51:56.000Z","volume":20000,"price":4.34,"category":"ubbull"},{"type":"A","date":"2018-03-21T07:36:52.000Z","volume":18000,"price":4.34,"category":"ubbull"},{"type":"A","date":"2018-03-21T07:33:15.000Z","volume":100000,"price":4.34,"category":"ubbull"},{"type":"A","date":"2018-03-21T07:29:49.000Z","volume":20000,"price":4.34,"category":"ubbull"},{"type":"A","date":"2018-03-21T07:26:26.000Z","volume":20000,"price":4.34,"category":"ubbull"},{"type":"A","date":"2018-03-21T07:09:53.000Z","volume":30000,"price":4.32,"category":"ubbull"},{"type":"A","date":"2018-03-21T07:09:53.000Z","volume":15200,"price":4.32,"category":"ubbull"},{"type":"A","date":"2018-03-21T06:55:51.000Z","volume":43200,"price":4.33,"category":"ubbull"},{"type":"A","date":"2018-03-21T06:40:24.000Z","volume":72000,"price":4.33,"category":"ubbull"},{"type":"A","date":"2018-03-21T06:26:27.000Z","volume":55600,"price":4.34,"category":"ubbull"},{"type":"A","date":"2018-03-21T06:25:15.000Z","volume":28000,"price":4.35,"category":"ubbull"},{"type":"A","date":"2018-03-21T06:14:51.000Z","volume":105600,"price":4.35,"category":"ubbull"},{"type":"A","date":"2018-03-21T06:12:33.000Z","volume":50000,"price":4.35,"category":"ubbull"},{"type":"A","date":"2018-03-21T06:11:04.000Z","volume":21200,"price":4.34,"category":"ubbull"},{"type":"A","date":"2018-03-21T06:11:04.000Z","volume":28800,"price":4.34,"category":"ubbull"},{"type":"A","date":"2018-03-21T06:03:56.000Z","volume":334800,"price":4.34,"category":"ubbull"},{"type":"A","date":"2018-03-21T05:34:35.000Z","volume":24000,"price":4.34,"category":"ubbull"},{"type":"A","date":"2018-03-21T03:22:41.000Z","volume":19600,"price":4.36,"category":"ubbull"},{"type":"A","date":"2018-03-21T03:18:12.000Z","volume":20000,"price":4.36,"category":"ubbull"},{"type":"A","date":"2018-03-21T03:16:59.000Z","volume":30000,"price":4.36,"category":"ubbull"},{"type":"A","date":"2018-03-21T02:47:42.000Z","volume":30000,"price":4.37,"category":"ubbull"},{"type":"A","date":"2018-03-21T02:47:10.000Z","volume":28000,"price":4.38,"category":"ubbull"},{"type":"A","date":"2018-03-21T02:45:53.000Z","volume":48800,"price":4.38,"category":"ubbull"},{"type":"A","date":"2018-03-21T02:23:21.000Z","volume":90400,"price":4.38,"category":"ubbull"},{"type":"A","date":"2018-03-21T02:23:21.000Z","volume":149600,"price":4.38,"category":"ubbull"},{"type":"A","date":"2018-03-21T02:23:21.000Z","volume":121200,"price":4.37,"category":"ubbull"},{"type":"A","date":"2018-03-21T02:23:21.000Z","volume":23600,"price":4.36,"category":"ubbull"},{"type":"A","date":"2018-03-21T02:21:39.000Z","volume":20400,"price":4.35,"category":"ubbull"},{"type":"A","date":"2018-03-21T02:16:53.000Z","volume":328800,"price":4.35,"category":"ubbull"},{"type":"A","date":"2018-03-21T02:16:53.000Z","volume":85600,"price":4.35,"category":"ubbull"},{"type":"A","date":"2018-03-21T02:13:25.000Z","volume":40000,"price":4.35,"category":"ubbull"},{"type":"A","date":"2018-03-21T02:11:05.000Z","volume":28000,"price":4.35,"category":"ubbull"},{"type":"A","date":"2018-03-21T02:11:05.000Z","volume":72000,"price":4.34,"category":"ubbull"},{"type":"A","date":"2018-03-21T02:07:52.000Z","volume":22000,"price":4.35,"category":"ubbull"},{"type":"A","date":"2018-03-21T02:07:52.000Z","volume":28000,"price":4.34,"category":"ubbull"},{"type":"A","date":"2018-03-21T02:03:52.000Z","volume":37200,"price":4.32,"category":"ubbull"},{"type":"A","date":"2018-03-21T01:58:53.000Z","volume":43200,"price":4.35,"category":"ubbull"},{"type":"A","date":"2018-03-21T01:49:42.000Z","volume":48000,"price":4.37,"category":"ubbull"},{"type":"A","date":"2018-03-21T01:49:42.000Z","volume":52000,"price":4.36,"category":"ubbull"},{"type":"A","date":"2018-03-21T01:49:30.000Z","volume":100000,"price":4.35,"category":"ubbull"},{"type":"A","date":"2018-03-21T01:49:30.000Z","volume":55200,"price":4.34,"category":"ubbull"},{"type":"A","date":"2018-03-21T01:49:30.000Z","volume":20800,"price":4.33,"category":"ubbull"},{"type":"A","date":"2018-03-21T01:43:24.000Z","volume":72800,"price":4.33,"category":"ubbull"},{"type":"A","date":"2018-03-21T01:43:14.000Z","volume":14800,"price":4.31,"category":"ubbull"},{"type":"A","date":"2018-03-21T07:59:55.000Z","volume":13600,"price":4.34,"category":"bbull"},{"type":"A","date":"2018-03-21T07:59:30.000Z","volume":7200,"price":4.34,"category":"bbull"},{"type":"A","date":"2018-03-21T07:59:00.000Z","volume":6800,"price":4.34,"category":"bbull"},{"type":"A","date":"2018-03-21T07:37:33.000Z","volume":8000,"price":4.34,"category":"bbull"},{"type":"A","date":"2018-03-21T07:37:32.000Z","volume":6000,"price":4.34,"category":"bbull"},{"type":"A","date":"2018-03-21T07:33:15.000Z","volume":10800,"price":4.34,"category":"bbull"},{"type":"A","date":"2018-03-21T07:31:33.000Z","volume":10000,"price":4.34,"category":"bbull"},{"type":"A","date":"2018-03-21T07:31:22.000Z","volume":8000,"price":4.34,"category":"bbull"},{"type":"A","date":"2018-03-21T07:23:09.000Z","volume":5200,"price":4.33,"category":"bbull"},{"type":"A","date":"2018-03-21T07:21:39.000Z","volume":7600,"price":4.32,"category":"bbull"},{"type":"A","date":"2018-03-21T07:15:23.000Z","volume":6400,"price":4.32,"category":"bbull"},{"type":"A","date":"2018-03-21T07:08:08.000Z","volume":4800,"price":4.32,"category":"bbull"},{"type":"A","date":"2018-03-21T07:06:08.000Z","volume":6800,"price":4.32,"category":"bbull"},{"type":"A","date":"2018-03-21T06:50:23.000Z","volume":6000,"price":4.33,"category":"bbull"},{"type":"A","date":"2018-03-21T06:47:42.000Z","volume":10400,"price":4.33,"category":"bbull"},{"type":"A","date":"2018-03-21T06:45:23.000Z","volume":8000,"price":4.33,"category":"bbull"},{"type":"A","date":"2018-03-21T06:43:26.000Z","volume":6400,"price":4.34,"category":"bbull"},{"type":"A","date":"2018-03-21T06:39:39.000Z","volume":10000,"price":4.33,"category":"bbull"},{"type":"A","date":"2018-03-21T06:30:12.000Z","volume":10000,"price":4.35,"category":"bbull"},{"type":"A","date":"2018-03-21T06:17:12.000Z","volume":6800,"price":4.36,"category":"bbull"},{"type":"A","date":"2018-03-21T06:09:05.000Z","volume":5200,"price":4.34,"category":"bbull"},{"type":"A","date":"2018-03-21T06:03:51.000Z","volume":6400,"price":4.34,"category":"bbull"},{"type":"A","date":"2018-03-21T05:41:21.000Z","volume":6000,"price":4.34,"category":"bbull"},{"type":"A","date":"2018-03-21T05:35:45.000Z","volume":5600,"price":4.34,"category":"bbull"},{"type":"A","date":"2018-03-21T05:31:34.000Z","volume":12000,"price":4.34,"category":"bbull"},{"type":"A","date":"2018-03-21T05:16:12.000Z","volume":8400,"price":4.34,"category":"bbull"},{"type":"A","date":"2018-03-21T05:14:11.000Z","volume":10400,"price":4.32,"category":"bbull"},{"type":"A","date":"2018-03-21T05:07:03.000Z","volume":10000,"price":4.35,"category":"bbull"},{"type":"A","date":"2018-03-21T05:00:16.000Z","volume":6000,"price":4.35,"category":"bbull"},{"type":"A","date":"2018-03-21T03:57:30.000Z","volume":10000,"price":4.35,"category":"bbull"},{"type":"A","date":"2018-03-21T03:13:25.000Z","volume":6000,"price":4.36,"category":"bbull"},{"type":"A","date":"2018-03-21T03:13:25.000Z","volume":12000,"price":4.36,"category":"bbull"},{"type":"A","date":"2018-03-21T03:12:09.000Z","volume":12000,"price":4.37,"category":"bbull"},{"type":"A","date":"2018-03-21T02:55:51.000Z","volume":4800,"price":4.37,"category":"bbull"},{"type":"A","date":"2018-03-21T02:55:51.000Z","volume":5600,"price":4.37,"category":"bbull"},{"type":"A","date":"2018-03-21T02:43:36.000Z","volume":14000,"price":4.37,"category":"bbull"},{"type":"A","date":"2018-03-21T02:23:21.000Z","volume":10000,"price":4.38,"category":"bbull"},{"type":"A","date":"2018-03-21T02:21:53.000Z","volume":12000,"price":4.36,"category":"bbull"},{"type":"A","date":"2018-03-21T02:19:32.000Z","volume":4800,"price":4.36,"category":"bbull"},{"type":"A","date":"2018-03-21T02:18:23.000Z","volume":4800,"price":4.36,"category":"bbull"},{"type":"A","date":"2018-03-21T02:03:52.000Z","volume":9600,"price":4.32,"category":"bbull"},{"type":"A","date":"2018-03-21T01:49:30.000Z","volume":5600,"price":4.36,"category":"bbull"},{"type":"A","date":"2018-03-21T01:49:30.000Z","volume":8400,"price":4.35,"category":"bbull"},{"type":"A","date":"2018-03-21T01:49:30.000Z","volume":10000,"price":4.33,"category":"bbull"},{"type":"A","date":"2018-03-21T01:47:02.000Z","volume":8000,"price":4.33,"category":"bbull"},{"type":"A","date":"2018-03-21T01:43:24.000Z","volume":6400,"price":4.33,"category":"bbull"},{"type":"A","date":"2018-03-21T07:59:30.000Z","volume":400,"price":4.34,"category":"rbull"},{"type":"A","date":"2018-03-21T07:59:30.000Z","volume":400,"price":4.34,"category":"rbull"},{"type":"A","date":"2018-03-21T07:55:09.000Z","volume":400,"price":4.35,"category":"rbull"},{"type":"A","date":"2018-03-21T07:55:08.000Z","volume":400,"price":4.35,"category":"rbull"},{"type":"A","date":"2018-03-21T07:54:02.000Z","volume":400,"price":4.34,"category":"rbull"},{"type":"A","date":"2018-03-21T07:47:54.000Z","volume":400,"price":4.34,"category":"rbull"},{"type":"A","date":"2018-03-21T07:45:21.000Z","volume":400,"price":4.34,"category":"rbull"},{"type":"A","date":"2018-03-21T07:35:17.000Z","volume":400,"price":4.34,"category":"rbull"},{"type":"A","date":"2018-03-21T07:30:17.000Z","volume":400,"price":4.34,"category":"rbull"},{"type":"A","date":"2018-03-21T07:26:26.000Z","volume":400,"price":4.34,"category":"rbull"},{"type":"A","date":"2018-03-21T07:25:25.000Z","volume":400,"price":4.33,"category":"rbull"},{"type":"A","date":"2018-03-21T07:24:31.000Z","volume":400,"price":4.33,"category":"rbull"},{"type":"A","date":"2018-03-21T07:24:19.000Z","volume":400,"price":4.33,"category":"rbull"},{"type":"A","date":"2018-03-21T07:22:17.000Z","volume":400,"price":4.32,"category":"rbull"},{"type":"A","date":"2018-03-21T07:20:29.000Z","volume":400,"price":4.32,"category":"rbull"},{"type":"A","date":"2018-03-21T07:05:20.000Z","volume":400,"price":4.32,"category":"rbull"},{"type":"A","date":"2018-03-21T06:59:49.000Z","volume":400,"price":4.33,"category":"rbull"},{"type":"A","date":"2018-03-21T06:55:18.000Z","volume":400,"price":4.33,"category":"rbull"},{"type":"A","date":"2018-03-21T06:51:52.000Z","volume":400,"price":4.33,"category":"rbull"},{"type":"A","date":"2018-03-21T06:45:15.000Z","volume":400,"price":4.34,"category":"rbull"},{"type":"A","date":"2018-03-21T06:40:20.000Z","volume":400,"price":4.33,"category":"rbull"},{"type":"A","date":"2018-03-21T06:30:27.000Z","volume":400,"price":4.35,"category":"rbull"},{"type":"A","date":"2018-03-21T06:30:16.000Z","volume":400,"price":4.35,"category":"rbull"},{"type":"A","date":"2018-03-21T06:10:12.000Z","volume":400,"price":4.34,"category":"rbull"},{"type":"A","date":"2018-03-21T06:00:28.000Z","volume":400,"price":4.34,"category":"rbull"},{"type":"A","date":"2018-03-21T05:55:24.000Z","volume":400,"price":4.35,"category":"rbull"},{"type":"A","date":"2018-03-21T05:10:27.000Z","volume":400,"price":4.35,"category":"rbull"},{"type":"A","date":"2018-03-21T05:05:20.000Z","volume":400,"price":4.35,"category":"rbull"},{"type":"A","date":"2018-03-21T03:59:27.000Z","volume":400,"price":4.35,"category":"rbull"},{"type":"A","date":"2018-03-21T03:44:30.000Z","volume":400,"price":4.35,"category":"rbull"},{"type":"A","date":"2018-03-21T03:35:12.000Z","volume":400,"price":4.35,"category":"rbull"},{"type":"A","date":"2018-03-21T03:30:18.000Z","volume":400,"price":4.36,"category":"rbull"},{"type":"A","date":"2018-03-21T03:22:41.000Z","volume":400,"price":4.36,"category":"rbull"},{"type":"A","date":"2018-03-21T02:55:19.000Z","volume":400,"price":4.38,"category":"rbull"},{"type":"A","date":"2018-03-21T02:40:17.000Z","volume":400,"price":4.36,"category":"rbull"},{"type":"A","date":"2018-03-21T02:31:44.000Z","volume":400,"price":4.35,"category":"rbull"},{"type":"A","date":"2018-03-21T02:07:50.000Z","volume":400,"price":4.34,"category":"rbull"},{"type":"B","date":"2018-03-21T07:53:27.000Z","volume":400,"price":4.33,"category":"rbear"},{"type":"B","date":"2018-03-21T07:51:19.000Z","volume":400,"price":4.33,"category":"rbear"},{"type":"B","date":"2018-03-21T06:46:46.000Z","volume":400,"price":4.33,"category":"rbear"},{"type":"B","date":"2018-03-21T05:59:44.000Z","volume":400,"price":4.34,"category":"rbear"},{"type":"B","date":"2018-03-21T05:29:56.000Z","volume":400,"price":4.32,"category":"rbear"},{"type":"B","date":"2018-03-21T03:11:14.000Z","volume":400,"price":4.36,"category":"rbear"},{"type":"B","date":"2018-03-21T03:07:21.000Z","volume":400,"price":4.36,"category":"rbear"},{"type":"B","date":"2018-03-21T02:45:30.000Z","volume":400,"price":4.37,"category":"rbear"},{"type":"B","date":"2018-03-21T02:29:47.000Z","volume":400,"price":4.35,"category":"rbear"},{"type":"B","date":"2018-03-21T02:26:28.000Z","volume":400,"price":4.36,"category":"rbear"},{"type":"B","date":"2018-03-21T01:59:59.000Z","volume":400,"price":4.34,"category":"rbear"},{"type":"B","date":"2018-03-21T07:55:14.000Z","volume":5600,"price":4.34,"category":"bbear"},{"type":"B","date":"2018-03-21T07:51:50.000Z","volume":6000,"price":4.33,"category":"bbear"},{"type":"B","date":"2018-03-21T07:10:55.000Z","volume":10000,"price":4.32,"category":"bbear"},{"type":"B","date":"2018-03-21T06:57:35.000Z","volume":4800,"price":4.33,"category":"bbear"},{"type":"B","date":"2018-03-21T06:55:22.000Z","volume":10000,"price":4.32,"category":"bbear"},{"type":"B","date":"2018-03-21T06:50:37.000Z","volume":10000,"price":4.32,"category":"bbear"},{"type":"B","date":"2018-03-21T06:48:53.000Z","volume":6800,"price":4.32,"category":"bbear"},{"type":"B","date":"2018-03-21T06:48:29.000Z","volume":10000,"price":4.32,"category":"bbear"},{"type":"B","date":"2018-03-21T06:45:23.000Z","volume":10000,"price":4.33,"category":"bbear"},{"type":"B","date":"2018-03-21T06:42:21.000Z","volume":12000,"price":4.33,"category":"bbear"},{"type":"B","date":"2018-03-21T06:41:07.000Z","volume":6000,"price":4.33,"category":"bbear"},{"type":"B","date":"2018-03-21T06:37:13.000Z","volume":10000,"price":4.33,"category":"bbear"},{"type":"B","date":"2018-03-21T06:36:37.000Z","volume":10000,"price":4.33,"category":"bbear"},{"type":"B","date":"2018-03-21T06:30:55.000Z","volume":6400,"price":4.34,"category":"bbear"},{"type":"B","date":"2018-03-21T06:30:55.000Z","volume":10800,"price":4.34,"category":"bbear"},{"type":"B","date":"2018-03-21T06:27:43.000Z","volume":10000,"price":4.34,"category":"bbear"},{"type":"B","date":"2018-03-21T06:24:26.000Z","volume":5200,"price":4.34,"category":"bbear"},{"type":"B","date":"2018-03-21T06:21:58.000Z","volume":5200,"price":4.34,"category":"bbear"},{"type":"B","date":"2018-03-21T05:51:47.000Z","volume":10000,"price":4.34,"category":"bbear"},{"type":"B","date":"2018-03-21T05:39:33.000Z","volume":8400,"price":4.34,"category":"bbear"},{"type":"B","date":"2018-03-21T05:18:34.000Z","volume":13600,"price":4.31,"category":"bbear"},{"type":"B","date":"2018-03-21T05:18:34.000Z","volume":6400,"price":4.31,"category":"bbear"},{"type":"B","date":"2018-03-21T05:11:09.000Z","volume":5200,"price":4.34,"category":"bbear"},{"type":"B","date":"2018-03-21T03:41:41.000Z","volume":4800,"price":4.34,"category":"bbear"},{"type":"B","date":"2018-03-21T03:33:02.000Z","volume":8800,"price":4.35,"category":"bbear"},{"type":"B","date":"2018-03-21T03:07:21.000Z","volume":5200,"price":4.36,"category":"bbear"},{"type":"B","date":"2018-03-21T03:00:51.000Z","volume":6400,"price":4.37,"category":"bbear"},{"type":"B","date":"2018-03-21T02:53:24.000Z","volume":10000,"price":4.37,"category":"bbear"},{"type":"B","date":"2018-03-21T02:49:37.000Z","volume":10000,"price":4.37,"category":"bbear"},{"type":"B","date":"2018-03-21T02:43:59.000Z","volume":10000,"price":4.37,"category":"bbear"},{"type":"B","date":"2018-03-21T02:29:32.000Z","volume":8800,"price":4.35,"category":"bbear"},{"type":"B","date":"2018-03-21T02:28:33.000Z","volume":6000,"price":4.36,"category":"bbear"},{"type":"B","date":"2018-03-21T02:28:29.000Z","volume":10000,"price":4.36,"category":"bbear"},{"type":"B","date":"2018-03-21T02:26:26.000Z","volume":7200,"price":4.36,"category":"bbear"},{"type":"B","date":"2018-03-21T02:23:21.000Z","volume":4800,"price":4.38,"category":"bbear"},{"type":"B","date":"2018-03-21T02:01:01.000Z","volume":10400,"price":4.32,"category":"bbear"},{"type":"B","date":"2018-03-21T01:59:59.000Z","volume":11600,"price":4.34,"category":"bbear"},{"type":"B","date":"2018-03-21T01:59:59.000Z","volume":8000,"price":4.34,"category":"bbear"},{"type":"B","date":"2018-03-21T01:59:10.000Z","volume":6400,"price":4.34,"category":"bbear"},{"type":"B","date":"2018-03-21T01:58:08.000Z","volume":5200,"price":4.34,"category":"bbear"},{"type":"B","date":"2018-03-21T01:51:34.000Z","volume":9200,"price":4.35,"category":"bbear"},{"type":"B","date":"2018-03-21T01:51:34.000Z","volume":10000,"price":4.35,"category":"bbear"},{"type":"B","date":"2018-03-21T01:43:37.000Z","volume":5600,"price":4.33,"category":"bbear"},{"type":"B","date":"2018-03-21T01:43:36.000Z","volume":7600,"price":4.33,"category":"bbear"},{"type":"B","date":"2018-03-21T07:51:10.000Z","volume":180000,"price":4.33,"category":"ubbear"},{"type":"B","date":"2018-03-21T07:49:39.000Z","volume":23600,"price":4.33,"category":"ubbear"},{"type":"B","date":"2018-03-21T07:45:54.000Z","volume":60000,"price":4.33,"category":"ubbear"},{"type":"B","date":"2018-03-21T07:43:10.000Z","volume":38000,"price":4.33,"category":"ubbear"},{"type":"B","date":"2018-03-21T07:35:19.000Z","volume":50000,"price":4.33,"category":"ubbear"},{"type":"B","date":"2018-03-21T07:23:35.000Z","volume":20000,"price":4.31,"category":"ubbear"},{"type":"B","date":"2018-03-21T07:11:55.000Z","volume":65600,"price":4.32,"category":"ubbear"},{"type":"B","date":"2018-03-21T07:11:55.000Z","volume":29600,"price":4.33,"category":"ubbear"},{"type":"B","date":"2018-03-21T07:03:37.000Z","volume":64800,"price":4.32,"category":"ubbear"},{"type":"B","date":"2018-03-21T06:51:52.000Z","volume":30000,"price":4.32,"category":"ubbear"},{"type":"B","date":"2018-03-21T06:46:46.000Z","volume":78400,"price":4.33,"category":"ubbear"},{"type":"B","date":"2018-03-21T06:42:40.000Z","volume":100000,"price":4.33,"category":"ubbear"},{"type":"B","date":"2018-03-21T06:37:52.000Z","volume":29600,"price":4.33,"category":"ubbear"},{"type":"B","date":"2018-03-21T06:32:46.000Z","volume":30000,"price":4.33,"category":"ubbear"},{"type":"B","date":"2018-03-21T06:30:55.000Z","volume":60000,"price":4.34,"category":"ubbear"},{"type":"B","date":"2018-03-21T06:20:04.000Z","volume":101600,"price":4.35,"category":"ubbear"},{"type":"B","date":"2018-03-21T06:19:11.000Z","volume":20000,"price":4.35,"category":"ubbear"},{"type":"B","date":"2018-03-21T06:07:55.000Z","volume":30400,"price":4.34,"category":"ubbear"},{"type":"B","date":"2018-03-21T06:06:13.000Z","volume":20000,"price":4.34,"category":"ubbear"},{"type":"B","date":"2018-03-21T05:59:44.000Z","volume":92000,"price":4.34,"category":"ubbear"},{"type":"B","date":"2018-03-21T05:44:57.000Z","volume":30000,"price":4.34,"category":"ubbear"},{"type":"B","date":"2018-03-21T05:41:42.000Z","volume":20000,"price":4.34,"category":"ubbear"},{"type":"B","date":"2018-03-21T05:36:23.000Z","volume":17200,"price":4.34,"category":"ubbear"},{"type":"B","date":"2018-03-21T05:34:11.000Z","volume":20000,"price":4.33,"category":"ubbear"},{"type":"B","date":"2018-03-21T05:11:47.000Z","volume":157600,"price":4.32,"category":"ubbear"},{"type":"B","date":"2018-03-21T05:11:47.000Z","volume":61200,"price":4.33,"category":"ubbear"},{"type":"B","date":"2018-03-21T05:11:47.000Z","volume":15600,"price":4.34,"category":"ubbear"},{"type":"B","date":"2018-03-21T05:11:24.000Z","volume":20000,"price":4.34,"category":"ubbear"},{"type":"B","date":"2018-03-21T03:27:42.000Z","volume":26800,"price":4.36,"category":"ubbear"},{"type":"B","date":"2018-03-21T03:16:08.000Z","volume":16400,"price":4.36,"category":"ubbear"},{"type":"B","date":"2018-03-21T03:11:14.000Z","volume":30000,"price":4.36,"category":"ubbear"},{"type":"B","date":"2018-03-21T03:00:51.000Z","volume":300000,"price":4.37,"category":"ubbear"},{"type":"B","date":"2018-03-21T02:57:08.000Z","volume":18000,"price":4.37,"category":"ubbear"},{"type":"B","date":"2018-03-21T02:53:38.000Z","volume":20000,"price":4.37,"category":"ubbear"},{"type":"B","date":"2018-03-21T02:51:17.000Z","volume":60000,"price":4.37,"category":"ubbear"},{"type":"B","date":"2018-03-21T02:45:30.000Z","volume":50000,"price":4.37,"category":"ubbear"},{"type":"B","date":"2018-03-21T02:37:19.000Z","volume":50000,"price":4.35,"category":"ubbear"},{"type":"B","date":"2018-03-21T02:32:16.000Z","volume":80000,"price":4.35,"category":"ubbear"},{"type":"B","date":"2018-03-21T02:29:10.000Z","volume":60000,"price":4.35,"category":"ubbear"},{"type":"B","date":"2018-03-21T02:26:24.000Z","volume":40000,"price":4.37,"category":"ubbear"},{"type":"B","date":"2018-03-21T02:23:21.000Z","volume":97200,"price":4.38,"category":"ubbear"},{"type":"B","date":"2018-03-21T02:19:54.000Z","volume":14400,"price":4.35,"category":"ubbear"},{"type":"B","date":"2018-03-21T02:18:40.000Z","volume":14400,"price":4.35,"category":"ubbear"},{"type":"B","date":"2018-03-21T02:18:40.000Z","volume":84800,"price":4.35,"category":"ubbear"},{"type":"B","date":"2018-03-21T02:14:55.000Z","volume":80000,"price":4.33,"category":"ubbear"},{"type":"B","date":"2018-03-21T02:11:35.000Z","volume":40000,"price":4.33,"category":"ubbear"},{"type":"B","date":"2018-03-21T02:09:30.000Z","volume":48800,"price":4.32,"category":"ubbear"},{"type":"B","date":"2018-03-21T01:59:10.000Z","volume":24800,"price":4.34,"category":"ubbear"},{"type":"B","date":"2018-03-21T01:55:00.000Z","volume":20000,"price":4.34,"category":"ubbear"},{"type":"B","date":"2018-03-21T01:43:36.000Z","volume":65600,"price":4.33,"category":"ubbear"},{"type":"B","date":"2018-03-21T01:43:34.000Z","volume":22800,"price":4.33,"category":"ubbear"},{"type":"B","date":"2018-03-21T01:43:24.000Z","volume":21200,"price":4.33,"category":"ubbear"},{"type":"B","date":"2018-03-21T01:43:10.000Z","volume":15600,"price":4.31,"category":"ubbear"}]