[{"type":"B","date":"2018-04-04T01:36:25.000Z","volume":1000,"label":" ","price":2.59},{"type":"A","date":"2018-04-04T01:41:54.000Z","volume":122000,"label":" ","price":2.63},{"type":"A","date":"2018-04-04T01:41:54.000Z","volume":50000,"label":" ","price":2.64},{"type":"A","date":"2018-04-04T01:44:34.000Z","volume":5000,"label":" ","price":2.65},{"type":"B","date":"2018-04-04T01:45:22.000Z","volume":3000,"label":" ","price":2.63},{"type":"A","date":"2018-04-04T01:45:22.000Z","volume":10000,"label":" ","price":2.65},{"type":"A","date":"2018-04-04T01:46:34.000Z","volume":78000,"label":" ","price":2.65},{"type":"A","date":"2018-04-04T01:46:55.000Z","volume":40000,"label":" ","price":2.66},{"type":"A","date":"2018-04-04T01:47:17.000Z","volume":5000,"label":" ","price":2.66},{"type":"B","date":"2018-04-04T01:47:44.000Z","volume":40000,"label":" ","price":2.66},{"type":"B","date":"2018-04-04T01:48:52.000Z","volume":1000,"label":" ","price":2.67},{"type":"B","date":"2018-04-04T01:49:26.000Z","volume":5000,"label":" ","price":2.67},{"type":"A","date":"2018-04-04T01:49:29.000Z","volume":45000,"label":" ","price":2.68},{"type":"B","date":"2018-04-04T01:50:52.000Z","volume":1000,"label":" ","price":2.65},{"type":"B","date":"2018-04-04T01:52:03.000Z","volume":10000,"label":" ","price":2.65},{"type":"B","date":"2018-04-04T01:52:52.000Z","volume":1000,"label":" ","price":2.65},{"type":"A","date":"2018-04-04T01:53:51.000Z","volume":10000,"label":" ","price":2.66},{"type":"B","date":"2018-04-04T01:57:23.000Z","volume":1000,"label":" ","price":2.66},{"type":"B","date":"2018-04-04T01:57:35.000Z","volume":10000,"label":" ","price":2.66},{"type":"B","date":"2018-04-04T01:57:58.000Z","volume":1000,"label":" ","price":2.66},{"type":"A","date":"2018-04-04T01:58:48.000Z","volume":83000,"label":" ","price":2.67},{"type":"A","date":"2018-04-04T01:58:58.000Z","volume":50000,"label":" ","price":2.68},{"type":"B","date":"2018-04-04T01:59:10.000Z","volume":4000,"label":" ","price":2.66},{"type":"B","date":"2018-04-04T02:00:23.000Z","volume":1000,"label":" ","price":2.66},{"type":"B","date":"2018-04-04T02:00:58.000Z","volume":6000,"label":" ","price":2.66},{"type":"B","date":"2018-04-04T02:02:23.000Z","volume":1000,"label":" ","price":2.66},{"type":"B","date":"2018-04-04T02:13:01.000Z","volume":2000,"label":" ","price":2.66},{"type":"A","date":"2018-04-04T02:13:18.000Z","volume":20000,"label":" ","price":2.68},{"type":"B","date":"2018-04-04T02:13:53.000Z","volume":1000,"label":" ","price":2.66},{"type":"B","date":"2018-04-04T02:16:29.000Z","volume":1000,"label":"Y","price":2.66},{"type":"B","date":"2018-04-04T02:25:42.000Z","volume":7000,"label":" ","price":2.66},{"type":"B","date":"2018-04-04T02:25:42.000Z","volume":5000,"label":" ","price":2.66},{"type":"A","date":"2018-04-04T02:29:18.000Z","volume":20000,"label":" ","price":2.67},{"type":"B","date":"2018-04-04T02:29:24.000Z","volume":1000,"label":" ","price":2.65},{"type":"A","date":"2018-04-04T02:30:20.000Z","volume":16000,"label":" ","price":2.67},{"type":"B","date":"2018-04-04T02:30:35.000Z","volume":46000,"label":"Y","price":2.65},{"type":"B","date":"2018-04-04T02:30:35.000Z","volume":4000,"label":" ","price":2.65},{"type":"B","date":"2018-04-04T02:30:35.000Z","volume":8000,"label":" ","price":2.65},{"type":"A","date":"2018-04-04T02:32:12.000Z","volume":14000,"label":" ","price":2.67},{"type":"A","date":"2018-04-04T02:32:12.000Z","volume":341000,"label":" ","price":2.68},{"type":"B","date":"2018-04-04T02:32:25.000Z","volume":4000,"label":" ","price":2.65},{"type":"B","date":"2018-04-04T02:33:02.000Z","volume":10000,"label":" ","price":2.65},{"type":"A","date":"2018-04-04T02:34:01.000Z","volume":10000,"label":" ","price":2.68},{"type":"A","date":"2018-04-04T02:37:37.000Z","volume":20000,"label":" ","price":2.68},{"type":"A","date":"2018-04-04T02:38:15.000Z","volume":20000,"label":" ","price":2.68},{"type":"A","date":"2018-04-04T02:38:48.000Z","volume":20000,"label":" ","price":2.68},{"type":"B","date":"2018-04-04T02:38:54.000Z","volume":2000,"label":" ","price":2.67},{"type":"B","date":"2018-04-04T02:45:55.000Z","volume":4000,"label":" ","price":2.66},{"type":"B","date":"2018-04-04T02:46:30.000Z","volume":1000,"label":" ","price":2.66},{"type":"B","date":"2018-04-04T02:47:57.000Z","volume":2000,"label":" ","price":2.66},{"type":"A","date":"2018-04-04T02:52:11.000Z","volume":3000,"label":" ","price":2.67},{"type":"B","date":"2018-04-04T02:54:12.000Z","volume":2000,"label":" ","price":2.66},{"type":"B","date":"2018-04-04T02:54:41.000Z","volume":8000,"label":" ","price":2.66},{"type":"B","date":"2018-04-04T02:55:01.000Z","volume":3000,"label":" ","price":2.65},{"type":"B","date":"2018-04-04T02:55:07.000Z","volume":21000,"label":" ","price":2.65},{"type":"B","date":"2018-04-04T02:55:13.000Z","volume":1000,"label":" ","price":2.65},{"type":"B","date":"2018-04-04T02:55:29.000Z","volume":2000,"label":" ","price":2.64},{"type":"B","date":"2018-04-04T02:57:17.000Z","volume":4000,"label":" ","price":2.63},{"type":"B","date":"2018-04-04T03:00:22.000Z","volume":1000,"label":" ","price":2.64},{"type":"B","date":"2018-04-04T03:00:25.000Z","volume":2000,"label":" ","price":2.64},{"type":"B","date":"2018-04-04T03:01:29.000Z","volume":4000,"label":" ","price":2.64},{"type":"B","date":"2018-04-04T03:03:18.000Z","volume":4000,"label":" ","price":2.64},{"type":"A","date":"2018-04-04T03:03:19.000Z","volume":6000,"label":" ","price":2.64},{"type":"B","date":"2018-04-04T03:03:49.000Z","volume":10000,"label":" ","price":2.63},{"type":"A","date":"2018-04-04T03:13:21.000Z","volume":2000,"label":" ","price":2.65},{"type":"A","date":"2018-04-04T03:15:13.000Z","volume":3000,"label":" ","price":2.65},{"type":"A","date":"2018-04-04T03:15:55.000Z","volume":10000,"label":" ","price":2.65},{"type":"A","date":"2018-04-04T03:16:32.000Z","volume":3000,"label":" ","price":2.65},{"type":"A","date":"2018-04-04T03:18:01.000Z","volume":3000,"label":" ","price":2.65},{"type":"A","date":"2018-04-04T03:19:18.000Z","volume":3000,"label":" ","price":2.65},{"type":"A","date":"2018-04-04T03:20:34.000Z","volume":3000,"label":" ","price":2.65},{"type":"A","date":"2018-04-04T03:21:04.000Z","volume":4000,"label":" ","price":2.65},{"type":"A","date":"2018-04-04T03:22:42.000Z","volume":3000,"label":" ","price":2.66},{"type":"A","date":"2018-04-04T03:24:04.000Z","volume":3000,"label":" ","price":2.66},{"type":"A","date":"2018-04-04T03:25:52.000Z","volume":3000,"label":" ","price":2.66},{"type":"B","date":"2018-04-04T03:28:41.000Z","volume":10000,"label":" ","price":2.65},{"type":"B","date":"2018-04-04T03:29:03.000Z","volume":10000,"label":" ","price":2.65},{"type":"B","date":"2018-04-04T03:35:05.000Z","volume":6000,"label":" ","price":2.65},{"type":"B","date":"2018-04-04T03:35:25.000Z","volume":1000,"label":" ","price":2.64},{"type":"B","date":"2018-04-04T03:40:23.000Z","volume":1000,"label":" ","price":2.63},{"type":"B","date":"2018-04-04T03:45:18.000Z","volume":3000,"label":" ","price":2.64},{"type":"B","date":"2018-04-04T03:47:46.000Z","volume":6000,"label":" ","price":2.64},{"type":"B","date":"2018-04-04T03:50:18.000Z","volume":2000,"label":" ","price":2.64},{"type":"B","date":"2018-04-04T03:55:22.000Z","volume":2000,"label":" ","price":2.64},{"type":"A","date":"2018-04-04T03:57:50.000Z","volume":3000,"label":" ","price":2.65},{"type":"A","date":"2018-04-04T03:58:26.000Z","volume":1000,"label":" ","price":2.65},{"type":"A","date":"2018-04-04T03:58:46.000Z","volume":1000,"label":" ","price":2.65},{"type":"A","date":"2018-04-04T03:59:06.000Z","volume":1000,"label":" ","price":2.65},{"type":"A","date":"2018-04-04T03:59:26.000Z","volume":1000,"label":" ","price":2.65},{"type":"A","date":"2018-04-04T03:59:39.000Z","volume":1000,"label":" ","price":2.65},{"type":"A","date":"2018-04-04T03:59:56.000Z","volume":1000,"label":" ","price":2.65},{"type":"B","date":"2018-04-04T03:59:58.000Z","volume":2000,"label":" ","price":2.64},{"type":"B","date":"2018-04-04T03:59:58.000Z","volume":4000,"label":" ","price":2.64},{"type":"B","date":"2018-04-04T05:05:00.000Z","volume":3000,"label":" ","price":2.65},{"type":"B","date":"2018-04-04T05:05:11.000Z","volume":6000,"label":" ","price":2.65},{"type":"B","date":"2018-04-04T05:05:23.000Z","volume":1000,"label":" ","price":2.65},{"type":"B","date":"2018-04-04T05:07:30.000Z","volume":7000,"label":" ","price":2.65},{"type":"B","date":"2018-04-04T05:10:20.000Z","volume":2000,"label":" ","price":2.65},{"type":"B","date":"2018-04-04T05:15:19.000Z","volume":1000,"label":" ","price":2.65},{"type":"A","date":"2018-04-04T05:16:09.000Z","volume":1000,"label":" ","price":2.66},{"type":"A","date":"2018-04-04T05:17:12.000Z","volume":2000,"label":" ","price":2.66},{"type":"A","date":"2018-04-04T05:19:03.000Z","volume":6000,"label":" ","price":2.66},{"type":"A","date":"2018-04-04T05:19:59.000Z","volume":3000,"label":" ","price":2.66},{"type":"A","date":"2018-04-04T05:22:05.000Z","volume":3000,"label":" ","price":2.66},{"type":"A","date":"2018-04-04T05:23:57.000Z","volume":1000,"label":" ","price":2.66},{"type":"B","date":"2018-04-04T05:25:20.000Z","volume":1000,"label":" ","price":2.65},{"type":"B","date":"2018-04-04T05:26:33.000Z","volume":10000,"label":" ","price":2.65},{"type":"A","date":"2018-04-04T05:28:54.000Z","volume":2000,"label":" ","price":2.66},{"type":"B","date":"2018-04-04T05:30:21.000Z","volume":4000,"label":" ","price":2.65},{"type":"A","date":"2018-04-04T05:30:24.000Z","volume":3000,"label":" ","price":2.66},{"type":"A","date":"2018-04-04T05:30:55.000Z","volume":20000,"label":" ","price":2.66},{"type":"B","date":"2018-04-04T05:31:01.000Z","volume":2000,"label":" ","price":2.65},{"type":"A","date":"2018-04-04T05:32:05.000Z","volume":3000,"label":" ","price":2.66},{"type":"A","date":"2018-04-04T05:33:57.000Z","volume":3000,"label":" ","price":2.66},{"type":"B","date":"2018-04-04T05:35:22.000Z","volume":3000,"label":" ","price":2.65},{"type":"A","date":"2018-04-04T05:35:37.000Z","volume":3000,"label":" ","price":2.66},{"type":"A","date":"2018-04-04T05:37:56.000Z","volume":3000,"label":" ","price":2.66},{"type":"B","date":"2018-04-04T05:40:22.000Z","volume":3000,"label":" ","price":2.65},{"type":"A","date":"2018-04-04T05:40:23.000Z","volume":3000,"label":" ","price":2.66},{"type":"B","date":"2018-04-04T05:41:00.000Z","volume":7000,"label":" ","price":2.65},{"type":"B","date":"2018-04-04T05:41:04.000Z","volume":1000,"label":" ","price":2.65},{"type":"A","date":"2018-04-04T05:42:16.000Z","volume":32000,"label":" ","price":2.66},{"type":"B","date":"2018-04-04T05:42:32.000Z","volume":2000,"label":" ","price":2.65},{"type":"B","date":"2018-04-04T05:45:24.000Z","volume":3000,"label":" ","price":2.65},{"type":"B","date":"2018-04-04T05:48:22.000Z","volume":13000,"label":" ","price":2.65},{"type":"B","date":"2018-04-04T05:50:26.000Z","volume":5000,"label":" ","price":2.64},{"type":"B","date":"2018-04-04T05:54:26.000Z","volume":10000,"label":" ","price":2.64},{"type":"B","date":"2018-04-04T05:54:26.000Z","volume":10000,"label":" ","price":2.63},{"type":"B","date":"2018-04-04T05:54:26.000Z","volume":4000,"label":" ","price":2.63},{"type":"B","date":"2018-04-04T05:55:27.000Z","volume":1000,"label":" ","price":2.63},{"type":"B","date":"2018-04-04T05:58:04.000Z","volume":1000,"label":" ","price":2.63},{"type":"B","date":"2018-04-04T06:00:21.000Z","volume":2000,"label":" ","price":2.63},{"type":"A","date":"2018-04-04T06:03:15.000Z","volume":5000,"label":" ","price":2.65},{"type":"B","date":"2018-04-04T06:04:02.000Z","volume":1000,"label":" ","price":2.63},{"type":"B","date":"2018-04-04T06:05:20.000Z","volume":3000,"label":" ","price":2.63},{"type":"B","date":"2018-04-04T06:10:19.000Z","volume":1000,"label":" ","price":2.63},{"type":"B","date":"2018-04-04T06:12:33.000Z","volume":2000,"label":" ","price":2.63},{"type":"B","date":"2018-04-04T06:15:21.000Z","volume":4000,"label":" ","price":2.63},{"type":"B","date":"2018-04-04T06:20:28.000Z","volume":3000,"label":" ","price":2.63},{"type":"B","date":"2018-04-04T06:24:59.000Z","volume":7000,"label":" ","price":2.63},{"type":"B","date":"2018-04-04T06:25:27.000Z","volume":4000,"label":" ","price":2.63},{"type":"B","date":"2018-04-04T06:27:48.000Z","volume":4000,"label":" ","price":2.63},{"type":"B","date":"2018-04-04T06:30:17.000Z","volume":4000,"label":" ","price":2.63},{"type":"B","date":"2018-04-04T06:31:29.000Z","volume":10000,"label":" ","price":2.63},{"type":"B","date":"2018-04-04T06:31:35.000Z","volume":23000,"label":" ","price":2.62},{"type":"A","date":"2018-04-04T06:32:22.000Z","volume":4000,"label":" ","price":2.62},{"type":"B","date":"2018-04-04T06:35:25.000Z","volume":2000,"label":" ","price":2.62},{"type":"A","date":"2018-04-04T06:37:36.000Z","volume":2000,"label":" ","price":2.64},{"type":"B","date":"2018-04-04T06:40:21.000Z","volume":2000,"label":" ","price":2.63},{"type":"B","date":"2018-04-04T06:45:23.000Z","volume":2000,"label":" ","price":2.63},{"type":"B","date":"2018-04-04T06:50:20.000Z","volume":1000,"label":" ","price":2.63},{"type":"B","date":"2018-04-04T06:50:28.000Z","volume":3000,"label":" ","price":2.63},{"type":"B","date":"2018-04-04T06:55:20.000Z","volume":3000,"label":" ","price":2.63},{"type":"A","date":"2018-04-04T06:58:51.000Z","volume":2000,"label":" ","price":2.64},{"type":"B","date":"2018-04-04T06:59:46.000Z","volume":3000,"label":" ","price":2.63},{"type":"B","date":"2018-04-04T07:00:06.000Z","volume":1000,"label":" ","price":2.63},{"type":"B","date":"2018-04-04T07:00:21.000Z","volume":2000,"label":" ","price":2.63},{"type":"B","date":"2018-04-04T07:05:21.000Z","volume":2000,"label":" ","price":2.63},{"type":"A","date":"2018-04-04T07:07:17.000Z","volume":1000,"label":" ","price":2.64},{"type":"A","date":"2018-04-04T07:08:33.000Z","volume":1000,"label":" ","price":2.64},{"type":"A","date":"2018-04-04T07:09:18.000Z","volume":1000,"label":" ","price":2.64},{"type":"B","date":"2018-04-04T07:10:00.000Z","volume":14000,"label":" ","price":2.63},{"type":"A","date":"2018-04-04T07:13:30.000Z","volume":1000,"label":" ","price":2.64},{"type":"B","date":"2018-04-04T07:13:42.000Z","volume":10000,"label":" ","price":2.63},{"type":"B","date":"2018-04-04T07:14:59.000Z","volume":1000,"label":" ","price":2.63},{"type":"B","date":"2018-04-04T07:15:28.000Z","volume":2000,"label":" ","price":2.63},{"type":"B","date":"2018-04-04T07:15:28.000Z","volume":12000,"label":" ","price":2.63},{"type":"B","date":"2018-04-04T07:15:50.000Z","volume":2000,"label":" ","price":2.63},{"type":"B","date":"2018-04-04T07:18:54.000Z","volume":10000,"label":" ","price":2.63},{"type":"B","date":"2018-04-04T07:20:21.000Z","volume":2000,"label":" ","price":2.63},{"type":"B","date":"2018-04-04T07:23:20.000Z","volume":1000,"label":" ","price":2.63},{"type":"B","date":"2018-04-04T07:23:29.000Z","volume":1000,"label":" ","price":2.63},{"type":"B","date":"2018-04-04T07:25:11.000Z","volume":5000,"label":" ","price":2.63},{"type":"B","date":"2018-04-04T07:25:25.000Z","volume":3000,"label":" ","price":2.63},{"type":"B","date":"2018-04-04T07:30:26.000Z","volume":2000,"label":" ","price":2.63},{"type":"B","date":"2018-04-04T07:31:05.000Z","volume":6000,"label":" ","price":2.63},{"type":"B","date":"2018-04-04T07:34:20.000Z","volume":1000,"label":" ","price":2.62},{"type":"B","date":"2018-04-04T07:35:23.000Z","volume":2000,"label":" ","price":2.62},{"type":"B","date":"2018-04-04T07:38:35.000Z","volume":12000,"label":" ","price":2.62},{"type":"B","date":"2018-04-04T07:39:20.000Z","volume":1000,"label":" ","price":2.61},{"type":"B","date":"2018-04-04T07:40:20.000Z","volume":3000,"label":" ","price":2.61},{"type":"B","date":"2018-04-04T07:40:25.000Z","volume":14000,"label":" ","price":2.61},{"type":"A","date":"2018-04-04T07:40:30.000Z","volume":20000,"label":" ","price":2.61},{"type":"A","date":"2018-04-04T07:40:54.000Z","volume":7000,"label":" ","price":2.61},{"type":"B","date":"2018-04-04T07:43:30.000Z","volume":1000,"label":" ","price":2.6},{"type":"B","date":"2018-04-04T07:43:46.000Z","volume":7000,"label":" ","price":2.6},{"type":"B","date":"2018-04-04T07:43:46.000Z","volume":3000,"label":" ","price":2.6},{"type":"B","date":"2018-04-04T07:43:46.000Z","volume":1000,"label":" ","price":2.59},{"type":"A","date":"2018-04-04T07:44:09.000Z","volume":6000,"label":" ","price":2.6},{"type":"A","date":"2018-04-04T07:44:15.000Z","volume":3000,"label":" ","price":2.6},{"type":"A","date":"2018-04-04T07:44:58.000Z","volume":9000,"label":" ","price":2.6},{"type":"A","date":"2018-04-04T07:44:58.000Z","volume":3000,"label":" ","price":2.6},{"type":"B","date":"2018-04-04T07:45:26.000Z","volume":3000,"label":" ","price":2.59},{"type":"B","date":"2018-04-04T07:46:12.000Z","volume":64000,"label":" ","price":2.59},{"type":"A","date":"2018-04-04T07:46:15.000Z","volume":6000,"label":" ","price":2.59},{"type":"B","date":"2018-04-04T07:46:25.000Z","volume":25000,"label":" ","price":2.58},{"type":"A","date":"2018-04-04T07:46:27.000Z","volume":12000,"label":" ","price":2.58},{"type":"A","date":"2018-04-04T07:46:33.000Z","volume":6000,"label":" ","price":2.58},{"type":"A","date":"2018-04-04T07:46:33.000Z","volume":42000,"label":" ","price":2.58},{"type":"A","date":"2018-04-04T07:46:33.000Z","volume":12000,"label":" ","price":2.58},{"type":"A","date":"2018-04-04T07:46:58.000Z","volume":9000,"label":" ","price":2.58},{"type":"A","date":"2018-04-04T07:46:59.000Z","volume":29000,"label":" ","price":2.58},{"type":"B","date":"2018-04-04T07:49:32.000Z","volume":7000,"label":" ","price":2.57},{"type":"B","date":"2018-04-04T07:52:00.000Z","volume":1000,"label":" ","price":2.58},{"type":"B","date":"2018-04-04T07:52:21.000Z","volume":7000,"label":" ","price":2.59},{"type":"B","date":"2018-04-04T07:52:30.000Z","volume":1000,"label":" ","price":2.59},{"type":"B","date":"2018-04-04T07:53:00.000Z","volume":1000,"label":" ","price":2.59},{"type":"B","date":"2018-04-04T07:53:01.000Z","volume":4000,"label":" ","price":2.59},{"type":"B","date":"2018-04-04T07:53:30.000Z","volume":1000,"label":" ","price":2.59},{"type":"B","date":"2018-04-04T07:54:00.000Z","volume":1000,"label":" ","price":2.59},{"type":"B","date":"2018-04-04T07:54:45.000Z","volume":6000,"label":" ","price":2.59},{"type":"B","date":"2018-04-04T07:54:53.000Z","volume":2000,"label":" ","price":2.58},{"type":"A","date":"2018-04-04T07:55:03.000Z","volume":7000,"label":" ","price":2.59},{"type":"B","date":"2018-04-04T07:56:30.000Z","volume":4000,"label":" ","price":2.58},{"type":"B","date":"2018-04-04T07:57:21.000Z","volume":1000,"label":" ","price":2.58},{"type":"A","date":"2018-04-04T07:57:45.000Z","volume":3000,"label":" ","price":2.59},{"type":"B","date":"2018-04-04T07:57:45.000Z","volume":2000,"label":" ","price":2.58},{"type":"A","date":"2018-04-04T07:58:06.000Z","volume":3000,"label":" ","price":2.59},{"type":"A","date":"2018-04-04T07:58:22.000Z","volume":3000,"label":" ","price":2.59},{"type":"B","date":"2018-04-04T07:58:30.000Z","volume":1000,"label":" ","price":2.58},{"type":"A","date":"2018-04-04T07:58:40.000Z","volume":3000,"label":" ","price":2.59},{"type":"B","date":"2018-04-04T07:58:40.000Z","volume":4000,"label":" ","price":2.58},{"type":"B","date":"2018-04-04T07:58:48.000Z","volume":9000,"label":" ","price":2.58},{"type":"B","date":"2018-04-04T07:59:08.000Z","volume":1000,"label":" ","price":2.57},{"type":"B","date":"2018-04-04T07:59:20.000Z","volume":50000,"label":" ","price":2.57},{"type":"B","date":"2018-04-04T07:59:20.000Z","volume":5000,"label":" ","price":2.57},{"type":"B","date":"2018-04-04T07:59:21.000Z","volume":1000,"label":" ","price":2.57},{"type":"B","date":"2018-04-04T07:59:23.000Z","volume":1000,"label":" ","price":2.57},{"type":"B","date":"2018-04-04T07:59:30.000Z","volume":2000,"label":" ","price":2.57},{"type":"B","date":"2018-04-04T07:59:34.000Z","volume":41000,"label":" ","price":2.57},{"type":"A","date":"2018-04-04T07:59:34.000Z","volume":16000,"label":" ","price":2.58},{"type":"B","date":"2018-04-04T07:59:40.000Z","volume":1000,"label":" ","price":2.57},{"type":"B","date":"2018-04-04T07:59:52.000Z","volume":1000,"label":" ","price":2.57},{"type":"B","date":"2018-04-04T07:59:53.000Z","volume":1000,"label":" ","price":2.57},{"type":"B","date":"2018-04-04T07:59:55.000Z","volume":2000,"label":" ","price":2.57},{"type":"U","date":"2018-04-04T08:08:53.000Z","volume":54000,"label":"U","price":2.57}]