[{"type":"U","date":"2018-04-23T01:20:00.000Z","volume":202000,"label":"U","price":2.27},{"type":"B","date":"2018-04-23T01:30:00.000Z","volume":6000,"label":" ","price":2.27},{"type":"B","date":"2018-04-23T01:31:03.000Z","volume":92000,"label":"Y","price":2.27},{"type":"B","date":"2018-04-23T01:31:34.000Z","volume":50000,"label":" ","price":2.26},{"type":"B","date":"2018-04-23T01:34:05.000Z","volume":6000,"label":" ","price":2.26},{"type":"A","date":"2018-04-23T01:34:11.000Z","volume":10000,"label":" ","price":2.27},{"type":"B","date":"2018-04-23T01:36:14.000Z","volume":100000,"label":" ","price":2.26},{"type":"B","date":"2018-04-23T01:38:05.000Z","volume":100000,"label":" ","price":2.26},{"type":"B","date":"2018-04-23T01:38:26.000Z","volume":100000,"label":"Y","price":2.26},{"type":"B","date":"2018-04-23T01:38:42.000Z","volume":2000,"label":"Y","price":2.26},{"type":"A","date":"2018-04-23T01:45:09.000Z","volume":40000,"label":" ","price":2.27},{"type":"B","date":"2018-04-23T01:45:57.000Z","volume":438000,"label":" ","price":2.26},{"type":"A","date":"2018-04-23T01:46:04.000Z","volume":2000,"label":" ","price":2.26},{"type":"A","date":"2018-04-23T01:46:20.000Z","volume":252000,"label":" ","price":2.26},{"type":"A","date":"2018-04-23T01:46:20.000Z","volume":58000,"label":"Y","price":2.27},{"type":"A","date":"2018-04-23T01:46:20.000Z","volume":134000,"label":" ","price":2.27},{"type":"A","date":"2018-04-23T01:46:20.000Z","volume":6000,"label":" ","price":2.27},{"type":"A","date":"2018-04-23T01:46:20.000Z","volume":52000,"label":" ","price":2.27},{"type":"A","date":"2018-04-23T01:48:16.000Z","volume":220000,"label":" ","price":2.28},{"type":"A","date":"2018-04-23T01:52:08.000Z","volume":10000,"label":"Y","price":2.28},{"type":"A","date":"2018-04-23T01:52:08.000Z","volume":182000,"label":" ","price":2.28},{"type":"B","date":"2018-04-23T01:52:08.000Z","volume":8000,"label":" ","price":2.28},{"type":"B","date":"2018-04-23T01:53:29.000Z","volume":4000,"label":"Y","price":2.28},{"type":"A","date":"2018-04-23T01:54:40.000Z","volume":2000,"label":" ","price":2.29},{"type":"B","date":"2018-04-23T01:55:41.000Z","volume":84000,"label":" ","price":2.28},{"type":"B","date":"2018-04-23T01:56:49.000Z","volume":112000,"label":"Y","price":2.28},{"type":"B","date":"2018-04-23T01:56:49.000Z","volume":8000,"label":" ","price":2.28},{"type":"A","date":"2018-04-23T01:57:18.000Z","volume":60000,"label":" ","price":2.28},{"type":"A","date":"2018-04-23T01:57:25.000Z","volume":2000,"label":" ","price":2.28},{"type":"A","date":"2018-04-23T01:57:58.000Z","volume":60000,"label":" ","price":2.28},{"type":"A","date":"2018-04-23T02:00:22.000Z","volume":32000,"label":"Y","price":2.28},{"type":"A","date":"2018-04-23T02:00:22.000Z","volume":114000,"label":" ","price":2.28},{"type":"A","date":"2018-04-23T02:00:31.000Z","volume":30000,"label":" ","price":2.28},{"type":"B","date":"2018-04-23T02:00:54.000Z","volume":8000,"label":" ","price":2.27},{"type":"A","date":"2018-04-23T02:01:47.000Z","volume":60000,"label":" ","price":2.28},{"type":"B","date":"2018-04-23T02:01:49.000Z","volume":12000,"label":"Y","price":2.27},{"type":"B","date":"2018-04-23T02:05:27.000Z","volume":20000,"label":" ","price":2.28},{"type":"A","date":"2018-04-23T02:05:53.000Z","volume":6000,"label":" ","price":2.29},{"type":"B","date":"2018-04-23T02:07:40.000Z","volume":30000,"label":" ","price":2.28},{"type":"B","date":"2018-04-23T02:07:40.000Z","volume":52000,"label":" ","price":2.28},{"type":"A","date":"2018-04-23T02:08:14.000Z","volume":22000,"label":" ","price":2.29},{"type":"A","date":"2018-04-23T02:08:21.000Z","volume":96000,"label":" ","price":2.29},{"type":"A","date":"2018-04-23T02:08:21.000Z","volume":4000,"label":" ","price":2.29},{"type":"B","date":"2018-04-23T02:08:40.000Z","volume":10000,"label":" ","price":2.28},{"type":"B","date":"2018-04-23T02:09:05.000Z","volume":30000,"label":" ","price":2.28},{"type":"A","date":"2018-04-23T02:13:18.000Z","volume":22000,"label":" ","price":2.28},{"type":"A","date":"2018-04-23T02:13:18.000Z","volume":128000,"label":" ","price":2.29},{"type":"B","date":"2018-04-23T02:13:31.000Z","volume":20000,"label":"Y","price":2.27},{"type":"B","date":"2018-04-23T02:14:27.000Z","volume":20000,"label":" ","price":2.27},{"type":"A","date":"2018-04-23T02:17:34.000Z","volume":10000,"label":" ","price":2.28},{"type":"A","date":"2018-04-23T02:17:40.000Z","volume":10000,"label":" ","price":2.28},{"type":"B","date":"2018-04-23T02:24:33.000Z","volume":240000,"label":"Y","price":2.27},{"type":"B","date":"2018-04-23T02:24:33.000Z","volume":66000,"label":" ","price":2.27},{"type":"A","date":"2018-04-23T02:28:23.000Z","volume":40000,"label":" ","price":2.27},{"type":"A","date":"2018-04-23T02:36:38.000Z","volume":2000,"label":" ","price":2.27},{"type":"B","date":"2018-04-23T02:36:42.000Z","volume":100000,"label":"Y","price":2.26},{"type":"B","date":"2018-04-23T02:36:42.000Z","volume":168000,"label":" ","price":2.26},{"type":"A","date":"2018-04-23T02:36:52.000Z","volume":150000,"label":" ","price":2.26},{"type":"A","date":"2018-04-23T02:47:18.000Z","volume":10000,"label":"Y","price":2.26},{"type":"A","date":"2018-04-23T02:48:43.000Z","volume":20000,"label":" ","price":2.26},{"type":"A","date":"2018-04-23T02:56:10.000Z","volume":12000,"label":" ","price":2.26},{"type":"A","date":"2018-04-23T03:06:48.000Z","volume":100000,"label":"Y","price":2.26},{"type":"A","date":"2018-04-23T03:06:48.000Z","volume":12000,"label":" ","price":2.26},{"type":"A","date":"2018-04-23T03:08:51.000Z","volume":100000,"label":" ","price":2.26},{"type":"A","date":"2018-04-23T03:11:11.000Z","volume":2000,"label":" ","price":2.26},{"type":"B","date":"2018-04-23T03:18:07.000Z","volume":36000,"label":"Y","price":2.25},{"type":"A","date":"2018-04-23T03:22:52.000Z","volume":510000,"label":" ","price":2.26},{"type":"A","date":"2018-04-23T03:22:52.000Z","volume":4000,"label":" ","price":2.27},{"type":"B","date":"2018-04-23T03:26:40.000Z","volume":100000,"label":" ","price":2.26},{"type":"B","date":"2018-04-23T03:33:42.000Z","volume":50000,"label":"Y","price":2.26},{"type":"A","date":"2018-04-23T03:38:28.000Z","volume":30000,"label":" ","price":2.27},{"type":"B","date":"2018-04-23T05:12:30.000Z","volume":50000,"label":" ","price":2.26},{"type":"B","date":"2018-04-23T05:15:11.000Z","volume":4000,"label":" ","price":2.26},{"type":"B","date":"2018-04-23T05:20:27.000Z","volume":500000,"label":" ","price":2.26},{"type":"A","date":"2018-04-23T05:25:01.000Z","volume":2000,"label":"Y","price":2.27},{"type":"A","date":"2018-04-23T05:27:15.000Z","volume":2000,"label":" ","price":2.27},{"type":"A","date":"2018-04-23T05:33:00.000Z","volume":2000,"label":"Y","price":2.27},{"type":"A","date":"2018-04-23T05:37:56.000Z","volume":20000,"label":" ","price":2.27},{"type":"A","date":"2018-04-23T05:41:00.000Z","volume":2000,"label":"Y","price":2.27},{"type":"B","date":"2018-04-23T05:49:02.000Z","volume":82000,"label":" ","price":2.26},{"type":"A","date":"2018-04-23T05:50:00.000Z","volume":2000,"label":"Y","price":2.26},{"type":"A","date":"2018-04-23T05:53:16.000Z","volume":2000,"label":" ","price":2.26},{"type":"A","date":"2018-04-23T05:53:47.000Z","volume":2000,"label":" ","price":2.26},{"type":"B","date":"2018-04-23T05:53:58.000Z","volume":100000,"label":"Y","price":2.25},{"type":"B","date":"2018-04-23T05:55:18.000Z","volume":400000,"label":"Y","price":2.25},{"type":"A","date":"2018-04-23T05:55:52.000Z","volume":2000,"label":" ","price":2.26},{"type":"B","date":"2018-04-23T05:56:34.000Z","volume":360000,"label":" ","price":2.25},{"type":"B","date":"2018-04-23T05:56:34.000Z","volume":12000,"label":" ","price":2.25},{"type":"B","date":"2018-04-23T05:56:34.000Z","volume":24000,"label":" ","price":2.25},{"type":"B","date":"2018-04-23T05:57:15.000Z","volume":90000,"label":"Y","price":2.24},{"type":"B","date":"2018-04-23T05:57:15.000Z","volume":30000,"label":" ","price":2.24},{"type":"B","date":"2018-04-23T05:57:54.000Z","volume":8000,"label":"Y","price":2.24},{"type":"B","date":"2018-04-23T05:57:54.000Z","volume":12000,"label":" ","price":2.24},{"type":"A","date":"2018-04-23T05:58:00.000Z","volume":2000,"label":"Y","price":2.24},{"type":"A","date":"2018-04-23T05:58:37.000Z","volume":100000,"label":"Y","price":2.24},{"type":"A","date":"2018-04-23T05:58:39.000Z","volume":10000,"label":"Y","price":2.24},{"type":"A","date":"2018-04-23T05:58:56.000Z","volume":20000,"label":" ","price":2.24},{"type":"B","date":"2018-04-23T05:59:33.000Z","volume":6000,"label":"Y","price":2.23},{"type":"B","date":"2018-04-23T05:59:33.000Z","volume":100000,"label":" ","price":2.23},{"type":"B","date":"2018-04-23T05:59:56.000Z","volume":1000000,"label":" ","price":2.23},{"type":"A","date":"2018-04-23T06:02:32.000Z","volume":30000,"label":"Y","price":2.24},{"type":"A","date":"2018-04-23T06:02:50.000Z","volume":18000,"label":"Y","price":2.24},{"type":"A","date":"2018-04-23T06:02:50.000Z","volume":14000,"label":" ","price":2.24},{"type":"A","date":"2018-04-23T06:02:55.000Z","volume":4000,"label":" ","price":2.24},{"type":"A","date":"2018-04-23T06:03:17.000Z","volume":10000,"label":" ","price":2.24},{"type":"A","date":"2018-04-23T06:03:30.000Z","volume":64000,"label":" ","price":2.24},{"type":"B","date":"2018-04-23T06:03:42.000Z","volume":30000,"label":" ","price":2.24},{"type":"B","date":"2018-04-23T06:05:39.000Z","volume":6000,"label":" ","price":2.24},{"type":"A","date":"2018-04-23T06:05:56.000Z","volume":12000,"label":"Y","price":2.25},{"type":"A","date":"2018-04-23T06:06:00.000Z","volume":2000,"label":"Y","price":2.25},{"type":"A","date":"2018-04-23T06:09:02.000Z","volume":12000,"label":"Y","price":2.25},{"type":"A","date":"2018-04-23T06:09:16.000Z","volume":10000,"label":"Y","price":2.25},{"type":"A","date":"2018-04-23T06:09:44.000Z","volume":12000,"label":"Y","price":2.25},{"type":"B","date":"2018-04-23T06:13:40.000Z","volume":54000,"label":" ","price":2.24},{"type":"B","date":"2018-04-23T06:13:40.000Z","volume":776000,"label":" ","price":2.23},{"type":"A","date":"2018-04-23T06:13:57.000Z","volume":10000,"label":" ","price":2.23},{"type":"A","date":"2018-04-23T06:13:57.000Z","volume":216000,"label":" ","price":2.23},{"type":"A","date":"2018-04-23T06:13:57.000Z","volume":2000,"label":" ","price":2.24},{"type":"B","date":"2018-04-23T06:13:57.000Z","volume":2000,"label":" ","price":2.24},{"type":"A","date":"2018-04-23T06:15:00.000Z","volume":2000,"label":"Y","price":2.25},{"type":"A","date":"2018-04-23T06:18:25.000Z","volume":2000,"label":" ","price":2.24},{"type":"B","date":"2018-04-23T06:18:46.000Z","volume":8000,"label":" ","price":2.24},{"type":"B","date":"2018-04-23T06:20:48.000Z","volume":2000,"label":" ","price":2.24},{"type":"B","date":"2018-04-23T06:21:50.000Z","volume":8000,"label":" ","price":2.24},{"type":"A","date":"2018-04-23T06:23:00.000Z","volume":2000,"label":"Y","price":2.25},{"type":"A","date":"2018-04-23T06:31:00.000Z","volume":2000,"label":"Y","price":2.25},{"type":"B","date":"2018-04-23T06:34:02.000Z","volume":34000,"label":" ","price":2.24},{"type":"B","date":"2018-04-23T06:35:37.000Z","volume":66000,"label":" ","price":2.23},{"type":"B","date":"2018-04-23T06:36:18.000Z","volume":100000,"label":" ","price":2.23},{"type":"A","date":"2018-04-23T06:36:19.000Z","volume":2000,"label":" ","price":2.24},{"type":"A","date":"2018-04-23T06:40:00.000Z","volume":2000,"label":"Y","price":2.25},{"type":"B","date":"2018-04-23T06:44:21.000Z","volume":30000,"label":" ","price":2.24},{"type":"A","date":"2018-04-23T06:46:25.000Z","volume":6000,"label":" ","price":2.24},{"type":"A","date":"2018-04-23T06:47:25.000Z","volume":4000,"label":" ","price":2.24},{"type":"A","date":"2018-04-23T06:48:00.000Z","volume":2000,"label":" ","price":2.24},{"type":"B","date":"2018-04-23T06:54:11.000Z","volume":100000,"label":" ","price":2.23},{"type":"A","date":"2018-04-23T06:56:00.000Z","volume":2000,"label":" ","price":2.24},{"type":"A","date":"2018-04-23T06:56:30.000Z","volume":58000,"label":" ","price":2.24},{"type":"A","date":"2018-04-23T07:05:00.000Z","volume":2000,"label":"Y","price":2.25},{"type":"B","date":"2018-04-23T07:06:20.000Z","volume":6000,"label":" ","price":2.24},{"type":"B","date":"2018-04-23T07:09:19.000Z","volume":38000,"label":" ","price":2.24},{"type":"B","date":"2018-04-23T07:09:19.000Z","volume":68000,"label":" ","price":2.24},{"type":"A","date":"2018-04-23T07:13:00.000Z","volume":2000,"label":"Y","price":2.25},{"type":"A","date":"2018-04-23T07:21:00.000Z","volume":2000,"label":"Y","price":2.25},{"type":"B","date":"2018-04-23T07:29:28.000Z","volume":2000,"label":" ","price":2.24},{"type":"A","date":"2018-04-23T07:30:00.000Z","volume":2000,"label":"Y","price":2.25},{"type":"A","date":"2018-04-23T07:38:00.000Z","volume":2000,"label":" ","price":2.24},{"type":"A","date":"2018-04-23T07:39:25.000Z","volume":100000,"label":" ","price":2.24},{"type":"A","date":"2018-04-23T07:44:42.000Z","volume":2000,"label":" ","price":2.24},{"type":"A","date":"2018-04-23T07:46:00.000Z","volume":2000,"label":" ","price":2.24},{"type":"A","date":"2018-04-23T07:47:10.000Z","volume":20000,"label":" ","price":2.24},{"type":"A","date":"2018-04-23T07:53:19.000Z","volume":64000,"label":" ","price":2.24},{"type":"A","date":"2018-04-23T07:54:00.000Z","volume":2000,"label":"Y","price":2.25},{"type":"A","date":"2018-04-23T07:55:01.000Z","volume":2000,"label":" ","price":2.25},{"type":"B","date":"2018-04-23T07:58:04.000Z","volume":2000,"label":"Y","price":2.24},{"type":"U","date":"2018-04-23T08:08:11.000Z","volume":18000,"label":"U","price":2.23}]