[{"type":"U","date":"2018-04-06T01:20:00.000Z","volume":70200,"label":"U","price":36.3},{"type":"B","date":"2018-04-06T01:30:02.000Z","volume":3000,"label":" ","price":36.3},{"type":"B","date":"2018-04-06T01:30:02.000Z","volume":500,"label":" ","price":36.3},{"type":"A","date":"2018-04-06T01:30:02.000Z","volume":200,"label":" ","price":36.45},{"type":"B","date":"2018-04-06T01:30:03.000Z","volume":100,"label":" ","price":36.45},{"type":"A","date":"2018-04-06T01:30:04.000Z","volume":100,"label":" ","price":36.55},{"type":"A","date":"2018-04-06T01:30:04.000Z","volume":2000,"label":" ","price":36.6},{"type":"U","date":"2018-04-06T01:30:05.000Z","volume":100,"label":" ","price":36.55},{"type":"A","date":"2018-04-06T01:30:05.000Z","volume":400,"label":" ","price":36.6},{"type":"B","date":"2018-04-06T01:30:07.000Z","volume":100,"label":" ","price":36.55},{"type":"A","date":"2018-04-06T01:30:11.000Z","volume":500,"label":" ","price":36.6},{"type":"B","date":"2018-04-06T01:30:12.000Z","volume":200,"label":" ","price":36.55},{"type":"A","date":"2018-04-06T01:30:12.000Z","volume":400,"label":" ","price":36.65},{"type":"A","date":"2018-04-06T01:30:20.000Z","volume":900,"label":" ","price":36.7},{"type":"A","date":"2018-04-06T01:30:48.000Z","volume":2200,"label":" ","price":36.7},{"type":"B","date":"2018-04-06T01:30:48.000Z","volume":100,"label":" ","price":36.7},{"type":"A","date":"2018-04-06T01:31:00.000Z","volume":4700,"label":" ","price":36.75},{"type":"A","date":"2018-04-06T01:31:00.000Z","volume":6300,"label":" ","price":36.8},{"type":"A","date":"2018-04-06T01:31:00.000Z","volume":200,"label":" ","price":36.75},{"type":"A","date":"2018-04-06T01:31:00.000Z","volume":100,"label":" ","price":36.8},{"type":"A","date":"2018-04-06T01:31:00.000Z","volume":600,"label":" ","price":36.75},{"type":"A","date":"2018-04-06T01:31:00.000Z","volume":700,"label":" ","price":36.75},{"type":"A","date":"2018-04-06T01:31:01.000Z","volume":100,"label":" ","price":36.8},{"type":"A","date":"2018-04-06T01:31:04.000Z","volume":400,"label":" ","price":36.85},{"type":"B","date":"2018-04-06T01:31:07.000Z","volume":2800,"label":" ","price":36.85},{"type":"U","date":"2018-04-06T01:31:17.000Z","volume":200,"label":"X","price":36.8},{"type":"B","date":"2018-04-06T01:31:56.000Z","volume":3700,"label":" ","price":36.8},{"type":"A","date":"2018-04-06T01:31:56.000Z","volume":3000,"label":" ","price":36.85},{"type":"B","date":"2018-04-06T01:31:57.000Z","volume":100,"label":" ","price":36.75},{"type":"B","date":"2018-04-06T01:32:01.000Z","volume":400,"label":" ","price":36.75},{"type":"A","date":"2018-04-06T01:32:06.000Z","volume":4200,"label":" ","price":36.8},{"type":"A","date":"2018-04-06T01:32:06.000Z","volume":200,"label":" ","price":36.8},{"type":"A","date":"2018-04-06T01:32:06.000Z","volume":100,"label":" ","price":36.8},{"type":"B","date":"2018-04-06T01:32:06.000Z","volume":500,"label":" ","price":36.75},{"type":"B","date":"2018-04-06T01:32:31.000Z","volume":800,"label":" ","price":36.8},{"type":"A","date":"2018-04-06T01:32:48.000Z","volume":1000,"label":" ","price":36.8},{"type":"B","date":"2018-04-06T01:33:07.000Z","volume":2200,"label":" ","price":36.75},{"type":"B","date":"2018-04-06T01:34:10.000Z","volume":7600,"label":" ","price":36.7},{"type":"B","date":"2018-04-06T01:34:11.000Z","volume":1400,"label":" ","price":36.7},{"type":"A","date":"2018-04-06T01:34:17.000Z","volume":2000,"label":" ","price":36.6},{"type":"A","date":"2018-04-06T01:34:19.000Z","volume":1300,"label":" ","price":36.6},{"type":"A","date":"2018-04-06T01:34:19.000Z","volume":100,"label":" ","price":36.65},{"type":"A","date":"2018-04-06T01:34:19.000Z","volume":4300,"label":" ","price":36.7},{"type":"A","date":"2018-04-06T01:34:19.000Z","volume":4300,"label":" ","price":36.75},{"type":"A","date":"2018-04-06T01:34:20.000Z","volume":300,"label":" ","price":36.6},{"type":"A","date":"2018-04-06T01:34:24.000Z","volume":2100,"label":" ","price":36.75},{"type":"U","date":"2018-04-06T01:35:04.000Z","volume":4000,"label":" ","price":36.6},{"type":"B","date":"2018-04-06T01:35:04.000Z","volume":1000,"label":" ","price":36.6},{"type":"U","date":"2018-04-06T01:35:04.000Z","volume":300,"label":" ","price":36.65},{"type":"U","date":"2018-04-06T01:35:04.000Z","volume":100,"label":" ","price":36.65},{"type":"B","date":"2018-04-06T01:35:08.000Z","volume":1400,"label":" ","price":36.65},{"type":"U","date":"2018-04-06T01:35:55.000Z","volume":3700,"label":" ","price":36.55},{"type":"A","date":"2018-04-06T01:36:08.000Z","volume":7000,"label":" ","price":36.55},{"type":"A","date":"2018-04-06T01:36:08.000Z","volume":100,"label":" ","price":36.55},{"type":"A","date":"2018-04-06T01:36:08.000Z","volume":100,"label":" ","price":36.55},{"type":"A","date":"2018-04-06T01:36:09.000Z","volume":100,"label":" ","price":36.55},{"type":"B","date":"2018-04-06T01:36:15.000Z","volume":2000,"label":" ","price":36.5},{"type":"B","date":"2018-04-06T01:36:16.000Z","volume":22400,"label":" ","price":36.5},{"type":"A","date":"2018-04-06T01:36:17.000Z","volume":2000,"label":" ","price":36.5},{"type":"A","date":"2018-04-06T01:36:25.000Z","volume":700,"label":" ","price":36.45},{"type":"U","date":"2018-04-06T01:36:27.000Z","volume":600,"label":" ","price":36.4},{"type":"U","date":"2018-04-06T01:36:35.000Z","volume":1000,"label":" ","price":36.4},{"type":"A","date":"2018-04-06T01:36:44.000Z","volume":1100,"label":" ","price":36.45},{"type":"B","date":"2018-04-06T01:37:16.000Z","volume":5000,"label":" ","price":36.4},{"type":"A","date":"2018-04-06T01:37:31.000Z","volume":100,"label":"Y","price":36.45},{"type":"A","date":"2018-04-06T01:37:31.000Z","volume":5800,"label":" ","price":36.45},{"type":"A","date":"2018-04-06T01:37:31.000Z","volume":200,"label":" ","price":36.5},{"type":"A","date":"2018-04-06T01:37:31.000Z","volume":400,"label":" ","price":36.45},{"type":"A","date":"2018-04-06T01:37:31.000Z","volume":100,"label":" ","price":36.45},{"type":"B","date":"2018-04-06T01:37:46.000Z","volume":3300,"label":" ","price":36.4},{"type":"B","date":"2018-04-06T01:37:46.000Z","volume":1700,"label":" ","price":36.4},{"type":"U","date":"2018-04-06T01:38:17.000Z","volume":2000,"label":" ","price":36.45},{"type":"A","date":"2018-04-06T01:38:22.000Z","volume":2100,"label":" ","price":36.5},{"type":"A","date":"2018-04-06T01:38:23.000Z","volume":300,"label":" ","price":36.5},{"type":"U","date":"2018-04-06T01:38:47.000Z","volume":1000,"label":" ","price":36.5},{"type":"B","date":"2018-04-06T01:38:47.000Z","volume":1000,"label":" ","price":36.45},{"type":"B","date":"2018-04-06T01:39:24.000Z","volume":2200,"label":" ","price":36.5},{"type":"B","date":"2018-04-06T01:40:11.000Z","volume":3700,"label":" ","price":36.45},{"type":"B","date":"2018-04-06T01:40:11.000Z","volume":600,"label":" ","price":36.45},{"type":"B","date":"2018-04-06T01:40:11.000Z","volume":4700,"label":" ","price":36.45},{"type":"B","date":"2018-04-06T01:40:15.000Z","volume":2000,"label":" ","price":36.4},{"type":"B","date":"2018-04-06T01:40:15.000Z","volume":3300,"label":" ","price":36.4},{"type":"A","date":"2018-04-06T01:40:26.000Z","volume":3800,"label":" ","price":36.4},{"type":"U","date":"2018-04-06T01:40:47.000Z","volume":700,"label":"X","price":36.35},{"type":"B","date":"2018-04-06T01:41:51.000Z","volume":100,"label":" ","price":36.4},{"type":"A","date":"2018-04-06T01:41:54.000Z","volume":1600,"label":" ","price":36.4},{"type":"U","date":"2018-04-06T01:42:17.000Z","volume":6,"label":"D","price":36.5},{"type":"A","date":"2018-04-06T01:42:23.000Z","volume":9000,"label":" ","price":36.4},{"type":"A","date":"2018-04-06T01:42:23.000Z","volume":1500,"label":" ","price":36.4},{"type":"A","date":"2018-04-06T01:42:23.000Z","volume":1200,"label":" ","price":36.45},{"type":"A","date":"2018-04-06T01:42:23.000Z","volume":100,"label":" ","price":36.4},{"type":"A","date":"2018-04-06T01:42:23.000Z","volume":400,"label":" ","price":36.4},{"type":"A","date":"2018-04-06T01:42:44.000Z","volume":2700,"label":" ","price":36.45},{"type":"B","date":"2018-04-06T01:42:44.000Z","volume":200,"label":" ","price":36.4},{"type":"A","date":"2018-04-06T01:42:44.000Z","volume":100,"label":" ","price":36.45},{"type":"A","date":"2018-04-06T01:42:52.000Z","volume":1000,"label":" ","price":36.5},{"type":"A","date":"2018-04-06T01:42:52.000Z","volume":400,"label":" ","price":36.5},{"type":"B","date":"2018-04-06T01:43:00.000Z","volume":500,"label":" ","price":36.45},{"type":"A","date":"2018-04-06T01:43:19.000Z","volume":2300,"label":" ","price":36.55},{"type":"A","date":"2018-04-06T01:43:21.000Z","volume":14600,"label":" ","price":36.55},{"type":"A","date":"2018-04-06T01:43:21.000Z","volume":200,"label":" ","price":36.55},{"type":"A","date":"2018-04-06T01:43:21.000Z","volume":100,"label":" ","price":36.55},{"type":"A","date":"2018-04-06T01:43:21.000Z","volume":400,"label":" ","price":36.55},{"type":"B","date":"2018-04-06T01:43:44.000Z","volume":1000,"label":" ","price":36.5},{"type":"B","date":"2018-04-06T01:44:16.000Z","volume":3000,"label":" ","price":36.5},{"type":"U","date":"2018-04-06T01:44:17.000Z","volume":300,"label":"X","price":36.525},{"type":"U","date":"2018-04-06T01:44:17.000Z","volume":200,"label":"X","price":36.525},{"type":"B","date":"2018-04-06T01:44:48.000Z","volume":6400,"label":" ","price":36.5},{"type":"B","date":"2018-04-06T01:44:56.000Z","volume":1000,"label":" ","price":36.45},{"type":"A","date":"2018-04-06T01:45:01.000Z","volume":2000,"label":" ","price":36.5},{"type":"U","date":"2018-04-06T01:46:05.000Z","volume":200,"label":" ","price":36.45},{"type":"B","date":"2018-04-06T01:47:39.000Z","volume":1100,"label":" ","price":36.45},{"type":"B","date":"2018-04-06T01:48:26.000Z","volume":4800,"label":" ","price":36.4},{"type":"B","date":"2018-04-06T01:48:26.000Z","volume":2900,"label":" ","price":36.4},{"type":"B","date":"2018-04-06T01:49:04.000Z","volume":2600,"label":" ","price":36.4},{"type":"B","date":"2018-04-06T01:49:04.000Z","volume":700,"label":" ","price":36.4},{"type":"B","date":"2018-04-06T01:49:13.000Z","volume":400,"label":" ","price":36.4},{"type":"B","date":"2018-04-06T01:49:52.000Z","volume":2700,"label":" ","price":36.4},{"type":"B","date":"2018-04-06T01:49:52.000Z","volume":100,"label":" ","price":36.4},{"type":"B","date":"2018-04-06T01:49:52.000Z","volume":600,"label":" ","price":36.4},{"type":"U","date":"2018-04-06T01:49:52.000Z","volume":1600,"label":" ","price":36.4},{"type":"B","date":"2018-04-06T01:50:10.000Z","volume":200,"label":" ","price":36.4},{"type":"B","date":"2018-04-06T01:50:14.000Z","volume":100,"label":" ","price":36.35},{"type":"B","date":"2018-04-06T01:50:24.000Z","volume":16300,"label":" ","price":36.35},{"type":"B","date":"2018-04-06T01:50:24.000Z","volume":14500,"label":" ","price":36.3},{"type":"B","date":"2018-04-06T01:50:24.000Z","volume":35600,"label":" ","price":36.25},{"type":"B","date":"2018-04-06T01:50:27.000Z","volume":100,"label":" ","price":36.2},{"type":"B","date":"2018-04-06T01:50:27.000Z","volume":100,"label":" ","price":36.2},{"type":"B","date":"2018-04-06T01:50:30.000Z","volume":100,"label":" ","price":36.2},{"type":"B","date":"2018-04-06T01:50:30.000Z","volume":1400,"label":" ","price":36.2},{"type":"B","date":"2018-04-06T01:50:30.000Z","volume":3300,"label":" ","price":36.2},{"type":"B","date":"2018-04-06T01:50:32.000Z","volume":4000,"label":" ","price":36.2},{"type":"U","date":"2018-04-06T01:50:57.000Z","volume":100,"label":"X","price":36.2},{"type":"A","date":"2018-04-06T01:50:57.000Z","volume":11100,"label":" ","price":36.25},{"type":"A","date":"2018-04-06T01:50:57.000Z","volume":9400,"label":" ","price":36.25},{"type":"A","date":"2018-04-06T01:51:07.000Z","volume":2000,"label":" ","price":36.4},{"type":"A","date":"2018-04-06T01:51:10.000Z","volume":11100,"label":" ","price":36.4},{"type":"A","date":"2018-04-06T01:51:14.000Z","volume":2400,"label":" ","price":36.45},{"type":"U","date":"2018-04-06T01:51:17.000Z","volume":1600,"label":"X","price":36.25},{"type":"A","date":"2018-04-06T01:51:27.000Z","volume":1300,"label":" ","price":36.45},{"type":"A","date":"2018-04-06T01:51:29.000Z","volume":2000,"label":" ","price":36.45},{"type":"U","date":"2018-04-06T01:52:00.000Z","volume":700,"label":" ","price":36.4},{"type":"A","date":"2018-04-06T01:52:05.000Z","volume":1000,"label":" ","price":36.4},{"type":"A","date":"2018-04-06T01:52:56.000Z","volume":6900,"label":" ","price":36.45},{"type":"A","date":"2018-04-06T01:52:56.000Z","volume":200,"label":"Y","price":36.45},{"type":"A","date":"2018-04-06T01:52:56.000Z","volume":6900,"label":" ","price":36.45},{"type":"A","date":"2018-04-06T01:52:56.000Z","volume":200,"label":"Y","price":36.45},{"type":"B","date":"2018-04-06T01:53:35.000Z","volume":900,"label":" ","price":36.4},{"type":"B","date":"2018-04-06T01:54:24.000Z","volume":500,"label":" ","price":36.35},{"type":"A","date":"2018-04-06T01:54:36.000Z","volume":3700,"label":" ","price":36.4},{"type":"A","date":"2018-04-06T01:54:36.000Z","volume":4100,"label":" ","price":36.45},{"type":"U","date":"2018-04-06T01:54:47.000Z","volume":100,"label":"X","price":36.45},{"type":"A","date":"2018-04-06T01:54:47.000Z","volume":100,"label":" ","price":36.45},{"type":"A","date":"2018-04-06T01:54:47.000Z","volume":100,"label":" ","price":36.45},{"type":"A","date":"2018-04-06T01:55:55.000Z","volume":14300,"label":" ","price":36.5},{"type":"A","date":"2018-04-06T01:55:55.000Z","volume":200,"label":" ","price":36.5},{"type":"A","date":"2018-04-06T01:55:55.000Z","volume":11200,"label":" ","price":36.55},{"type":"A","date":"2018-04-06T01:55:55.000Z","volume":4300,"label":" ","price":36.6},{"type":"A","date":"2018-04-06T01:55:56.000Z","volume":15300,"label":" ","price":36.7},{"type":"A","date":"2018-04-06T01:55:56.000Z","volume":400,"label":" ","price":36.7},{"type":"U","date":"2018-04-06T01:55:59.000Z","volume":700,"label":"X","price":36.5},{"type":"B","date":"2018-04-06T01:56:06.000Z","volume":1500,"label":" ","price":36.65},{"type":"B","date":"2018-04-06T01:56:16.000Z","volume":800,"label":" ","price":36.65},{"type":"U","date":"2018-04-06T01:56:17.000Z","volume":400,"label":"X","price":36.575},{"type":"U","date":"2018-04-06T01:56:29.000Z","volume":600,"label":"X","price":36.65},{"type":"B","date":"2018-04-06T01:57:26.000Z","volume":2500,"label":" ","price":36.6},{"type":"U","date":"2018-04-06T01:57:47.000Z","volume":700,"label":"X","price":36.6},{"type":"U","date":"2018-04-06T01:57:47.000Z","volume":500,"label":"X","price":36.575},{"type":"U","date":"2018-04-06T01:57:47.000Z","volume":300,"label":"X","price":36.575},{"type":"A","date":"2018-04-06T01:57:53.000Z","volume":800,"label":" ","price":36.6},{"type":"U","date":"2018-04-06T01:59:07.000Z","volume":100,"label":"X","price":36.575},{"type":"A","date":"2018-04-06T01:59:37.000Z","volume":500,"label":" ","price":36.6},{"type":"A","date":"2018-04-06T01:59:44.000Z","volume":1000,"label":" ","price":36.6},{"type":"A","date":"2018-04-06T02:00:03.000Z","volume":100,"label":" ","price":36.65},{"type":"A","date":"2018-04-06T02:00:03.000Z","volume":100,"label":" ","price":36.65},{"type":"U","date":"2018-04-06T02:00:17.000Z","volume":100,"label":"X","price":36.6},{"type":"B","date":"2018-04-06T02:00:43.000Z","volume":100,"label":" ","price":36.55},{"type":"B","date":"2018-04-06T02:00:48.000Z","volume":200,"label":" ","price":36.55},{"type":"B","date":"2018-04-06T02:00:59.000Z","volume":300,"label":" ","price":36.55},{"type":"B","date":"2018-04-06T02:01:07.000Z","volume":300,"label":" ","price":36.55},{"type":"B","date":"2018-04-06T02:01:17.000Z","volume":300,"label":" ","price":36.55},{"type":"B","date":"2018-04-06T02:01:31.000Z","volume":300,"label":" ","price":36.55},{"type":"A","date":"2018-04-06T02:01:32.000Z","volume":6200,"label":" ","price":36.6},{"type":"A","date":"2018-04-06T02:01:33.000Z","volume":1100,"label":" ","price":36.65},{"type":"B","date":"2018-04-06T02:02:07.000Z","volume":300,"label":" ","price":36.6},{"type":"B","date":"2018-04-06T02:02:43.000Z","volume":200,"label":" ","price":36.6},{"type":"A","date":"2018-04-06T02:02:56.000Z","volume":200,"label":"Y","price":36.65},{"type":"A","date":"2018-04-06T02:02:56.000Z","volume":14800,"label":" ","price":36.65},{"type":"A","date":"2018-04-06T02:02:56.000Z","volume":700,"label":" ","price":36.65},{"type":"A","date":"2018-04-06T02:02:56.000Z","volume":400,"label":" ","price":36.65},{"type":"A","date":"2018-04-06T02:02:56.000Z","volume":2200,"label":" ","price":36.7},{"type":"A","date":"2018-04-06T02:02:56.000Z","volume":4100,"label":" ","price":36.7},{"type":"A","date":"2018-04-06T02:02:56.000Z","volume":100,"label":" ","price":36.7},{"type":"A","date":"2018-04-06T02:02:56.000Z","volume":1100,"label":" ","price":36.7},{"type":"A","date":"2018-04-06T02:03:09.000Z","volume":300,"label":" ","price":36.7},{"type":"A","date":"2018-04-06T02:03:11.000Z","volume":5800,"label":" ","price":36.75},{"type":"A","date":"2018-04-06T02:03:14.000Z","volume":6400,"label":" ","price":36.8},{"type":"A","date":"2018-04-06T02:03:15.000Z","volume":100,"label":" ","price":36.8},{"type":"A","date":"2018-04-06T02:03:15.000Z","volume":100,"label":" ","price":36.8},{"type":"U","date":"2018-04-06T02:03:17.000Z","volume":200,"label":"X","price":36.7},{"type":"U","date":"2018-04-06T02:03:17.000Z","volume":600,"label":"X","price":36.675},{"type":"U","date":"2018-04-06T02:03:29.000Z","volume":700,"label":"X","price":36.8},{"type":"U","date":"2018-04-06T02:03:29.000Z","volume":100,"label":"X","price":36.85},{"type":"B","date":"2018-04-06T02:03:31.000Z","volume":1000,"label":" ","price":36.8},{"type":"B","date":"2018-04-06T02:03:31.000Z","volume":500,"label":" ","price":36.8},{"type":"U","date":"2018-04-06T02:03:33.000Z","volume":4100,"label":" ","price":36.8},{"type":"U","date":"2018-04-06T02:03:33.000Z","volume":2000,"label":" ","price":36.8},{"type":"A","date":"2018-04-06T02:03:50.000Z","volume":700,"label":" ","price":36.9},{"type":"B","date":"2018-04-06T02:04:06.000Z","volume":5400,"label":" ","price":36.8},{"type":"B","date":"2018-04-06T02:04:06.000Z","volume":2700,"label":" ","price":36.8},{"type":"A","date":"2018-04-06T02:04:07.000Z","volume":700,"label":" ","price":36.85},{"type":"A","date":"2018-04-06T02:04:07.000Z","volume":1300,"label":" ","price":36.85},{"type":"A","date":"2018-04-06T02:04:25.000Z","volume":200,"label":"Y","price":36.9},{"type":"A","date":"2018-04-06T02:04:25.000Z","volume":700,"label":" ","price":36.9},{"type":"A","date":"2018-04-06T02:04:28.000Z","volume":200,"label":"Y","price":36.95},{"type":"A","date":"2018-04-06T02:04:28.000Z","volume":3900,"label":" ","price":36.95},{"type":"A","date":"2018-04-06T02:04:29.000Z","volume":11600,"label":" ","price":37},{"type":"A","date":"2018-04-06T02:04:30.000Z","volume":100,"label":" ","price":37},{"type":"A","date":"2018-04-06T02:04:30.000Z","volume":100,"label":" ","price":37},{"type":"A","date":"2018-04-06T02:04:30.000Z","volume":700,"label":" ","price":37},{"type":"A","date":"2018-04-06T02:04:30.000Z","volume":400,"label":"Y","price":37.1},{"type":"A","date":"2018-04-06T02:04:30.000Z","volume":8000,"label":" ","price":37.1},{"type":"B","date":"2018-04-06T02:04:31.000Z","volume":4200,"label":" ","price":37},{"type":"A","date":"2018-04-06T02:04:32.000Z","volume":1600,"label":" ","price":37.1},{"type":"A","date":"2018-04-06T02:04:35.000Z","volume":1600,"label":" ","price":37.1},{"type":"A","date":"2018-04-06T02:04:36.000Z","volume":1600,"label":" ","price":37.1},{"type":"A","date":"2018-04-06T02:04:37.000Z","volume":200,"label":"Y","price":37.1},{"type":"A","date":"2018-04-06T02:04:37.000Z","volume":400,"label":" ","price":37.1},{"type":"A","date":"2018-04-06T02:04:40.000Z","volume":1600,"label":" ","price":37.1},{"type":"U","date":"2018-04-06T02:04:42.000Z","volume":1600,"label":" ","price":37.1},{"type":"A","date":"2018-04-06T02:04:45.000Z","volume":100,"label":"Y","price":37.1},{"type":"A","date":"2018-04-06T02:04:46.000Z","volume":400,"label":" ","price":37.1},{"type":"B","date":"2018-04-06T02:04:47.000Z","volume":3000,"label":" ","price":37},{"type":"A","date":"2018-04-06T02:04:47.000Z","volume":2500,"label":" ","price":37.1},{"type":"U","date":"2018-04-06T02:04:47.000Z","volume":1200,"label":"X","price":36.9},{"type":"U","date":"2018-04-06T02:04:47.000Z","volume":2000,"label":"X","price":36.9},{"type":"U","date":"2018-04-06T02:04:47.000Z","volume":300,"label":"X","price":36.95},{"type":"U","date":"2018-04-06T02:04:47.000Z","volume":3300,"label":"X","price":37},{"type":"U","date":"2018-04-06T02:04:47.000Z","volume":1400,"label":"X","price":37.025},{"type":"A","date":"2018-04-06T02:04:48.000Z","volume":100,"label":"Y","price":37.1},{"type":"B","date":"2018-04-06T02:04:51.000Z","volume":3000,"label":" ","price":37},{"type":"U","date":"2018-04-06T02:04:51.000Z","volume":3700,"label":" ","price":37.1},{"type":"A","date":"2018-04-06T02:04:51.000Z","volume":2100,"label":" ","price":37},{"type":"A","date":"2018-04-06T02:04:52.000Z","volume":1600,"label":" ","price":37.1},{"type":"A","date":"2018-04-06T02:04:54.000Z","volume":2300,"label":" ","price":37.1},{"type":"A","date":"2018-04-06T02:04:56.000Z","volume":1600,"label":" ","price":37.1},{"type":"U","date":"2018-04-06T02:04:59.000Z","volume":800,"label":"X","price":37.1},{"type":"U","date":"2018-04-06T02:05:09.000Z","volume":2000,"label":" ","price":37.1},{"type":"A","date":"2018-04-06T02:05:13.000Z","volume":400,"label":" ","price":37.05},{"type":"A","date":"2018-04-06T02:05:14.000Z","volume":16500,"label":" ","price":37.1},{"type":"U","date":"2018-04-06T02:05:14.000Z","volume":3000,"label":" ","price":36.95},{"type":"B","date":"2018-04-06T02:05:14.000Z","volume":4200,"label":" ","price":36.9},{"type":"A","date":"2018-04-06T02:05:14.000Z","volume":2700,"label":" ","price":36.95},{"type":"B","date":"2018-04-06T02:05:16.000Z","volume":900,"label":" ","price":36.85},{"type":"B","date":"2018-04-06T02:05:16.000Z","volume":9400,"label":" ","price":36.8},{"type":"B","date":"2018-04-06T02:05:16.000Z","volume":400,"label":" ","price":36.85},{"type":"A","date":"2018-04-06T02:05:16.000Z","volume":1100,"label":"Y","price":36.95},{"type":"A","date":"2018-04-06T02:05:16.000Z","volume":1600,"label":" ","price":36.95},{"type":"U","date":"2018-04-06T02:05:29.000Z","volume":600,"label":"X","price":37},{"type":"U","date":"2018-04-06T02:05:29.000Z","volume":300,"label":"X","price":36.8},{"type":"A","date":"2018-04-06T02:05:44.000Z","volume":600,"label":"Y","price":37.05},{"type":"A","date":"2018-04-06T02:05:44.000Z","volume":1700,"label":" ","price":37.05},{"type":"A","date":"2018-04-06T02:05:46.000Z","volume":2300,"label":" ","price":37.05},{"type":"U","date":"2018-04-06T02:05:59.000Z","volume":1300,"label":"X","price":36.95},{"type":"A","date":"2018-04-06T02:06:15.000Z","volume":100,"label":" ","price":37.05},{"type":"B","date":"2018-04-06T02:06:37.000Z","volume":1000,"label":" ","price":36.9},{"type":"U","date":"2018-04-06T02:07:17.000Z","volume":400,"label":"X","price":37},{"type":"U","date":"2018-04-06T02:07:35.000Z","volume":1100,"label":" ","price":37},{"type":"A","date":"2018-04-06T02:07:37.000Z","volume":2000,"label":" ","price":37.05},{"type":"U","date":"2018-04-06T02:07:47.000Z","volume":100,"label":"X","price":36.975},{"type":"U","date":"2018-04-06T02:07:47.000Z","volume":100,"label":"X","price":36.975},{"type":"B","date":"2018-04-06T02:07:51.000Z","volume":100,"label":" ","price":36.95},{"type":"B","date":"2018-04-06T02:07:52.000Z","volume":500,"label":" ","price":36.95},{"type":"B","date":"2018-04-06T02:08:31.000Z","volume":1000,"label":" ","price":36.95},{"type":"B","date":"2018-04-06T02:09:23.000Z","volume":5000,"label":" ","price":36.95},{"type":"B","date":"2018-04-06T02:10:03.000Z","volume":1100,"label":" ","price":36.95},{"type":"A","date":"2018-04-06T02:10:06.000Z","volume":500,"label":" ","price":36.95},{"type":"B","date":"2018-04-06T02:10:20.000Z","volume":1000,"label":" ","price":36.9},{"type":"U","date":"2018-04-06T02:10:25.000Z","volume":15,"label":"D","price":37},{"type":"B","date":"2018-04-06T02:10:37.000Z","volume":3800,"label":" ","price":36.9},{"type":"A","date":"2018-04-06T02:11:31.000Z","volume":600,"label":" ","price":36.9},{"type":"B","date":"2018-04-06T02:11:35.000Z","volume":2300,"label":" ","price":36.85},{"type":"B","date":"2018-04-06T02:11:35.000Z","volume":1700,"label":" ","price":36.85},{"type":"B","date":"2018-04-06T02:11:35.000Z","volume":200,"label":" ","price":36.8},{"type":"U","date":"2018-04-06T02:11:44.000Z","volume":600,"label":" ","price":36.85},{"type":"B","date":"2018-04-06T02:11:44.000Z","volume":100,"label":" ","price":36.8},{"type":"A","date":"2018-04-06T02:11:47.000Z","volume":2000,"label":" ","price":36.85},{"type":"A","date":"2018-04-06T02:11:47.000Z","volume":1100,"label":" ","price":36.85},{"type":"U","date":"2018-04-06T02:12:16.000Z","volume":700,"label":" ","price":36.85},{"type":"U","date":"2018-04-06T02:12:16.000Z","volume":300,"label":" ","price":36.85},{"type":"A","date":"2018-04-06T02:12:31.000Z","volume":4200,"label":" ","price":36.85},{"type":"A","date":"2018-04-06T02:12:49.000Z","volume":6000,"label":" ","price":36.85},{"type":"A","date":"2018-04-06T02:12:49.000Z","volume":100,"label":" ","price":36.85},{"type":"A","date":"2018-04-06T02:13:44.000Z","volume":600,"label":" ","price":36.9},{"type":"B","date":"2018-04-06T02:13:44.000Z","volume":1000,"label":" ","price":36.85},{"type":"B","date":"2018-04-06T02:14:12.000Z","volume":1000,"label":" ","price":36.85},{"type":"A","date":"2018-04-06T02:14:12.000Z","volume":500,"label":"Y","price":36.9},{"type":"B","date":"2018-04-06T02:14:25.000Z","volume":400,"label":" ","price":36.85},{"type":"B","date":"2018-04-06T02:14:25.000Z","volume":1600,"label":" ","price":36.85},{"type":"B","date":"2018-04-06T02:14:25.000Z","volume":300,"label":" ","price":36.85},{"type":"A","date":"2018-04-06T02:14:45.000Z","volume":100,"label":" ","price":36.85},{"type":"B","date":"2018-04-06T02:15:21.000Z","volume":900,"label":" ","price":36.8},{"type":"A","date":"2018-04-06T02:15:21.000Z","volume":100,"label":" ","price":36.85},{"type":"A","date":"2018-04-06T02:15:52.000Z","volume":500,"label":" ","price":36.85},{"type":"B","date":"2018-04-06T02:15:53.000Z","volume":2900,"label":" ","price":36.8},{"type":"B","date":"2018-04-06T02:15:53.000Z","volume":4300,"label":" ","price":36.8},{"type":"B","date":"2018-04-06T02:16:14.000Z","volume":100,"label":" ","price":36.75},{"type":"B","date":"2018-04-06T02:16:15.000Z","volume":100,"label":" ","price":36.75},{"type":"U","date":"2018-04-06T02:16:37.000Z","volume":100,"label":"X","price":36.775},{"type":"A","date":"2018-04-06T02:16:38.000Z","volume":7900,"label":" ","price":36.8},{"type":"B","date":"2018-04-06T02:16:38.000Z","volume":600,"label":" ","price":36.8},{"type":"A","date":"2018-04-06T02:17:11.000Z","volume":6000,"label":" ","price":36.85},{"type":"A","date":"2018-04-06T02:17:11.000Z","volume":100,"label":"Y","price":36.85},{"type":"A","date":"2018-04-06T02:17:11.000Z","volume":1700,"label":" ","price":36.85},{"type":"A","date":"2018-04-06T02:17:14.000Z","volume":400,"label":" ","price":36.85},{"type":"U","date":"2018-04-06T02:17:51.000Z","volume":100,"label":" ","price":36.85},{"type":"B","date":"2018-04-06T02:18:10.000Z","volume":9000,"label":" ","price":36.85},{"type":"B","date":"2018-04-06T02:18:10.000Z","volume":8500,"label":" ","price":36.85},{"type":"B","date":"2018-04-06T02:18:10.000Z","volume":1100,"label":" ","price":36.85},{"type":"B","date":"2018-04-06T02:18:10.000Z","volume":1400,"label":" ","price":36.85},{"type":"B","date":"2018-04-06T02:18:10.000Z","volume":300,"label":" ","price":36.85},{"type":"B","date":"2018-04-06T02:18:10.000Z","volume":100,"label":" ","price":36.85},{"type":"B","date":"2018-04-06T02:18:14.000Z","volume":300,"label":" ","price":36.85},{"type":"B","date":"2018-04-06T02:18:32.000Z","volume":4000,"label":" ","price":36.85},{"type":"A","date":"2018-04-06T02:18:43.000Z","volume":500,"label":" ","price":36.9},{"type":"B","date":"2018-04-06T02:18:44.000Z","volume":3400,"label":" ","price":36.85},{"type":"A","date":"2018-04-06T02:19:02.000Z","volume":600,"label":"Y","price":36.9},{"type":"A","date":"2018-04-06T02:19:02.000Z","volume":54000,"label":" ","price":36.9},{"type":"U","date":"2018-04-06T02:19:02.000Z","volume":3200,"label":" ","price":36.9},{"type":"U","date":"2018-04-06T02:19:02.000Z","volume":1000,"label":" ","price":36.9},{"type":"A","date":"2018-04-06T02:19:02.000Z","volume":900,"label":" ","price":36.95},{"type":"A","date":"2018-04-06T02:19:03.000Z","volume":3000,"label":" ","price":36.95},{"type":"U","date":"2018-04-06T02:19:29.000Z","volume":600,"label":"X","price":36.925},{"type":"A","date":"2018-04-06T02:19:39.000Z","volume":600,"label":" ","price":36.95},{"type":"A","date":"2018-04-06T02:19:45.000Z","volume":100,"label":" ","price":36.95},{"type":"A","date":"2018-04-06T02:21:00.000Z","volume":500,"label":"Y","price":36.95},{"type":"A","date":"2018-04-06T02:21:00.000Z","volume":1300,"label":" ","price":36.95},{"type":"B","date":"2018-04-06T02:21:33.000Z","volume":3300,"label":" ","price":36.95},{"type":"A","date":"2018-04-06T02:21:33.000Z","volume":1400,"label":" ","price":37},{"type":"A","date":"2018-04-06T02:21:42.000Z","volume":400,"label":" ","price":37},{"type":"A","date":"2018-04-06T02:22:07.000Z","volume":2000,"label":" ","price":37},{"type":"A","date":"2018-04-06T02:22:11.000Z","volume":400,"label":" ","price":37},{"type":"A","date":"2018-04-06T02:22:32.000Z","volume":1000,"label":" ","price":37},{"type":"A","date":"2018-04-06T02:22:34.000Z","volume":1000,"label":" ","price":37},{"type":"A","date":"2018-04-06T02:22:37.000Z","volume":400,"label":" ","price":37},{"type":"A","date":"2018-04-06T02:22:38.000Z","volume":5000,"label":" ","price":37},{"type":"A","date":"2018-04-06T02:22:39.000Z","volume":300,"label":"Y","price":37},{"type":"A","date":"2018-04-06T02:22:39.000Z","volume":4700,"label":" ","price":37},{"type":"A","date":"2018-04-06T02:22:39.000Z","volume":700,"label":" ","price":37},{"type":"A","date":"2018-04-06T02:22:40.000Z","volume":3200,"label":" ","price":37},{"type":"A","date":"2018-04-06T02:22:40.000Z","volume":900,"label":" ","price":37},{"type":"A","date":"2018-04-06T02:22:57.000Z","volume":400,"label":" ","price":37.05},{"type":"A","date":"2018-04-06T02:23:26.000Z","volume":400,"label":" ","price":37.05},{"type":"B","date":"2018-04-06T02:23:51.000Z","volume":10000,"label":" ","price":37},{"type":"B","date":"2018-04-06T02:23:51.000Z","volume":400,"label":"Y","price":37},{"type":"B","date":"2018-04-06T02:23:51.000Z","volume":3000,"label":" ","price":37},{"type":"A","date":"2018-04-06T02:23:51.000Z","volume":600,"label":" ","price":37},{"type":"A","date":"2018-04-06T02:23:51.000Z","volume":100,"label":" ","price":37},{"type":"A","date":"2018-04-06T02:23:52.000Z","volume":300,"label":" ","price":37},{"type":"B","date":"2018-04-06T02:24:05.000Z","volume":2700,"label":" ","price":37},{"type":"B","date":"2018-04-06T02:24:05.000Z","volume":1200,"label":" ","price":37},{"type":"B","date":"2018-04-06T02:24:05.000Z","volume":2700,"label":" ","price":37},{"type":"B","date":"2018-04-06T02:24:07.000Z","volume":3100,"label":" ","price":37},{"type":"B","date":"2018-04-06T02:24:07.000Z","volume":800,"label":" ","price":37},{"type":"B","date":"2018-04-06T02:24:07.000Z","volume":200,"label":" ","price":37},{"type":"B","date":"2018-04-06T02:24:08.000Z","volume":2200,"label":" ","price":37},{"type":"A","date":"2018-04-06T02:24:08.000Z","volume":800,"label":" ","price":37},{"type":"A","date":"2018-04-06T02:24:08.000Z","volume":1100,"label":"Y","price":37},{"type":"B","date":"2018-04-06T02:24:09.000Z","volume":3900,"label":" ","price":37},{"type":"A","date":"2018-04-06T02:24:10.000Z","volume":100,"label":"Y","price":37.05},{"type":"A","date":"2018-04-06T02:24:10.000Z","volume":1900,"label":" ","price":37.05},{"type":"B","date":"2018-04-06T02:24:13.000Z","volume":700,"label":"Y","price":37},{"type":"B","date":"2018-04-06T02:24:14.000Z","volume":5900,"label":" ","price":37},{"type":"A","date":"2018-04-06T02:24:14.000Z","volume":500,"label":" ","price":37},{"type":"A","date":"2018-04-06T02:24:14.000Z","volume":4400,"label":" ","price":37},{"type":"A","date":"2018-04-06T02:24:16.000Z","volume":1300,"label":" ","price":37.05},{"type":"B","date":"2018-04-06T02:24:29.000Z","volume":800,"label":" ","price":37},{"type":"B","date":"2018-04-06T02:24:29.000Z","volume":200,"label":" ","price":36.95},{"type":"B","date":"2018-04-06T02:24:34.000Z","volume":6600,"label":" ","price":37},{"type":"A","date":"2018-04-06T02:24:35.000Z","volume":2100,"label":" ","price":37},{"type":"B","date":"2018-04-06T02:24:47.000Z","volume":2900,"label":" ","price":37},{"type":"A","date":"2018-04-06T02:24:47.000Z","volume":200,"label":"Y","price":37},{"type":"A","date":"2018-04-06T02:24:47.000Z","volume":100,"label":" ","price":37},{"type":"A","date":"2018-04-06T02:24:47.000Z","volume":1100,"label":" ","price":37.05},{"type":"B","date":"2018-04-06T02:24:55.000Z","volume":5600,"label":" ","price":37},{"type":"A","date":"2018-04-06T02:24:56.000Z","volume":5000,"label":" ","price":37},{"type":"A","date":"2018-04-06T02:24:56.000Z","volume":2000,"label":" ","price":37.05},{"type":"B","date":"2018-04-06T02:24:58.000Z","volume":2000,"label":" ","price":37},{"type":"B","date":"2018-04-06T02:25:14.000Z","volume":200,"label":"Y","price":37},{"type":"B","date":"2018-04-06T02:25:25.000Z","volume":4000,"label":" ","price":37},{"type":"A","date":"2018-04-06T02:25:25.000Z","volume":1400,"label":" ","price":37.05},{"type":"A","date":"2018-04-06T02:26:57.000Z","volume":2000,"label":" ","price":37.05},{"type":"B","date":"2018-04-06T02:27:06.000Z","volume":8000,"label":" ","price":37},{"type":"A","date":"2018-04-06T02:27:07.000Z","volume":2600,"label":" ","price":37},{"type":"A","date":"2018-04-06T02:27:09.000Z","volume":1300,"label":" ","price":37.05},{"type":"B","date":"2018-04-06T02:27:21.000Z","volume":500,"label":" ","price":37},{"type":"B","date":"2018-04-06T02:27:23.000Z","volume":2700,"label":" ","price":37},{"type":"U","date":"2018-04-06T02:27:24.000Z","volume":5000,"label":" ","price":37},{"type":"U","date":"2018-04-06T02:27:24.000Z","volume":100,"label":" ","price":37},{"type":"A","date":"2018-04-06T02:27:25.000Z","volume":100,"label":"Y","price":37.05},{"type":"A","date":"2018-04-06T02:27:25.000Z","volume":1300,"label":" ","price":37.05},{"type":"B","date":"2018-04-06T02:27:28.000Z","volume":5500,"label":" ","price":37},{"type":"B","date":"2018-04-06T02:27:28.000Z","volume":1100,"label":" ","price":37},{"type":"U","date":"2018-04-06T02:27:29.000Z","volume":5000,"label":" ","price":37},{"type":"A","date":"2018-04-06T02:27:31.000Z","volume":1300,"label":" ","price":37.05},{"type":"B","date":"2018-04-06T02:27:33.000Z","volume":1000,"label":" ","price":37},{"type":"B","date":"2018-04-06T02:27:39.000Z","volume":5600,"label":" ","price":37},{"type":"B","date":"2018-04-06T02:27:40.000Z","volume":5000,"label":" ","price":37},{"type":"A","date":"2018-04-06T02:27:40.000Z","volume":1300,"label":" ","price":37},{"type":"A","date":"2018-04-06T02:27:41.000Z","volume":5000,"label":" ","price":37},{"type":"A","date":"2018-04-06T02:27:42.000Z","volume":5000,"label":" ","price":37},{"type":"A","date":"2018-04-06T02:27:42.000Z","volume":2900,"label":" ","price":37},{"type":"A","date":"2018-04-06T02:27:43.000Z","volume":2500,"label":" ","price":37},{"type":"A","date":"2018-04-06T02:27:43.000Z","volume":2500,"label":" ","price":37},{"type":"A","date":"2018-04-06T02:27:44.000Z","volume":1400,"label":" ","price":37.05},{"type":"B","date":"2018-04-06T02:27:51.000Z","volume":6600,"label":" ","price":37},{"type":"A","date":"2018-04-06T02:27:52.000Z","volume":1400,"label":" ","price":37},{"type":"B","date":"2018-04-06T02:28:00.000Z","volume":200,"label":" ","price":37},{"type":"B","date":"2018-04-06T02:28:01.000Z","volume":1000,"label":" ","price":37},{"type":"B","date":"2018-04-06T02:28:01.000Z","volume":2400,"label":" ","price":37},{"type":"A","date":"2018-04-06T02:28:01.000Z","volume":2400,"label":"Y","price":37},{"type":"A","date":"2018-04-06T02:28:01.000Z","volume":2600,"label":" ","price":37},{"type":"A","date":"2018-04-06T02:28:03.000Z","volume":2800,"label":" ","price":37.05},{"type":"B","date":"2018-04-06T02:28:06.000Z","volume":1000,"label":" ","price":37},{"type":"B","date":"2018-04-06T02:28:10.000Z","volume":4600,"label":" ","price":37},{"type":"B","date":"2018-04-06T02:28:15.000Z","volume":1100,"label":"Y","price":37},{"type":"A","date":"2018-04-06T02:28:17.000Z","volume":1200,"label":" ","price":37.05},{"type":"B","date":"2018-04-06T02:28:47.000Z","volume":2200,"label":" ","price":37},{"type":"B","date":"2018-04-06T02:29:05.000Z","volume":2000,"label":" ","price":37},{"type":"B","date":"2018-04-06T02:29:19.000Z","volume":500,"label":" ","price":37},{"type":"B","date":"2018-04-06T02:29:22.000Z","volume":1900,"label":" ","price":37},{"type":"B","date":"2018-04-06T02:29:32.000Z","volume":4900,"label":" ","price":37},{"type":"B","date":"2018-04-06T02:29:32.000Z","volume":2300,"label":" ","price":37},{"type":"A","date":"2018-04-06T02:29:33.000Z","volume":2400,"label":" ","price":37},{"type":"A","date":"2018-04-06T02:29:34.000Z","volume":2200,"label":" ","price":37.05},{"type":"B","date":"2018-04-06T02:29:35.000Z","volume":3600,"label":" ","price":37},{"type":"B","date":"2018-04-06T02:29:42.000Z","volume":5000,"label":" ","price":37},{"type":"A","date":"2018-04-06T02:29:42.000Z","volume":1400,"label":" ","price":37.05},{"type":"B","date":"2018-04-06T02:29:52.000Z","volume":2400,"label":" ","price":37},{"type":"B","date":"2018-04-06T02:30:18.000Z","volume":4000,"label":" ","price":37},{"type":"A","date":"2018-04-06T02:30:28.000Z","volume":500,"label":" ","price":37.05},{"type":"B","date":"2018-04-06T02:30:28.000Z","volume":1600,"label":" ","price":37},{"type":"B","date":"2018-04-06T02:30:52.000Z","volume":2000,"label":" ","price":37},{"type":"B","date":"2018-04-06T02:30:54.000Z","volume":7400,"label":" ","price":37},{"type":"B","date":"2018-04-06T02:30:55.000Z","volume":6000,"label":" ","price":37},{"type":"A","date":"2018-04-06T02:30:56.000Z","volume":3800,"label":" ","price":37},{"type":"A","date":"2018-04-06T02:30:56.000Z","volume":2700,"label":" ","price":37.05},{"type":"B","date":"2018-04-06T02:30:59.000Z","volume":400,"label":" ","price":37},{"type":"B","date":"2018-04-06T02:31:01.000Z","volume":800,"label":" ","price":37},{"type":"B","date":"2018-04-06T02:31:02.000Z","volume":5400,"label":" ","price":37},{"type":"A","date":"2018-04-06T02:31:02.000Z","volume":1400,"label":" ","price":37.05},{"type":"A","date":"2018-04-06T02:31:03.000Z","volume":1100,"label":" ","price":37},{"type":"A","date":"2018-04-06T02:31:03.000Z","volume":3900,"label":" ","price":37},{"type":"A","date":"2018-04-06T02:31:03.000Z","volume":700,"label":" ","price":37},{"type":"U","date":"2018-04-06T02:31:04.000Z","volume":1100,"label":" ","price":37},{"type":"U","date":"2018-04-06T02:31:04.000Z","volume":3900,"label":" ","price":37},{"type":"U","date":"2018-04-06T02:31:04.000Z","volume":300,"label":"Y","price":37},{"type":"U","date":"2018-04-06T02:31:04.000Z","volume":1100,"label":" ","price":37},{"type":"U","date":"2018-04-06T02:31:05.000Z","volume":5000,"label":" ","price":37},{"type":"U","date":"2018-04-06T02:31:06.000Z","volume":5000,"label":" ","price":37},{"type":"A","date":"2018-04-06T02:31:06.000Z","volume":200,"label":"Y","price":37.05},{"type":"A","date":"2018-04-06T02:31:06.000Z","volume":4400,"label":" ","price":37.05},{"type":"U","date":"2018-04-06T02:31:07.000Z","volume":5000,"label":" ","price":37},{"type":"U","date":"2018-04-06T02:31:08.000Z","volume":5000,"label":"Y","price":37},{"type":"A","date":"2018-04-06T02:31:08.000Z","volume":2900,"label":" ","price":37.05},{"type":"B","date":"2018-04-06T02:31:15.000Z","volume":5000,"label":"Y","price":37},{"type":"B","date":"2018-04-06T02:31:15.000Z","volume":100,"label":" ","price":37},{"type":"B","date":"2018-04-06T02:31:15.000Z","volume":100,"label":" ","price":37},{"type":"A","date":"2018-04-06T02:31:16.000Z","volume":1300,"label":" ","price":37.05},{"type":"B","date":"2018-04-06T02:31:26.000Z","volume":200,"label":" ","price":37},{"type":"U","date":"2018-04-06T02:31:29.000Z","volume":500,"label":"X","price":37},{"type":"B","date":"2018-04-06T02:31:30.000Z","volume":1400,"label":" ","price":37},{"type":"B","date":"2018-04-06T02:31:31.000Z","volume":5000,"label":" ","price":37},{"type":"B","date":"2018-04-06T02:31:31.000Z","volume":100,"label":" ","price":36.95},{"type":"B","date":"2018-04-06T02:31:33.000Z","volume":2600,"label":" ","price":37},{"type":"B","date":"2018-04-06T02:31:43.000Z","volume":1600,"label":" ","price":37},{"type":"A","date":"2018-04-06T02:31:44.000Z","volume":900,"label":" ","price":37.05},{"type":"B","date":"2018-04-06T02:32:13.000Z","volume":10000,"label":" ","price":37},{"type":"U","date":"2018-04-06T02:32:14.000Z","volume":100,"label":"Y","price":37},{"type":"B","date":"2018-04-06T02:32:14.000Z","volume":200,"label":"Y","price":37},{"type":"A","date":"2018-04-06T02:32:20.000Z","volume":26000,"label":" ","price":37.05},{"type":"A","date":"2018-04-06T02:32:20.000Z","volume":100,"label":" ","price":37.05},{"type":"A","date":"2018-04-06T02:32:20.000Z","volume":100,"label":" ","price":37.05},{"type":"A","date":"2018-04-06T02:32:20.000Z","volume":5000,"label":" ","price":37.05},{"type":"U","date":"2018-04-06T02:32:21.000Z","volume":100,"label":" ","price":37.05},{"type":"U","date":"2018-04-06T02:32:21.000Z","volume":500,"label":" ","price":37.05},{"type":"A","date":"2018-04-06T02:32:21.000Z","volume":9400,"label":" ","price":37.1},{"type":"A","date":"2018-04-06T02:32:25.000Z","volume":25400,"label":" ","price":37.1},{"type":"A","date":"2018-04-06T02:32:25.000Z","volume":300,"label":"Y","price":37.15},{"type":"A","date":"2018-04-06T02:32:25.000Z","volume":7100,"label":" ","price":37.15},{"type":"A","date":"2018-04-06T02:32:25.000Z","volume":4700,"label":" ","price":37.15},{"type":"A","date":"2018-04-06T02:32:25.000Z","volume":3100,"label":" ","price":37.15},{"type":"U","date":"2018-04-06T02:32:29.000Z","volume":1500,"label":" ","price":37.15},{"type":"U","date":"2018-04-06T02:32:41.000Z","volume":1000,"label":"X","price":37.15},{"type":"B","date":"2018-04-06T02:33:02.000Z","volume":100,"label":" ","price":37.1},{"type":"B","date":"2018-04-06T02:33:05.000Z","volume":2000,"label":" ","price":37.1},{"type":"B","date":"2018-04-06T02:33:05.000Z","volume":100,"label":" ","price":37.1},{"type":"B","date":"2018-04-06T02:33:13.000Z","volume":200,"label":" ","price":37.05},{"type":"B","date":"2018-04-06T02:33:20.000Z","volume":200,"label":" ","price":37.05},{"type":"B","date":"2018-04-06T02:33:26.000Z","volume":200,"label":" ","price":37.05},{"type":"B","date":"2018-04-06T02:33:32.000Z","volume":200,"label":" ","price":37.05},{"type":"B","date":"2018-04-06T02:33:33.000Z","volume":4600,"label":" ","price":37.05},{"type":"B","date":"2018-04-06T02:33:34.000Z","volume":200,"label":" ","price":37.05},{"type":"B","date":"2018-04-06T02:33:37.000Z","volume":100,"label":" ","price":37},{"type":"B","date":"2018-04-06T02:33:42.000Z","volume":200,"label":" ","price":37},{"type":"B","date":"2018-04-06T02:33:47.000Z","volume":100,"label":" ","price":37},{"type":"B","date":"2018-04-06T02:33:55.000Z","volume":200,"label":" ","price":37.05},{"type":"B","date":"2018-04-06T02:33:59.000Z","volume":100,"label":" ","price":37.05},{"type":"B","date":"2018-04-06T02:34:00.000Z","volume":7300,"label":" ","price":37.05},{"type":"A","date":"2018-04-06T02:34:00.000Z","volume":1400,"label":" ","price":37.05},{"type":"B","date":"2018-04-06T02:34:07.000Z","volume":100,"label":" ","price":37},{"type":"B","date":"2018-04-06T02:34:12.000Z","volume":100,"label":" ","price":37},{"type":"B","date":"2018-04-06T02:34:15.000Z","volume":400,"label":"Y","price":37},{"type":"B","date":"2018-04-06T02:34:19.000Z","volume":100,"label":" ","price":37},{"type":"B","date":"2018-04-06T02:34:23.000Z","volume":100,"label":" ","price":37},{"type":"B","date":"2018-04-06T02:34:28.000Z","volume":100,"label":" ","price":37},{"type":"B","date":"2018-04-06T02:34:34.000Z","volume":100,"label":" ","price":37},{"type":"B","date":"2018-04-06T02:34:43.000Z","volume":100,"label":" ","price":37},{"type":"B","date":"2018-04-06T02:34:51.000Z","volume":200,"label":" ","price":37},{"type":"B","date":"2018-04-06T02:34:59.000Z","volume":200,"label":" ","price":37},{"type":"B","date":"2018-04-06T02:35:04.000Z","volume":100,"label":" ","price":37},{"type":"B","date":"2018-04-06T02:35:12.000Z","volume":200,"label":" ","price":37},{"type":"A","date":"2018-04-06T02:35:14.000Z","volume":1000,"label":" ","price":37.05},{"type":"A","date":"2018-04-06T02:35:16.000Z","volume":700,"label":" ","price":37.05},{"type":"B","date":"2018-04-06T02:35:17.000Z","volume":100,"label":" ","price":37},{"type":"B","date":"2018-04-06T02:35:21.000Z","volume":200,"label":" ","price":37},{"type":"B","date":"2018-04-06T02:35:24.000Z","volume":100,"label":" ","price":37},{"type":"B","date":"2018-04-06T02:35:31.000Z","volume":200,"label":" ","price":37},{"type":"B","date":"2018-04-06T02:35:38.000Z","volume":200,"label":" ","price":37},{"type":"B","date":"2018-04-06T02:35:47.000Z","volume":200,"label":" ","price":37},{"type":"A","date":"2018-04-06T02:35:50.000Z","volume":4500,"label":" ","price":37.05},{"type":"A","date":"2018-04-06T02:35:50.000Z","volume":100,"label":" ","price":37.05},{"type":"A","date":"2018-04-06T02:35:51.000Z","volume":1700,"label":" ","price":37.1},{"type":"B","date":"2018-04-06T02:36:46.000Z","volume":9500,"label":" ","price":37.05},{"type":"A","date":"2018-04-06T02:36:58.000Z","volume":500,"label":" ","price":37.05},{"type":"A","date":"2018-04-06T02:37:38.000Z","volume":5600,"label":" ","price":37.05},{"type":"A","date":"2018-04-06T02:37:38.000Z","volume":300,"label":" ","price":37.05},{"type":"A","date":"2018-04-06T02:37:39.000Z","volume":1900,"label":" ","price":37.1},{"type":"B","date":"2018-04-06T02:37:44.000Z","volume":2000,"label":" ","price":37.05},{"type":"A","date":"2018-04-06T02:40:28.000Z","volume":500,"label":" ","price":37.1},{"type":"A","date":"2018-04-06T02:40:36.000Z","volume":300,"label":" ","price":37.1},{"type":"B","date":"2018-04-06T02:40:37.000Z","volume":1000,"label":" ","price":37.05},{"type":"A","date":"2018-04-06T02:40:41.000Z","volume":1000,"label":" ","price":37.1},{"type":"B","date":"2018-04-06T02:41:22.000Z","volume":200,"label":"Y","price":37.05},{"type":"B","date":"2018-04-06T02:41:22.000Z","volume":100,"label":" ","price":37.05},{"type":"B","date":"2018-04-06T02:42:17.000Z","volume":200,"label":"Y","price":37.05},{"type":"A","date":"2018-04-06T02:42:45.000Z","volume":100,"label":" ","price":37.1},{"type":"B","date":"2018-04-06T02:43:06.000Z","volume":6800,"label":" ","price":37.05},{"type":"B","date":"2018-04-06T02:43:06.000Z","volume":800,"label":"Y","price":37.05},{"type":"B","date":"2018-04-06T02:43:06.000Z","volume":1600,"label":" ","price":37.05},{"type":"B","date":"2018-04-06T02:43:06.000Z","volume":100,"label":" ","price":37.05},{"type":"B","date":"2018-04-06T02:43:06.000Z","volume":200,"label":" ","price":37},{"type":"B","date":"2018-04-06T02:43:06.000Z","volume":100,"label":"Y","price":37},{"type":"A","date":"2018-04-06T02:43:06.000Z","volume":2100,"label":" ","price":37.05},{"type":"B","date":"2018-04-06T02:43:06.000Z","volume":100,"label":"Y","price":37},{"type":"B","date":"2018-04-06T02:44:01.000Z","volume":4100,"label":" ","price":37},{"type":"U","date":"2018-04-06T02:44:02.000Z","volume":400,"label":" ","price":37},{"type":"U","date":"2018-04-06T02:44:02.000Z","volume":3400,"label":" ","price":37},{"type":"U","date":"2018-04-06T02:44:02.000Z","volume":1200,"label":"Y","price":37},{"type":"U","date":"2018-04-06T02:44:02.000Z","volume":1500,"label":" ","price":37},{"type":"A","date":"2018-04-06T02:44:03.000Z","volume":200,"label":"Y","price":37.05},{"type":"A","date":"2018-04-06T02:44:03.000Z","volume":1800,"label":" ","price":37.05},{"type":"B","date":"2018-04-06T02:44:07.000Z","volume":100,"label":"Y","price":37},{"type":"B","date":"2018-04-06T02:44:15.000Z","volume":200,"label":"Y","price":37},{"type":"B","date":"2018-04-06T02:44:20.000Z","volume":6300,"label":" ","price":37},{"type":"A","date":"2018-04-06T02:44:21.000Z","volume":5000,"label":" ","price":37},{"type":"A","date":"2018-04-06T02:44:22.000Z","volume":200,"label":"Y","price":37},{"type":"A","date":"2018-04-06T02:44:22.000Z","volume":1000,"label":" ","price":37},{"type":"A","date":"2018-04-06T02:44:22.000Z","volume":1900,"label":" ","price":37},{"type":"B","date":"2018-04-06T02:44:22.000Z","volume":100,"label":"Y","price":37},{"type":"B","date":"2018-04-06T02:44:32.000Z","volume":5000,"label":" ","price":37},{"type":"A","date":"2018-04-06T02:44:33.000Z","volume":100,"label":"Y","price":37},{"type":"A","date":"2018-04-06T02:44:33.000Z","volume":2300,"label":" ","price":37},{"type":"A","date":"2018-04-06T02:44:34.000Z","volume":1500,"label":" ","price":37.05},{"type":"B","date":"2018-04-06T02:44:47.000Z","volume":100,"label":" ","price":37},{"type":"B","date":"2018-04-06T02:45:48.000Z","volume":2000,"label":" ","price":37},{"type":"B","date":"2018-04-06T02:45:48.000Z","volume":1200,"label":" ","price":37},{"type":"B","date":"2018-04-06T02:45:58.000Z","volume":9200,"label":" ","price":37},{"type":"A","date":"2018-04-06T02:45:59.000Z","volume":2300,"label":" ","price":37},{"type":"B","date":"2018-04-06T02:46:04.000Z","volume":3500,"label":" ","price":37},{"type":"A","date":"2018-04-06T02:46:04.000Z","volume":5000,"label":" ","price":37},{"type":"A","date":"2018-04-06T02:46:05.000Z","volume":300,"label":"Y","price":37},{"type":"A","date":"2018-04-06T02:46:05.000Z","volume":1700,"label":" ","price":37},{"type":"A","date":"2018-04-06T02:46:05.000Z","volume":500,"label":" ","price":37},{"type":"B","date":"2018-04-06T02:46:16.000Z","volume":200,"label":"Y","price":37},{"type":"B","date":"2018-04-06T02:46:18.000Z","volume":2000,"label":" ","price":37},{"type":"B","date":"2018-04-06T02:46:40.000Z","volume":100,"label":" ","price":37},{"type":"B","date":"2018-04-06T02:46:42.000Z","volume":1600,"label":" ","price":37},{"type":"A","date":"2018-04-06T02:46:42.000Z","volume":1300,"label":" ","price":37.05},{"type":"B","date":"2018-04-06T02:47:12.000Z","volume":1100,"label":" ","price":37},{"type":"B","date":"2018-04-06T02:47:13.000Z","volume":300,"label":" ","price":37},{"type":"B","date":"2018-04-06T02:47:32.000Z","volume":800,"label":" ","price":37},{"type":"B","date":"2018-04-06T02:48:02.000Z","volume":100,"label":" ","price":37},{"type":"U","date":"2018-04-06T02:48:02.000Z","volume":43,"label":"D","price":37.35},{"type":"B","date":"2018-04-06T02:48:02.000Z","volume":1600,"label":" ","price":37},{"type":"B","date":"2018-04-06T02:48:09.000Z","volume":100,"label":" ","price":37},{"type":"B","date":"2018-04-06T02:48:22.000Z","volume":2000,"label":" ","price":37},{"type":"B","date":"2018-04-06T02:48:29.000Z","volume":2200,"label":" ","price":37},{"type":"B","date":"2018-04-06T02:48:38.000Z","volume":100,"label":" ","price":37},{"type":"B","date":"2018-04-06T02:48:59.000Z","volume":1800,"label":" ","price":37},{"type":"B","date":"2018-04-06T02:49:14.000Z","volume":3300,"label":" ","price":37},{"type":"B","date":"2018-04-06T02:49:14.000Z","volume":200,"label":" ","price":36.95},{"type":"U","date":"2018-04-06T02:49:15.000Z","volume":1600,"label":" ","price":37},{"type":"U","date":"2018-04-06T02:49:15.000Z","volume":3400,"label":" ","price":37},{"type":"A","date":"2018-04-06T02:49:16.000Z","volume":2200,"label":" ","price":37},{"type":"A","date":"2018-04-06T02:49:16.000Z","volume":2800,"label":" ","price":37},{"type":"U","date":"2018-04-06T02:49:17.000Z","volume":500,"label":"Y","price":37},{"type":"U","date":"2018-04-06T02:49:17.000Z","volume":4500,"label":" ","price":37},{"type":"A","date":"2018-04-06T02:49:17.000Z","volume":1300,"label":" ","price":37},{"type":"U","date":"2018-04-06T02:49:18.000Z","volume":5000,"label":" ","price":37},{"type":"A","date":"2018-04-06T02:49:19.000Z","volume":1300,"label":" ","price":37},{"type":"A","date":"2018-04-06T02:49:19.000Z","volume":3700,"label":" ","price":37},{"type":"A","date":"2018-04-06T02:49:19.000Z","volume":5000,"label":" ","price":37.05},{"type":"B","date":"2018-04-06T02:49:30.000Z","volume":8100,"label":" ","price":37},{"type":"A","date":"2018-04-06T02:49:31.000Z","volume":2600,"label":" ","price":37},{"type":"B","date":"2018-04-06T02:49:41.000Z","volume":900,"label":" ","price":37},{"type":"B","date":"2018-04-06T02:50:00.000Z","volume":2300,"label":" ","price":37},{"type":"A","date":"2018-04-06T02:50:01.000Z","volume":5000,"label":" ","price":37},{"type":"A","date":"2018-04-06T02:50:01.000Z","volume":2100,"label":" ","price":37},{"type":"A","date":"2018-04-06T02:50:02.000Z","volume":5000,"label":" ","price":37},{"type":"A","date":"2018-04-06T02:50:03.000Z","volume":5000,"label":" ","price":37},{"type":"A","date":"2018-04-06T02:50:03.000Z","volume":2800,"label":" ","price":37},{"type":"A","date":"2018-04-06T02:50:04.000Z","volume":5000,"label":" ","price":37},{"type":"A","date":"2018-04-06T02:50:04.000Z","volume":1400,"label":" ","price":37},{"type":"A","date":"2018-04-06T02:50:05.000Z","volume":5000,"label":" ","price":37},{"type":"A","date":"2018-04-06T02:50:05.000Z","volume":3200,"label":" ","price":37},{"type":"A","date":"2018-04-06T02:50:06.000Z","volume":5000,"label":" ","price":37},{"type":"A","date":"2018-04-06T02:50:07.000Z","volume":5000,"label":" ","price":37},{"type":"A","date":"2018-04-06T02:50:07.000Z","volume":2900,"label":" ","price":37},{"type":"A","date":"2018-04-06T02:50:08.000Z","volume":5000,"label":" ","price":37},{"type":"A","date":"2018-04-06T02:50:08.000Z","volume":1200,"label":" ","price":37},{"type":"B","date":"2018-04-06T02:50:08.000Z","volume":100,"label":" ","price":36.95},{"type":"A","date":"2018-04-06T02:50:09.000Z","volume":3400,"label":"Y","price":37},{"type":"A","date":"2018-04-06T02:50:09.000Z","volume":1600,"label":" ","price":37},{"type":"A","date":"2018-04-06T02:50:09.000Z","volume":4100,"label":" ","price":37},{"type":"A","date":"2018-04-06T02:50:09.000Z","volume":4200,"label":" ","price":37.05},{"type":"B","date":"2018-04-06T02:50:09.000Z","volume":1900,"label":" ","price":37},{"type":"B","date":"2018-04-06T02:50:38.000Z","volume":5000,"label":" ","price":37},{"type":"B","date":"2018-04-06T02:50:40.000Z","volume":3000,"label":" ","price":37},{"type":"B","date":"2018-04-06T02:50:56.000Z","volume":2000,"label":" ","price":37},{"type":"B","date":"2018-04-06T02:50:57.000Z","volume":5600,"label":" ","price":37},{"type":"A","date":"2018-04-06T02:50:58.000Z","volume":4700,"label":" ","price":37},{"type":"A","date":"2018-04-06T02:50:58.000Z","volume":2900,"label":" ","price":37.05},{"type":"A","date":"2018-04-06T02:51:01.000Z","volume":36300,"label":" ","price":37.05},{"type":"A","date":"2018-04-06T02:51:01.000Z","volume":900,"label":" ","price":37.05},{"type":"A","date":"2018-04-06T02:51:02.000Z","volume":10500,"label":" ","price":37.1},{"type":"A","date":"2018-04-06T02:51:03.000Z","volume":8800,"label":" ","price":37.1},{"type":"A","date":"2018-04-06T02:51:03.000Z","volume":5200,"label":" ","price":37.1},{"type":"A","date":"2018-04-06T02:51:04.000Z","volume":800,"label":" ","price":37.1},{"type":"A","date":"2018-04-06T02:51:10.000Z","volume":3200,"label":" ","price":37.15},{"type":"B","date":"2018-04-06T02:51:22.000Z","volume":1900,"label":" ","price":37},{"type":"B","date":"2018-04-06T02:51:32.000Z","volume":1000,"label":" ","price":37.05},{"type":"A","date":"2018-04-06T02:51:32.000Z","volume":3200,"label":" ","price":37.1},{"type":"B","date":"2018-04-06T02:53:04.000Z","volume":1700,"label":" ","price":37.05},{"type":"B","date":"2018-04-06T02:53:30.000Z","volume":3000,"label":" ","price":37},{"type":"B","date":"2018-04-06T02:54:05.000Z","volume":3300,"label":" ","price":37},{"type":"B","date":"2018-04-06T02:55:08.000Z","volume":2000,"label":" ","price":37},{"type":"A","date":"2018-04-06T02:55:12.000Z","volume":60000,"label":" ","price":37.05},{"type":"A","date":"2018-04-06T02:55:12.000Z","volume":200,"label":" ","price":37.05},{"type":"A","date":"2018-04-06T02:55:12.000Z","volume":2100,"label":" ","price":37.05},{"type":"A","date":"2018-04-06T02:55:14.000Z","volume":14100,"label":" ","price":37.1},{"type":"A","date":"2018-04-06T02:55:14.000Z","volume":3400,"label":" ","price":37.1},{"type":"A","date":"2018-04-06T02:55:14.000Z","volume":1200,"label":" ","price":37.1},{"type":"A","date":"2018-04-06T02:55:16.000Z","volume":100,"label":"Y","price":37.15},{"type":"A","date":"2018-04-06T02:55:16.000Z","volume":14400,"label":" ","price":37.15},{"type":"B","date":"2018-04-06T02:56:25.000Z","volume":200,"label":" ","price":37.1},{"type":"B","date":"2018-04-06T02:56:50.000Z","volume":700,"label":" ","price":37.1},{"type":"A","date":"2018-04-06T02:57:10.000Z","volume":1000,"label":" ","price":37.1},{"type":"B","date":"2018-04-06T02:58:17.000Z","volume":4400,"label":" ","price":37.05},{"type":"B","date":"2018-04-06T02:58:17.000Z","volume":1100,"label":" ","price":37.05},{"type":"B","date":"2018-04-06T02:58:17.000Z","volume":7300,"label":" ","price":37.05},{"type":"A","date":"2018-04-06T02:58:18.000Z","volume":6900,"label":" ","price":37.1},{"type":"A","date":"2018-04-06T02:59:11.000Z","volume":6000,"label":" ","price":37.05},{"type":"A","date":"2018-04-06T02:59:13.000Z","volume":1800,"label":" ","price":37.1},{"type":"B","date":"2018-04-06T03:00:06.000Z","volume":5100,"label":" ","price":37.05},{"type":"A","date":"2018-04-06T03:00:08.000Z","volume":1200,"label":" ","price":37.1},{"type":"U","date":"2018-04-06T03:00:15.000Z","volume":1200,"label":" ","price":37.05},{"type":"A","date":"2018-04-06T03:00:15.000Z","volume":300,"label":" ","price":37.05},{"type":"A","date":"2018-04-06T03:01:05.000Z","volume":45000,"label":" ","price":37.1},{"type":"A","date":"2018-04-06T03:01:05.000Z","volume":1600,"label":" ","price":37.1},{"type":"A","date":"2018-04-06T03:01:05.000Z","volume":1200,"label":" ","price":37.1},{"type":"A","date":"2018-04-06T03:01:05.000Z","volume":600,"label":" ","price":37.1},{"type":"A","date":"2018-04-06T03:01:05.000Z","volume":400,"label":" ","price":37.1},{"type":"A","date":"2018-04-06T03:01:06.000Z","volume":200,"label":"Y","price":37.15},{"type":"A","date":"2018-04-06T03:01:06.000Z","volume":5000,"label":" ","price":37.15},{"type":"U","date":"2018-04-06T03:01:29.000Z","volume":1000,"label":"X","price":37.15},{"type":"B","date":"2018-04-06T03:01:44.000Z","volume":500,"label":" ","price":37.1},{"type":"B","date":"2018-04-06T03:03:01.000Z","volume":600,"label":" ","price":37.1},{"type":"A","date":"2018-04-06T03:04:27.000Z","volume":1400,"label":" ","price":37.1},{"type":"B","date":"2018-04-06T03:05:25.000Z","volume":200,"label":"Y","price":37.05},{"type":"B","date":"2018-04-06T03:05:25.000Z","volume":6400,"label":" ","price":37.05},{"type":"B","date":"2018-04-06T03:05:25.000Z","volume":100,"label":" ","price":37},{"type":"A","date":"2018-04-06T03:05:25.000Z","volume":9400,"label":" ","price":37.05},{"type":"B","date":"2018-04-06T03:05:25.000Z","volume":100,"label":" ","price":37.05},{"type":"B","date":"2018-04-06T03:05:25.000Z","volume":500,"label":" ","price":37.05},{"type":"B","date":"2018-04-06T03:06:21.000Z","volume":300,"label":" ","price":37},{"type":"B","date":"2018-04-06T03:07:23.000Z","volume":200,"label":" ","price":37},{"type":"B","date":"2018-04-06T03:08:30.000Z","volume":200,"label":" ","price":37},{"type":"A","date":"2018-04-06T03:08:40.000Z","volume":1000,"label":" ","price":37.05},{"type":"A","date":"2018-04-06T03:08:41.000Z","volume":1100,"label":" ","price":37.05},{"type":"B","date":"2018-04-06T03:08:53.000Z","volume":100,"label":" ","price":37},{"type":"A","date":"2018-04-06T03:09:22.000Z","volume":100,"label":" ","price":37.05},{"type":"U","date":"2018-04-06T03:09:22.000Z","volume":94,"label":"D","price":37.272},{"type":"A","date":"2018-04-06T03:09:53.000Z","volume":1000,"label":" ","price":37.05},{"type":"B","date":"2018-04-06T03:10:09.000Z","volume":3400,"label":"Y","price":37},{"type":"B","date":"2018-04-06T03:10:09.000Z","volume":9600,"label":" ","price":37},{"type":"B","date":"2018-04-06T03:10:09.000Z","volume":5200,"label":" ","price":37},{"type":"B","date":"2018-04-06T03:10:09.000Z","volume":1200,"label":" ","price":37},{"type":"B","date":"2018-04-06T03:10:09.000Z","volume":3100,"label":" ","price":37},{"type":"B","date":"2018-04-06T03:10:09.000Z","volume":600,"label":" ","price":37},{"type":"B","date":"2018-04-06T03:10:09.000Z","volume":1300,"label":" ","price":37},{"type":"B","date":"2018-04-06T03:10:09.000Z","volume":100,"label":" ","price":37},{"type":"B","date":"2018-04-06T03:10:09.000Z","volume":1300,"label":" ","price":36.95},{"type":"A","date":"2018-04-06T03:10:10.000Z","volume":3500,"label":" ","price":37},{"type":"B","date":"2018-04-06T03:10:10.000Z","volume":1500,"label":" ","price":37},{"type":"A","date":"2018-04-06T03:10:11.000Z","volume":300,"label":"Y","price":37},{"type":"A","date":"2018-04-06T03:10:11.000Z","volume":3100,"label":" ","price":37},{"type":"A","date":"2018-04-06T03:10:11.000Z","volume":1600,"label":" ","price":37},{"type":"A","date":"2018-04-06T03:10:11.000Z","volume":2800,"label":"Y","price":37},{"type":"A","date":"2018-04-06T03:10:12.000Z","volume":200,"label":"Y","price":37},{"type":"A","date":"2018-04-06T03:10:12.000Z","volume":100,"label":" ","price":37},{"type":"A","date":"2018-04-06T03:10:12.000Z","volume":4700,"label":" ","price":37},{"type":"A","date":"2018-04-06T03:10:12.000Z","volume":1200,"label":" ","price":37},{"type":"A","date":"2018-04-06T03:10:13.000Z","volume":1800,"label":" ","price":37.05},{"type":"B","date":"2018-04-06T03:10:14.000Z","volume":100,"label":"Y","price":37},{"type":"B","date":"2018-04-06T03:10:20.000Z","volume":6500,"label":" ","price":37},{"type":"B","date":"2018-04-06T03:10:20.000Z","volume":1000,"label":" ","price":36.95},{"type":"A","date":"2018-04-06T03:10:21.000Z","volume":1200,"label":" ","price":37},{"type":"A","date":"2018-04-06T03:10:21.000Z","volume":3800,"label":" ","price":37},{"type":"A","date":"2018-04-06T03:10:22.000Z","volume":100,"label":"Y","price":37},{"type":"A","date":"2018-04-06T03:10:22.000Z","volume":1300,"label":" ","price":37},{"type":"A","date":"2018-04-06T03:10:22.000Z","volume":3600,"label":" ","price":37},{"type":"B","date":"2018-04-06T03:10:22.000Z","volume":1400,"label":" ","price":36.95},{"type":"A","date":"2018-04-06T03:10:23.000Z","volume":1300,"label":" ","price":37},{"type":"A","date":"2018-04-06T03:10:25.000Z","volume":2100,"label":" ","price":37.05},{"type":"A","date":"2018-04-06T03:10:31.000Z","volume":500,"label":" ","price":37.05},{"type":"B","date":"2018-04-06T03:11:29.000Z","volume":400,"label":" ","price":37},{"type":"B","date":"2018-04-06T03:11:35.000Z","volume":100,"label":" ","price":37},{"type":"B","date":"2018-04-06T03:11:37.000Z","volume":800,"label":" ","price":37},{"type":"B","date":"2018-04-06T03:11:38.000Z","volume":1000,"label":" ","price":37},{"type":"B","date":"2018-04-06T03:11:54.000Z","volume":800,"label":" ","price":37},{"type":"A","date":"2018-04-06T03:11:54.000Z","volume":1100,"label":" ","price":37.05},{"type":"B","date":"2018-04-06T03:12:08.000Z","volume":16400,"label":" ","price":37},{"type":"B","date":"2018-04-06T03:12:08.000Z","volume":1300,"label":" ","price":37},{"type":"A","date":"2018-04-06T03:12:09.000Z","volume":3200,"label":" ","price":37},{"type":"A","date":"2018-04-06T03:12:09.000Z","volume":1800,"label":" ","price":37},{"type":"B","date":"2018-04-06T03:12:13.000Z","volume":1000,"label":" ","price":37},{"type":"A","date":"2018-04-06T03:12:14.000Z","volume":1200,"label":" ","price":37.05},{"type":"B","date":"2018-04-06T03:12:15.000Z","volume":10600,"label":" ","price":37},{"type":"B","date":"2018-04-06T03:12:15.000Z","volume":200,"label":" ","price":36.95},{"type":"A","date":"2018-04-06T03:12:15.000Z","volume":2800,"label":"Y","price":37},{"type":"A","date":"2018-04-06T03:12:15.000Z","volume":2200,"label":" ","price":37},{"type":"A","date":"2018-04-06T03:12:16.000Z","volume":1200,"label":" ","price":37.05},{"type":"B","date":"2018-04-06T03:12:20.000Z","volume":1000,"label":" ","price":37},{"type":"B","date":"2018-04-06T03:12:20.000Z","volume":4300,"label":" ","price":37},{"type":"A","date":"2018-04-06T03:12:20.000Z","volume":1200,"label":" ","price":37.05},{"type":"U","date":"2018-04-06T03:12:20.000Z","volume":5000,"label":" ","price":37},{"type":"U","date":"2018-04-06T03:12:21.000Z","volume":5000,"label":" ","price":37},{"type":"A","date":"2018-04-06T03:12:22.000Z","volume":2900,"label":" ","price":37.05},{"type":"B","date":"2018-04-06T03:12:23.000Z","volume":5000,"label":" ","price":37},{"type":"U","date":"2018-04-06T03:12:24.000Z","volume":5000,"label":" ","price":37},{"type":"A","date":"2018-04-06T03:12:24.000Z","volume":2900,"label":" ","price":37.05},{"type":"B","date":"2018-04-06T03:12:27.000Z","volume":100,"label":"Y","price":37},{"type":"B","date":"2018-04-06T03:12:29.000Z","volume":1000,"label":" ","price":37},{"type":"B","date":"2018-04-06T03:12:36.000Z","volume":2100,"label":" ","price":37},{"type":"B","date":"2018-04-06T03:12:36.000Z","volume":1000,"label":" ","price":37},{"type":"A","date":"2018-04-06T03:12:38.000Z","volume":1200,"label":" ","price":37.05},{"type":"B","date":"2018-04-06T03:12:39.000Z","volume":800,"label":"Y","price":37},{"type":"B","date":"2018-04-06T03:12:39.000Z","volume":800,"label":" ","price":37},{"type":"B","date":"2018-04-06T03:12:48.000Z","volume":9700,"label":" ","price":37},{"type":"B","date":"2018-04-06T03:13:17.000Z","volume":5000,"label":" ","price":36.95},{"type":"B","date":"2018-04-06T03:13:31.000Z","volume":600,"label":" ","price":36.95},{"type":"B","date":"2018-04-06T03:13:36.000Z","volume":300,"label":"Y","price":36.95},{"type":"B","date":"2018-04-06T03:14:14.000Z","volume":2000,"label":" ","price":36.95},{"type":"B","date":"2018-04-06T03:14:15.000Z","volume":9600,"label":" ","price":36.95},{"type":"B","date":"2018-04-06T03:14:22.000Z","volume":100,"label":" ","price":36.95},{"type":"B","date":"2018-04-06T03:14:22.000Z","volume":1500,"label":" ","price":36.95},{"type":"A","date":"2018-04-06T03:14:23.000Z","volume":1700,"label":" ","price":36.95},{"type":"B","date":"2018-04-06T03:14:27.000Z","volume":900,"label":" ","price":36.95},{"type":"A","date":"2018-04-06T03:14:27.000Z","volume":100,"label":" ","price":36.95},{"type":"A","date":"2018-04-06T03:14:38.000Z","volume":300,"label":"Y","price":36.95},{"type":"A","date":"2018-04-06T03:14:38.000Z","volume":7000,"label":" ","price":36.95},{"type":"B","date":"2018-04-06T03:14:38.000Z","volume":3100,"label":" ","price":36.95},{"type":"B","date":"2018-04-06T03:14:43.000Z","volume":900,"label":" ","price":36.95},{"type":"B","date":"2018-04-06T03:14:45.000Z","volume":1800,"label":" ","price":36.95},{"type":"B","date":"2018-04-06T03:14:45.000Z","volume":1000,"label":" ","price":36.95},{"type":"A","date":"2018-04-06T03:14:46.000Z","volume":300,"label":"Y","price":36.95},{"type":"A","date":"2018-04-06T03:14:46.000Z","volume":4400,"label":" ","price":36.95},{"type":"B","date":"2018-04-06T03:15:27.000Z","volume":100,"label":" ","price":36.9},{"type":"A","date":"2018-04-06T03:16:51.000Z","volume":300,"label":"Y","price":36.95},{"type":"A","date":"2018-04-06T03:16:51.000Z","volume":84600,"label":" ","price":36.95},{"type":"B","date":"2018-04-06T03:17:57.000Z","volume":600,"label":" ","price":36.95},{"type":"B","date":"2018-04-06T03:17:57.000Z","volume":1000,"label":" ","price":36.95},{"type":"B","date":"2018-04-06T03:19:49.000Z","volume":1000,"label":" ","price":36.95},{"type":"B","date":"2018-04-06T03:20:17.000Z","volume":200,"label":" ","price":36.95},{"type":"A","date":"2018-04-06T03:20:40.000Z","volume":700,"label":" ","price":37},{"type":"A","date":"2018-04-06T03:21:00.000Z","volume":10000,"label":" ","price":37},{"type":"A","date":"2018-04-06T03:21:00.000Z","volume":6100,"label":" ","price":37},{"type":"B","date":"2018-04-06T03:21:00.000Z","volume":600,"label":" ","price":37},{"type":"B","date":"2018-04-06T03:21:11.000Z","volume":1000,"label":" ","price":37},{"type":"B","date":"2018-04-06T03:21:40.000Z","volume":200,"label":"Y","price":37},{"type":"A","date":"2018-04-06T03:23:05.000Z","volume":2000,"label":" ","price":37.05},{"type":"B","date":"2018-04-06T03:23:21.000Z","volume":1000,"label":" ","price":37},{"type":"B","date":"2018-04-06T03:24:16.000Z","volume":300,"label":" ","price":37},{"type":"B","date":"2018-04-06T03:25:18.000Z","volume":200,"label":" ","price":37},{"type":"A","date":"2018-04-06T03:25:29.000Z","volume":45100,"label":" ","price":37.05},{"type":"B","date":"2018-04-06T03:25:29.000Z","volume":500,"label":" ","price":37.05},{"type":"U","date":"2018-04-06T03:25:49.000Z","volume":100,"label":"X","price":37.075},{"type":"B","date":"2018-04-06T03:26:11.000Z","volume":1500,"label":" ","price":37.05},{"type":"U","date":"2018-04-06T03:26:54.000Z","volume":1000,"label":" ","price":37.05},{"type":"A","date":"2018-04-06T03:26:59.000Z","volume":4700,"label":" ","price":37.05},{"type":"B","date":"2018-04-06T03:28:44.000Z","volume":4500,"label":" ","price":37.05},{"type":"B","date":"2018-04-06T03:29:21.000Z","volume":300,"label":" ","price":37.05},{"type":"A","date":"2018-04-06T03:29:24.000Z","volume":32400,"label":" ","price":37.1},{"type":"B","date":"2018-04-06T03:29:24.000Z","volume":500,"label":" ","price":37.1},{"type":"B","date":"2018-04-06T03:29:24.000Z","volume":300,"label":" ","price":37.1},{"type":"B","date":"2018-04-06T03:29:33.000Z","volume":4500,"label":" ","price":37.1},{"type":"A","date":"2018-04-06T03:29:33.000Z","volume":1300,"label":" ","price":37.1},{"type":"B","date":"2018-04-06T03:29:33.000Z","volume":900,"label":" ","price":37.1},{"type":"B","date":"2018-04-06T03:30:03.000Z","volume":10700,"label":" ","price":37.1},{"type":"A","date":"2018-04-06T03:30:05.000Z","volume":300,"label":" ","price":37.1},{"type":"B","date":"2018-04-06T03:30:21.000Z","volume":100,"label":" ","price":37.05},{"type":"A","date":"2018-04-06T03:32:41.000Z","volume":500,"label":" ","price":37.1},{"type":"B","date":"2018-04-06T03:33:27.000Z","volume":200,"label":" ","price":37.05},{"type":"A","date":"2018-04-06T03:33:29.000Z","volume":400,"label":" ","price":37.1},{"type":"A","date":"2018-04-06T03:34:14.000Z","volume":400,"label":" ","price":37.1},{"type":"B","date":"2018-04-06T03:34:18.000Z","volume":300,"label":" ","price":37.05},{"type":"A","date":"2018-04-06T03:34:58.000Z","volume":400,"label":" ","price":37.1},{"type":"U","date":"2018-04-06T03:35:01.000Z","volume":500,"label":"X","price":37.075},{"type":"A","date":"2018-04-06T03:35:01.000Z","volume":500,"label":" ","price":37.1},{"type":"B","date":"2018-04-06T03:35:18.000Z","volume":200,"label":" ","price":37.05},{"type":"B","date":"2018-04-06T03:35:33.000Z","volume":100,"label":" ","price":37.05},{"type":"A","date":"2018-04-06T03:35:36.000Z","volume":400,"label":" ","price":37.1},{"type":"B","date":"2018-04-06T03:36:01.000Z","volume":500,"label":" ","price":37.05},{"type":"A","date":"2018-04-06T03:36:16.000Z","volume":400,"label":" ","price":37.1},{"type":"B","date":"2018-04-06T03:36:22.000Z","volume":300,"label":" ","price":37.05},{"type":"A","date":"2018-04-06T03:36:55.000Z","volume":400,"label":" ","price":37.1},{"type":"A","date":"2018-04-06T03:37:37.000Z","volume":400,"label":" ","price":37.1},{"type":"B","date":"2018-04-06T03:37:59.000Z","volume":1300,"label":" ","price":37.05},{"type":"B","date":"2018-04-06T03:38:12.000Z","volume":300,"label":" ","price":37.05},{"type":"A","date":"2018-04-06T03:38:12.000Z","volume":400,"label":" ","price":37.1},{"type":"A","date":"2018-04-06T03:38:54.000Z","volume":400,"label":" ","price":37.1},{"type":"A","date":"2018-04-06T03:39:00.000Z","volume":100,"label":" ","price":37.1},{"type":"B","date":"2018-04-06T03:39:15.000Z","volume":200,"label":" ","price":37.05},{"type":"A","date":"2018-04-06T03:39:33.000Z","volume":400,"label":" ","price":37.1},{"type":"U","date":"2018-04-06T03:39:49.000Z","volume":100,"label":"X","price":37.1},{"type":"B","date":"2018-04-06T03:40:04.000Z","volume":800,"label":" ","price":37.05},{"type":"A","date":"2018-04-06T03:40:12.000Z","volume":400,"label":" ","price":37.1},{"type":"B","date":"2018-04-06T03:40:14.000Z","volume":20700,"label":" ","price":37.05},{"type":"B","date":"2018-04-06T03:40:14.000Z","volume":200,"label":" ","price":37},{"type":"B","date":"2018-04-06T03:40:16.000Z","volume":3500,"label":"Y","price":37},{"type":"B","date":"2018-04-06T03:40:16.000Z","volume":9900,"label":" ","price":37},{"type":"B","date":"2018-04-06T03:40:16.000Z","volume":6400,"label":" ","price":37},{"type":"B","date":"2018-04-06T03:40:16.000Z","volume":1500,"label":" ","price":37},{"type":"A","date":"2018-04-06T03:40:26.000Z","volume":10000,"label":" ","price":37},{"type":"B","date":"2018-04-06T03:40:27.000Z","volume":1200,"label":" ","price":36.95},{"type":"B","date":"2018-04-06T03:40:34.000Z","volume":1800,"label":" ","price":36.95},{"type":"B","date":"2018-04-06T03:40:52.000Z","volume":1100,"label":" ","price":36.95},{"type":"B","date":"2018-04-06T03:41:04.000Z","volume":1800,"label":" ","price":36.95},{"type":"B","date":"2018-04-06T03:41:15.000Z","volume":200,"label":" ","price":36.95},{"type":"B","date":"2018-04-06T03:41:34.000Z","volume":1600,"label":" ","price":36.95},{"type":"B","date":"2018-04-06T03:42:04.000Z","volume":1800,"label":" ","price":36.95},{"type":"B","date":"2018-04-06T03:42:25.000Z","volume":100,"label":"Y","price":36.95},{"type":"B","date":"2018-04-06T03:42:25.000Z","volume":100,"label":" ","price":36.95},{"type":"B","date":"2018-04-06T03:42:34.000Z","volume":2200,"label":" ","price":36.95},{"type":"B","date":"2018-04-06T03:42:52.000Z","volume":100,"label":" ","price":36.95},{"type":"B","date":"2018-04-06T03:43:05.000Z","volume":200,"label":" ","price":36.95},{"type":"B","date":"2018-04-06T03:43:06.000Z","volume":900,"label":" ","price":36.9},{"type":"U","date":"2018-04-06T03:43:10.000Z","volume":3900,"label":" ","price":36.95},{"type":"B","date":"2018-04-06T03:43:26.000Z","volume":100,"label":" ","price":36.9},{"type":"B","date":"2018-04-06T03:43:36.000Z","volume":2000,"label":" ","price":36.9},{"type":"B","date":"2018-04-06T03:44:06.000Z","volume":2200,"label":" ","price":36.9},{"type":"B","date":"2018-04-06T03:44:30.000Z","volume":200,"label":" ","price":36.9},{"type":"B","date":"2018-04-06T03:44:36.000Z","volume":1000,"label":" ","price":36.9},{"type":"B","date":"2018-04-06T03:45:06.000Z","volume":1800,"label":" ","price":36.9},{"type":"B","date":"2018-04-06T03:45:20.000Z","volume":1300,"label":" ","price":36.9},{"type":"U","date":"2018-04-06T03:45:31.000Z","volume":300,"label":"X","price":36.9},{"type":"B","date":"2018-04-06T03:45:36.000Z","volume":2000,"label":" ","price":36.9},{"type":"B","date":"2018-04-06T03:46:06.000Z","volume":1600,"label":" ","price":36.9},{"type":"B","date":"2018-04-06T03:46:24.000Z","volume":200,"label":"Y","price":36.9},{"type":"B","date":"2018-04-06T03:46:36.000Z","volume":1600,"label":" ","price":36.9},{"type":"B","date":"2018-04-06T03:46:43.000Z","volume":8600,"label":" ","price":36.9},{"type":"B","date":"2018-04-06T03:46:45.000Z","volume":100,"label":" ","price":36.85},{"type":"A","date":"2018-04-06T03:46:52.000Z","volume":4300,"label":" ","price":36.9},{"type":"A","date":"2018-04-06T03:46:53.000Z","volume":47300,"label":" ","price":36.9},{"type":"B","date":"2018-04-06T03:46:53.000Z","volume":1800,"label":" ","price":36.9},{"type":"A","date":"2018-04-06T03:46:53.000Z","volume":6900,"label":" ","price":36.95},{"type":"A","date":"2018-04-06T03:46:54.000Z","volume":6300,"label":" ","price":36.95},{"type":"A","date":"2018-04-06T03:46:54.000Z","volume":6800,"label":" ","price":36.95},{"type":"A","date":"2018-04-06T03:46:54.000Z","volume":2700,"label":" ","price":36.95},{"type":"A","date":"2018-04-06T03:46:54.000Z","volume":3100,"label":" ","price":36.95},{"type":"A","date":"2018-04-06T03:46:54.000Z","volume":600,"label":" ","price":36.95},{"type":"A","date":"2018-04-06T03:46:54.000Z","volume":100,"label":" ","price":36.95},{"type":"A","date":"2018-04-06T03:46:54.000Z","volume":100,"label":" ","price":36.95},{"type":"A","date":"2018-04-06T03:46:54.000Z","volume":600,"label":" ","price":36.95},{"type":"B","date":"2018-04-06T03:48:20.000Z","volume":5000,"label":" ","price":36.95},{"type":"B","date":"2018-04-06T03:50:37.000Z","volume":200,"label":" ","price":36.95},{"type":"B","date":"2018-04-06T03:51:40.000Z","volume":100,"label":" ","price":36.95},{"type":"B","date":"2018-04-06T03:52:38.000Z","volume":200,"label":" ","price":36.95},{"type":"B","date":"2018-04-06T03:52:57.000Z","volume":100,"label":" ","price":36.95},{"type":"A","date":"2018-04-06T03:54:00.000Z","volume":300,"label":" ","price":37},{"type":"A","date":"2018-04-06T03:54:15.000Z","volume":100,"label":" ","price":37},{"type":"B","date":"2018-04-06T03:54:38.000Z","volume":200,"label":" ","price":36.95},{"type":"B","date":"2018-04-06T03:54:46.000Z","volume":200,"label":" ","price":36.95},{"type":"U","date":"2018-04-06T03:55:01.000Z","volume":300,"label":"X","price":36.975},{"type":"B","date":"2018-04-06T03:55:05.000Z","volume":1200,"label":" ","price":36.95},{"type":"B","date":"2018-04-06T03:55:35.000Z","volume":1800,"label":" ","price":36.95},{"type":"B","date":"2018-04-06T03:55:55.000Z","volume":200,"label":" ","price":36.95},{"type":"B","date":"2018-04-06T03:55:59.000Z","volume":4200,"label":" ","price":36.95},{"type":"B","date":"2018-04-06T03:56:06.000Z","volume":4000,"label":" ","price":36.95},{"type":"A","date":"2018-04-06T03:56:12.000Z","volume":200,"label":"Y","price":36.95},{"type":"A","date":"2018-04-06T03:56:12.000Z","volume":2400,"label":" ","price":36.95},{"type":"U","date":"2018-04-06T03:56:19.000Z","volume":300,"label":"X","price":36.95},{"type":"U","date":"2018-04-06T03:56:19.000Z","volume":300,"label":"X","price":36.95},{"type":"B","date":"2018-04-06T03:57:05.000Z","volume":1800,"label":" ","price":36.9},{"type":"B","date":"2018-04-06T03:57:35.000Z","volume":2000,"label":" ","price":36.9},{"type":"A","date":"2018-04-06T03:58:00.000Z","volume":100,"label":" ","price":37},{"type":"B","date":"2018-04-06T03:58:05.000Z","volume":1600,"label":" ","price":36.9},{"type":"B","date":"2018-04-06T03:58:35.000Z","volume":1400,"label":" ","price":36.9},{"type":"A","date":"2018-04-06T03:58:36.000Z","volume":4000,"label":"Y","price":36.95},{"type":"A","date":"2018-04-06T03:58:36.000Z","volume":1000,"label":" ","price":36.95},{"type":"B","date":"2018-04-06T03:58:36.000Z","volume":400,"label":" ","price":36.9},{"type":"U","date":"2018-04-06T03:58:43.000Z","volume":2600,"label":" ","price":36.9},{"type":"U","date":"2018-04-06T03:58:43.000Z","volume":200,"label":" ","price":36.9},{"type":"B","date":"2018-04-06T03:58:43.000Z","volume":200,"label":" ","price":36.9},{"type":"A","date":"2018-04-06T03:58:44.000Z","volume":800,"label":" ","price":36.9},{"type":"A","date":"2018-04-06T03:58:58.000Z","volume":100,"label":" ","price":36.95},{"type":"B","date":"2018-04-06T03:59:00.000Z","volume":1800,"label":" ","price":36.85},{"type":"A","date":"2018-04-06T03:59:00.000Z","volume":3200,"label":" ","price":36.95},{"type":"A","date":"2018-04-06T03:59:00.000Z","volume":3100,"label":" ","price":36.95},{"type":"U","date":"2018-04-06T03:59:58.000Z","volume":1000,"label":" ","price":36.95},{"type":"B","date":"2018-04-06T05:00:00.000Z","volume":100,"label":" ","price":36.9},{"type":"B","date":"2018-04-06T05:00:11.000Z","volume":500,"label":" ","price":36.95},{"type":"A","date":"2018-04-06T05:00:12.000Z","volume":200,"label":" ","price":36.95},{"type":"A","date":"2018-04-06T05:00:13.000Z","volume":1700,"label":" ","price":36.95},{"type":"B","date":"2018-04-06T05:00:18.000Z","volume":100,"label":" ","price":36.9},{"type":"B","date":"2018-04-06T05:00:40.000Z","volume":100,"label":" ","price":36.9},{"type":"A","date":"2018-04-06T05:00:43.000Z","volume":100,"label":"Y","price":36.95},{"type":"A","date":"2018-04-06T05:00:43.000Z","volume":3300,"label":" ","price":36.95},{"type":"B","date":"2018-04-06T05:00:57.000Z","volume":100,"label":" ","price":36.95},{"type":"A","date":"2018-04-06T05:01:09.000Z","volume":1400,"label":" ","price":37},{"type":"A","date":"2018-04-06T05:01:10.000Z","volume":700,"label":"Y","price":37},{"type":"A","date":"2018-04-06T05:01:10.000Z","volume":6600,"label":" ","price":37},{"type":"A","date":"2018-04-06T05:01:10.000Z","volume":600,"label":" ","price":37},{"type":"B","date":"2018-04-06T05:01:31.000Z","volume":100,"label":" ","price":37},{"type":"U","date":"2018-04-06T05:01:32.000Z","volume":100,"label":"X","price":37.025},{"type":"B","date":"2018-04-06T05:02:02.000Z","volume":100,"label":" ","price":37},{"type":"B","date":"2018-04-06T05:02:14.000Z","volume":1500,"label":" ","price":37},{"type":"B","date":"2018-04-06T05:02:35.000Z","volume":100,"label":" ","price":36.95},{"type":"A","date":"2018-04-06T05:03:06.000Z","volume":200,"label":"Y","price":36.95},{"type":"A","date":"2018-04-06T05:03:06.000Z","volume":600,"label":" ","price":36.95},{"type":"B","date":"2018-04-06T05:04:03.000Z","volume":5600,"label":" ","price":36.9},{"type":"B","date":"2018-04-06T05:04:03.000Z","volume":9700,"label":"Y","price":36.85},{"type":"B","date":"2018-04-06T05:04:03.000Z","volume":4700,"label":" ","price":36.85},{"type":"B","date":"2018-04-06T05:04:03.000Z","volume":100,"label":" ","price":36.8},{"type":"A","date":"2018-04-06T05:04:03.000Z","volume":700,"label":" ","price":36.85},{"type":"A","date":"2018-04-06T05:04:04.000Z","volume":500,"label":" ","price":36.85},{"type":"A","date":"2018-04-06T05:04:07.000Z","volume":100,"label":" ","price":36.85},{"type":"A","date":"2018-04-06T05:05:06.000Z","volume":5400,"label":" ","price":36.85},{"type":"B","date":"2018-04-06T05:05:06.000Z","volume":100,"label":" ","price":36.85},{"type":"B","date":"2018-04-06T05:05:12.000Z","volume":100,"label":" ","price":36.85},{"type":"B","date":"2018-04-06T05:06:23.000Z","volume":100,"label":" ","price":36.85},{"type":"B","date":"2018-04-06T05:06:39.000Z","volume":200,"label":"Y","price":36.85},{"type":"B","date":"2018-04-06T05:07:06.000Z","volume":100,"label":" ","price":36.85},{"type":"B","date":"2018-04-06T05:07:50.000Z","volume":2000,"label":" ","price":36.85},{"type":"B","date":"2018-04-06T05:07:51.000Z","volume":200,"label":" ","price":36.8},{"type":"A","date":"2018-04-06T05:07:53.000Z","volume":300,"label":" ","price":36.85},{"type":"B","date":"2018-04-06T05:08:26.000Z","volume":700,"label":" ","price":36.8},{"type":"A","date":"2018-04-06T05:08:26.000Z","volume":300,"label":" ","price":36.85},{"type":"B","date":"2018-04-06T05:09:13.000Z","volume":100,"label":" ","price":36.8},{"type":"B","date":"2018-04-06T05:09:38.000Z","volume":400,"label":" ","price":36.8},{"type":"B","date":"2018-04-06T05:10:08.000Z","volume":100,"label":" ","price":36.8},{"type":"A","date":"2018-04-06T05:10:10.000Z","volume":200,"label":"Y","price":36.85},{"type":"B","date":"2018-04-06T05:10:23.000Z","volume":100,"label":" ","price":36.8},{"type":"A","date":"2018-04-06T05:10:32.000Z","volume":100,"label":"Y","price":36.85},{"type":"B","date":"2018-04-06T05:11:17.000Z","volume":100,"label":" ","price":36.8},{"type":"B","date":"2018-04-06T05:11:50.000Z","volume":300,"label":" ","price":36.8},{"type":"A","date":"2018-04-06T05:11:51.000Z","volume":200,"label":" ","price":36.85},{"type":"B","date":"2018-04-06T05:11:53.000Z","volume":100,"label":" ","price":36.8},{"type":"A","date":"2018-04-06T05:11:55.000Z","volume":8600,"label":" ","price":36.85},{"type":"B","date":"2018-04-06T05:11:55.000Z","volume":100,"label":" ","price":36.85},{"type":"A","date":"2018-04-06T05:11:55.000Z","volume":1600,"label":" ","price":36.9},{"type":"B","date":"2018-04-06T05:13:28.000Z","volume":200,"label":" ","price":36.85},{"type":"B","date":"2018-04-06T05:13:46.000Z","volume":100,"label":" ","price":36.85},{"type":"B","date":"2018-04-06T05:13:53.000Z","volume":200,"label":"Y","price":36.85},{"type":"B","date":"2018-04-06T05:14:00.000Z","volume":7400,"label":" ","price":36.85},{"type":"B","date":"2018-04-06T05:14:00.000Z","volume":2600,"label":" ","price":36.8},{"type":"A","date":"2018-04-06T05:14:00.000Z","volume":200,"label":"Y","price":36.9},{"type":"A","date":"2018-04-06T05:14:00.000Z","volume":400,"label":" ","price":36.9},{"type":"A","date":"2018-04-06T05:14:02.000Z","volume":800,"label":" ","price":36.9},{"type":"B","date":"2018-04-06T05:14:04.000Z","volume":200,"label":" ","price":36.85},{"type":"B","date":"2018-04-06T05:14:07.000Z","volume":2300,"label":" ","price":36.85},{"type":"A","date":"2018-04-06T05:14:08.000Z","volume":500,"label":" ","price":36.85},{"type":"B","date":"2018-04-06T05:15:57.000Z","volume":100,"label":" ","price":36.8},{"type":"B","date":"2018-04-06T05:15:58.000Z","volume":200,"label":" ","price":36.8},{"type":"B","date":"2018-04-06T05:16:32.000Z","volume":100,"label":" ","price":36.8},{"type":"B","date":"2018-04-06T05:16:54.000Z","volume":100,"label":" ","price":36.8},{"type":"B","date":"2018-04-06T05:17:36.000Z","volume":100,"label":" ","price":36.8},{"type":"A","date":"2018-04-06T05:17:37.000Z","volume":400,"label":" ","price":36.85},{"type":"B","date":"2018-04-06T05:17:45.000Z","volume":200,"label":" ","price":36.8},{"type":"B","date":"2018-04-06T05:18:05.000Z","volume":100,"label":" ","price":36.8},{"type":"B","date":"2018-04-06T05:18:34.000Z","volume":100,"label":" ","price":36.8},{"type":"B","date":"2018-04-06T05:18:53.000Z","volume":200,"label":" ","price":36.8},{"type":"A","date":"2018-04-06T05:18:53.000Z","volume":300,"label":" ","price":36.85},{"type":"B","date":"2018-04-06T05:19:08.000Z","volume":100,"label":" ","price":36.8},{"type":"U","date":"2018-04-06T05:19:21.000Z","volume":500,"label":"X","price":36.825},{"type":"B","date":"2018-04-06T05:19:46.000Z","volume":100,"label":" ","price":36.8},{"type":"B","date":"2018-04-06T05:19:50.000Z","volume":6000,"label":" ","price":36.8},{"type":"B","date":"2018-04-06T05:19:50.000Z","volume":4000,"label":"Y","price":36.8},{"type":"B","date":"2018-04-06T05:19:50.000Z","volume":1000,"label":" ","price":36.8},{"type":"B","date":"2018-04-06T05:19:50.000Z","volume":300,"label":"Y","price":36.8},{"type":"B","date":"2018-04-06T05:19:50.000Z","volume":4400,"label":" ","price":36.8},{"type":"A","date":"2018-04-06T05:19:50.000Z","volume":100,"label":" ","price":36.85},{"type":"U","date":"2018-04-06T05:19:51.000Z","volume":3300,"label":" ","price":36.8},{"type":"A","date":"2018-04-06T05:19:52.000Z","volume":600,"label":" ","price":36.85},{"type":"B","date":"2018-04-06T05:19:55.000Z","volume":900,"label":" ","price":36.75},{"type":"B","date":"2018-04-06T05:19:55.000Z","volume":500,"label":" ","price":36.75},{"type":"A","date":"2018-04-06T05:19:56.000Z","volume":500,"label":"Y","price":36.8},{"type":"B","date":"2018-04-06T05:19:58.000Z","volume":200,"label":" ","price":36.75},{"type":"B","date":"2018-04-06T05:19:58.000Z","volume":100,"label":" ","price":36.75},{"type":"B","date":"2018-04-06T05:20:09.000Z","volume":100,"label":" ","price":36.75},{"type":"B","date":"2018-04-06T05:20:34.000Z","volume":1700,"label":"Y","price":36.75},{"type":"B","date":"2018-04-06T05:20:34.000Z","volume":3300,"label":" ","price":36.75},{"type":"B","date":"2018-04-06T05:20:40.000Z","volume":100,"label":" ","price":36.75},{"type":"B","date":"2018-04-06T05:20:44.000Z","volume":100,"label":" ","price":36.75},{"type":"B","date":"2018-04-06T05:20:59.000Z","volume":700,"label":" ","price":36.75},{"type":"B","date":"2018-04-06T05:21:01.000Z","volume":300,"label":" ","price":36.75},{"type":"B","date":"2018-04-06T05:21:07.000Z","volume":1800,"label":" ","price":36.75},{"type":"B","date":"2018-04-06T05:21:10.000Z","volume":200,"label":" ","price":36.7},{"type":"A","date":"2018-04-06T05:21:12.000Z","volume":100,"label":" ","price":36.75},{"type":"B","date":"2018-04-06T05:21:37.000Z","volume":1000,"label":" ","price":36.7},{"type":"A","date":"2018-04-06T05:21:38.000Z","volume":200,"label":" ","price":36.75},{"type":"B","date":"2018-04-06T05:21:42.000Z","volume":2000,"label":" ","price":36.7},{"type":"A","date":"2018-04-06T05:21:42.000Z","volume":400,"label":" ","price":36.75},{"type":"B","date":"2018-04-06T05:21:48.000Z","volume":100,"label":" ","price":36.7},{"type":"B","date":"2018-04-06T05:22:05.000Z","volume":200,"label":" ","price":36.7},{"type":"B","date":"2018-04-06T05:22:05.000Z","volume":100,"label":" ","price":36.7},{"type":"B","date":"2018-04-06T05:22:05.000Z","volume":2000,"label":"Y","price":36.7},{"type":"B","date":"2018-04-06T05:22:05.000Z","volume":3000,"label":" ","price":36.7},{"type":"B","date":"2018-04-06T05:22:07.000Z","volume":1900,"label":" ","price":36.7},{"type":"A","date":"2018-04-06T05:22:07.000Z","volume":600,"label":" ","price":36.7},{"type":"B","date":"2018-04-06T05:22:11.000Z","volume":300,"label":" ","price":36.65},{"type":"B","date":"2018-04-06T05:22:21.000Z","volume":3500,"label":" ","price":36.65},{"type":"B","date":"2018-04-06T05:22:21.000Z","volume":500,"label":" ","price":36.65},{"type":"B","date":"2018-04-06T05:22:32.000Z","volume":100,"label":" ","price":36.6},{"type":"B","date":"2018-04-06T05:22:35.000Z","volume":100,"label":" ","price":36.6},{"type":"B","date":"2018-04-06T05:22:39.000Z","volume":2900,"label":" ","price":36.6},{"type":"B","date":"2018-04-06T05:22:39.000Z","volume":2100,"label":" ","price":36.6},{"type":"B","date":"2018-04-06T05:22:39.000Z","volume":200,"label":" ","price":36.6},{"type":"A","date":"2018-04-06T05:22:41.000Z","volume":400,"label":" ","price":36.65},{"type":"A","date":"2018-04-06T05:22:41.000Z","volume":13200,"label":" ","price":36.65},{"type":"B","date":"2018-04-06T05:22:41.000Z","volume":300,"label":" ","price":36.65},{"type":"A","date":"2018-04-06T05:22:43.000Z","volume":2400,"label":" ","price":36.7},{"type":"A","date":"2018-04-06T05:22:44.000Z","volume":100,"label":"Y","price":36.7},{"type":"A","date":"2018-04-06T05:22:44.000Z","volume":1300,"label":" ","price":36.7},{"type":"A","date":"2018-04-06T05:22:44.000Z","volume":100,"label":" ","price":36.7},{"type":"A","date":"2018-04-06T05:22:45.000Z","volume":200,"label":"Y","price":36.75},{"type":"A","date":"2018-04-06T05:22:45.000Z","volume":1300,"label":" ","price":36.75},{"type":"U","date":"2018-04-06T05:23:58.000Z","volume":200,"label":" ","price":36.65},{"type":"A","date":"2018-04-06T05:24:00.000Z","volume":1300,"label":" ","price":36.65},{"type":"A","date":"2018-04-06T05:24:00.000Z","volume":12400,"label":" ","price":36.7},{"type":"A","date":"2018-04-06T05:24:02.000Z","volume":100,"label":" ","price":36.7},{"type":"A","date":"2018-04-06T05:24:02.000Z","volume":3000,"label":" ","price":36.75},{"type":"A","date":"2018-04-06T05:24:59.000Z","volume":3400,"label":" ","price":36.75},{"type":"A","date":"2018-04-06T05:24:59.000Z","volume":400,"label":" ","price":36.75},{"type":"B","date":"2018-04-06T05:25:05.000Z","volume":1500,"label":" ","price":36.75},{"type":"A","date":"2018-04-06T05:25:05.000Z","volume":1200,"label":" ","price":36.8},{"type":"U","date":"2018-04-06T05:25:05.000Z","volume":1200,"label":" ","price":36.75},{"type":"A","date":"2018-04-06T05:25:07.000Z","volume":800,"label":" ","price":36.8},{"type":"U","date":"2018-04-06T05:25:49.000Z","volume":200,"label":" ","price":36.75},{"type":"U","date":"2018-04-06T05:25:49.000Z","volume":100,"label":" ","price":36.75},{"type":"B","date":"2018-04-06T05:26:04.000Z","volume":600,"label":" ","price":36.75},{"type":"A","date":"2018-04-06T05:26:05.000Z","volume":400,"label":" ","price":36.75},{"type":"A","date":"2018-04-06T05:26:05.000Z","volume":100,"label":" ","price":36.75},{"type":"B","date":"2018-04-06T05:26:25.000Z","volume":400,"label":" ","price":36.7},{"type":"B","date":"2018-04-06T05:27:54.000Z","volume":1200,"label":" ","price":36.65},{"type":"B","date":"2018-04-06T05:28:56.000Z","volume":100,"label":" ","price":36.6},{"type":"B","date":"2018-04-06T05:29:19.000Z","volume":5800,"label":" ","price":36.6},{"type":"B","date":"2018-04-06T05:29:25.000Z","volume":100,"label":" ","price":36.6},{"type":"A","date":"2018-04-06T05:29:27.000Z","volume":100,"label":" ","price":36.65},{"type":"B","date":"2018-04-06T05:29:57.000Z","volume":100,"label":" ","price":36.6},{"type":"B","date":"2018-04-06T05:30:01.000Z","volume":100,"label":" ","price":36.6},{"type":"B","date":"2018-04-06T05:30:22.000Z","volume":3500,"label":" ","price":36.55},{"type":"A","date":"2018-04-06T05:30:24.000Z","volume":600,"label":"Y","price":36.6},{"type":"B","date":"2018-04-06T05:31:10.000Z","volume":300,"label":" ","price":36.55},{"type":"A","date":"2018-04-06T05:31:19.000Z","volume":300,"label":"Y","price":36.6},{"type":"A","date":"2018-04-06T05:31:19.000Z","volume":14800,"label":" ","price":36.6},{"type":"B","date":"2018-04-06T05:31:19.000Z","volume":600,"label":" ","price":36.6},{"type":"B","date":"2018-04-06T05:31:19.000Z","volume":900,"label":" ","price":36.6},{"type":"B","date":"2018-04-06T05:31:20.000Z","volume":2100,"label":" ","price":36.6},{"type":"A","date":"2018-04-06T05:31:21.000Z","volume":100,"label":"Y","price":36.65},{"type":"A","date":"2018-04-06T05:31:21.000Z","volume":3400,"label":" ","price":36.65},{"type":"B","date":"2018-04-06T05:31:23.000Z","volume":1300,"label":" ","price":36.6},{"type":"A","date":"2018-04-06T05:31:25.000Z","volume":200,"label":"Y","price":36.6},{"type":"A","date":"2018-04-06T05:31:25.000Z","volume":1600,"label":" ","price":36.6},{"type":"A","date":"2018-04-06T05:31:39.000Z","volume":1300,"label":" ","price":36.6},{"type":"B","date":"2018-04-06T05:31:41.000Z","volume":400,"label":" ","price":36.6},{"type":"B","date":"2018-04-06T05:31:41.000Z","volume":200,"label":" ","price":36.6},{"type":"B","date":"2018-04-06T05:31:41.000Z","volume":600,"label":" ","price":36.6},{"type":"A","date":"2018-04-06T05:32:51.000Z","volume":5400,"label":" ","price":36.6},{"type":"A","date":"2018-04-06T05:32:52.000Z","volume":100,"label":"Y","price":36.65},{"type":"A","date":"2018-04-06T05:32:52.000Z","volume":900,"label":" ","price":36.65},{"type":"B","date":"2018-04-06T05:33:15.000Z","volume":2000,"label":" ","price":36.6},{"type":"A","date":"2018-04-06T05:33:17.000Z","volume":1400,"label":"Y","price":36.6},{"type":"B","date":"2018-04-06T05:34:12.000Z","volume":1000,"label":" ","price":36.55},{"type":"A","date":"2018-04-06T05:34:13.000Z","volume":900,"label":" ","price":36.6},{"type":"B","date":"2018-04-06T05:34:45.000Z","volume":2000,"label":" ","price":36.55},{"type":"A","date":"2018-04-06T05:34:47.000Z","volume":300,"label":" ","price":36.6},{"type":"A","date":"2018-04-06T05:34:57.000Z","volume":4900,"label":" ","price":36.6},{"type":"A","date":"2018-04-06T05:34:57.000Z","volume":1000,"label":" ","price":36.6},{"type":"A","date":"2018-04-06T05:34:57.000Z","volume":1400,"label":" ","price":36.6},{"type":"A","date":"2018-04-06T05:34:58.000Z","volume":1600,"label":" ","price":36.6},{"type":"A","date":"2018-04-06T05:34:59.000Z","volume":1600,"label":" ","price":36.65},{"type":"B","date":"2018-04-06T05:35:02.000Z","volume":3700,"label":" ","price":36.6},{"type":"A","date":"2018-04-06T05:35:03.000Z","volume":900,"label":" ","price":36.6},{"type":"A","date":"2018-04-06T05:35:29.000Z","volume":5100,"label":" ","price":36.6},{"type":"A","date":"2018-04-06T05:35:30.000Z","volume":200,"label":"Y","price":36.65},{"type":"A","date":"2018-04-06T05:35:47.000Z","volume":100,"label":" ","price":36.6},{"type":"A","date":"2018-04-06T05:35:47.000Z","volume":3100,"label":" ","price":36.6},{"type":"A","date":"2018-04-06T05:35:48.000Z","volume":1700,"label":" ","price":36.65},{"type":"A","date":"2018-04-06T05:36:07.000Z","volume":600,"label":"Y","price":36.65},{"type":"A","date":"2018-04-06T05:36:07.000Z","volume":400,"label":" ","price":36.65},{"type":"A","date":"2018-04-06T05:36:08.000Z","volume":1100,"label":" ","price":36.7},{"type":"A","date":"2018-04-06T05:37:27.000Z","volume":1000,"label":" ","price":36.7},{"type":"A","date":"2018-04-06T05:37:28.000Z","volume":700,"label":" ","price":36.7},{"type":"B","date":"2018-04-06T05:39:25.000Z","volume":15300,"label":" ","price":36.65},{"type":"A","date":"2018-04-06T05:39:26.000Z","volume":200,"label":"Y","price":36.65},{"type":"A","date":"2018-04-06T05:39:26.000Z","volume":22700,"label":" ","price":36.65},{"type":"B","date":"2018-04-06T05:39:41.000Z","volume":600,"label":" ","price":36.6},{"type":"B","date":"2018-04-06T05:40:07.000Z","volume":1400,"label":" ","price":36.6},{"type":"B","date":"2018-04-06T05:40:07.000Z","volume":1700,"label":" ","price":36.6},{"type":"B","date":"2018-04-06T05:40:07.000Z","volume":100,"label":" ","price":36.6},{"type":"B","date":"2018-04-06T05:42:07.000Z","volume":1500,"label":" ","price":36.6},{"type":"B","date":"2018-04-06T05:42:07.000Z","volume":1600,"label":" ","price":36.6},{"type":"A","date":"2018-04-06T05:42:09.000Z","volume":400,"label":" ","price":36.65},{"type":"B","date":"2018-04-06T05:42:32.000Z","volume":1000,"label":" ","price":36.6},{"type":"A","date":"2018-04-06T05:42:49.000Z","volume":300,"label":"Y","price":36.65},{"type":"A","date":"2018-04-06T05:42:49.000Z","volume":21200,"label":" ","price":36.65},{"type":"A","date":"2018-04-06T05:43:02.000Z","volume":100,"label":"Y","price":36.65},{"type":"B","date":"2018-04-06T05:44:08.000Z","volume":200,"label":" ","price":36.6},{"type":"B","date":"2018-04-06T05:45:07.000Z","volume":200,"label":" ","price":36.6},{"type":"A","date":"2018-04-06T05:45:07.000Z","volume":200,"label":" ","price":36.65},{"type":"A","date":"2018-04-06T05:45:13.000Z","volume":1700,"label":" ","price":36.65},{"type":"A","date":"2018-04-06T05:45:13.000Z","volume":800,"label":"Y","price":36.65},{"type":"A","date":"2018-04-06T05:45:13.000Z","volume":2400,"label":" ","price":36.65},{"type":"A","date":"2018-04-06T05:45:13.000Z","volume":1500,"label":" ","price":36.65},{"type":"B","date":"2018-04-06T05:45:14.000Z","volume":100,"label":" ","price":36.65},{"type":"A","date":"2018-04-06T05:45:19.000Z","volume":4400,"label":" ","price":36.65},{"type":"A","date":"2018-04-06T05:45:19.000Z","volume":400,"label":" ","price":36.65},{"type":"A","date":"2018-04-06T05:45:29.000Z","volume":4600,"label":" ","price":36.7},{"type":"A","date":"2018-04-06T05:45:29.000Z","volume":100,"label":" ","price":36.7},{"type":"A","date":"2018-04-06T05:45:51.000Z","volume":500,"label":" ","price":36.7},{"type":"U","date":"2018-04-06T05:45:51.000Z","volume":400,"label":"X","price":36.7},{"type":"A","date":"2018-04-06T05:47:26.000Z","volume":5100,"label":" ","price":36.7},{"type":"A","date":"2018-04-06T05:47:26.000Z","volume":900,"label":" ","price":36.7},{"type":"A","date":"2018-04-06T05:47:26.000Z","volume":100,"label":" ","price":36.7},{"type":"B","date":"2018-04-06T05:47:30.000Z","volume":200,"label":" ","price":36.7},{"type":"U","date":"2018-04-06T05:48:04.000Z","volume":800,"label":"X","price":36.75},{"type":"B","date":"2018-04-06T05:48:05.000Z","volume":100,"label":"Y","price":36.7},{"type":"B","date":"2018-04-06T05:48:05.000Z","volume":1700,"label":" ","price":36.7},{"type":"B","date":"2018-04-06T05:48:47.000Z","volume":1000,"label":" ","price":36.7},{"type":"B","date":"2018-04-06T05:49:06.000Z","volume":100,"label":" ","price":36.7},{"type":"B","date":"2018-04-06T05:49:07.000Z","volume":1800,"label":" ","price":36.7},{"type":"A","date":"2018-04-06T05:49:11.000Z","volume":7700,"label":" ","price":36.75},{"type":"A","date":"2018-04-06T05:49:11.000Z","volume":1100,"label":" ","price":36.75},{"type":"A","date":"2018-04-06T05:49:30.000Z","volume":1600,"label":" ","price":36.75},{"type":"U","date":"2018-04-06T05:50:04.000Z","volume":400,"label":"X","price":36.75},{"type":"A","date":"2018-04-06T05:51:01.000Z","volume":100,"label":"Y","price":36.75},{"type":"A","date":"2018-04-06T05:51:01.000Z","volume":500,"label":" ","price":36.75},{"type":"A","date":"2018-04-06T05:51:03.000Z","volume":5000,"label":" ","price":36.75}