[{"type":"U","date":"2018-04-25T01:20:00.000Z","volume":15000,"label":"U","price":18.4},{"type":"B","date":"2018-04-25T01:30:05.000Z","volume":1000,"label":" ","price":18.4},{"type":"B","date":"2018-04-25T01:30:07.000Z","volume":1000,"label":" ","price":18.4},{"type":"B","date":"2018-04-25T01:30:07.000Z","volume":1000,"label":" ","price":18.34},{"type":"U","date":"2018-04-25T01:30:21.000Z","volume":1000,"label":" ","price":18.4},{"type":"A","date":"2018-04-25T01:30:44.000Z","volume":9000,"label":" ","price":18.52},{"type":"B","date":"2018-04-25T01:30:45.000Z","volume":1000,"label":" ","price":18.52},{"type":"A","date":"2018-04-25T01:31:51.000Z","volume":5000,"label":" ","price":18.52},{"type":"B","date":"2018-04-25T01:31:52.000Z","volume":1000,"label":" ","price":18.46},{"type":"A","date":"2018-04-25T01:31:56.000Z","volume":2000,"label":" ","price":18.52},{"type":"A","date":"2018-04-25T01:31:56.000Z","volume":1000,"label":" ","price":18.52},{"type":"A","date":"2018-04-25T01:32:52.000Z","volume":4000,"label":" ","price":18.6},{"type":"B","date":"2018-04-25T01:32:52.000Z","volume":1000,"label":" ","price":18.6},{"type":"A","date":"2018-04-25T01:33:04.000Z","volume":1000,"label":" ","price":18.64},{"type":"A","date":"2018-04-25T01:33:07.000Z","volume":2000,"label":" ","price":18.64},{"type":"A","date":"2018-04-25T01:33:15.000Z","volume":1000,"label":" ","price":18.66},{"type":"A","date":"2018-04-25T01:33:15.000Z","volume":2000,"label":" ","price":18.7},{"type":"B","date":"2018-04-25T01:33:31.000Z","volume":12000,"label":" ","price":18.68},{"type":"B","date":"2018-04-25T01:33:31.000Z","volume":1000,"label":" ","price":18.66},{"type":"A","date":"2018-04-25T01:33:32.000Z","volume":1000,"label":" ","price":18.76},{"type":"B","date":"2018-04-25T01:33:34.000Z","volume":1000,"label":"Y","price":18.64},{"type":"B","date":"2018-04-25T01:34:03.000Z","volume":2000,"label":" ","price":18.62},{"type":"B","date":"2018-04-25T01:34:11.000Z","volume":10000,"label":" ","price":18.6},{"type":"B","date":"2018-04-25T01:34:12.000Z","volume":1000,"label":" ","price":18.6},{"type":"B","date":"2018-04-25T01:34:14.000Z","volume":7000,"label":" ","price":18.6},{"type":"B","date":"2018-04-25T01:34:14.000Z","volume":1000,"label":" ","price":18.58},{"type":"B","date":"2018-04-25T01:34:33.000Z","volume":10000,"label":" ","price":18.58},{"type":"B","date":"2018-04-25T01:34:33.000Z","volume":1000,"label":" ","price":18.56},{"type":"B","date":"2018-04-25T01:34:33.000Z","volume":4000,"label":" ","price":18.56},{"type":"B","date":"2018-04-25T01:34:35.000Z","volume":3000,"label":" ","price":18.54},{"type":"B","date":"2018-04-25T01:34:36.000Z","volume":1000,"label":" ","price":18.52},{"type":"B","date":"2018-04-25T01:34:38.000Z","volume":33000,"label":" ","price":18.52},{"type":"B","date":"2018-04-25T01:34:38.000Z","volume":3000,"label":" ","price":18.5},{"type":"B","date":"2018-04-25T01:34:38.000Z","volume":6000,"label":" ","price":18.5},{"type":"B","date":"2018-04-25T01:34:38.000Z","volume":1000,"label":" ","price":18.48},{"type":"B","date":"2018-04-25T01:34:39.000Z","volume":1000,"label":" ","price":18.44},{"type":"B","date":"2018-04-25T01:34:39.000Z","volume":1000,"label":" ","price":18.4},{"type":"A","date":"2018-04-25T01:34:53.000Z","volume":4000,"label":" ","price":18.52},{"type":"B","date":"2018-04-25T01:35:51.000Z","volume":10000,"label":" ","price":18.44},{"type":"B","date":"2018-04-25T01:36:10.000Z","volume":10000,"label":" ","price":18.42},{"type":"B","date":"2018-04-25T01:36:10.000Z","volume":2000,"label":" ","price":18.42},{"type":"B","date":"2018-04-25T01:36:10.000Z","volume":1000,"label":" ","price":18.4},{"type":"B","date":"2018-04-25T01:36:20.000Z","volume":1000,"label":" ","price":18.4},{"type":"B","date":"2018-04-25T01:36:21.000Z","volume":1000,"label":" ","price":18.4},{"type":"A","date":"2018-04-25T01:37:13.000Z","volume":25000,"label":" ","price":18.44},{"type":"B","date":"2018-04-25T01:37:14.000Z","volume":2000,"label":" ","price":18.4},{"type":"A","date":"2018-04-25T01:37:20.000Z","volume":2000,"label":" ","price":18.46},{"type":"A","date":"2018-04-25T01:37:31.000Z","volume":2000,"label":" ","price":18.46},{"type":"B","date":"2018-04-25T01:37:35.000Z","volume":1000,"label":" ","price":18.46},{"type":"A","date":"2018-04-25T01:37:57.000Z","volume":3000,"label":" ","price":18.46},{"type":"B","date":"2018-04-25T01:37:57.000Z","volume":1000,"label":" ","price":18.42},{"type":"A","date":"2018-04-25T01:38:40.000Z","volume":10000,"label":" ","price":18.48},{"type":"A","date":"2018-04-25T01:39:02.000Z","volume":1000,"label":" ","price":18.5},{"type":"A","date":"2018-04-25T01:39:15.000Z","volume":1000,"label":" ","price":18.52},{"type":"A","date":"2018-04-25T01:39:15.000Z","volume":2000,"label":" ","price":18.52},{"type":"A","date":"2018-04-25T01:39:16.000Z","volume":2000,"label":" ","price":18.54},{"type":"A","date":"2018-04-25T01:40:28.000Z","volume":5000,"label":" ","price":18.58},{"type":"B","date":"2018-04-25T01:40:30.000Z","volume":10000,"label":" ","price":18.56},{"type":"A","date":"2018-04-25T01:40:43.000Z","volume":2000,"label":" ","price":18.56},{"type":"B","date":"2018-04-25T01:40:52.000Z","volume":1000,"label":" ","price":18.54},{"type":"A","date":"2018-04-25T01:40:54.000Z","volume":25000,"label":" ","price":18.54},{"type":"B","date":"2018-04-25T01:40:55.000Z","volume":7000,"label":" ","price":18.52},{"type":"B","date":"2018-04-25T01:40:55.000Z","volume":2000,"label":" ","price":18.48},{"type":"A","date":"2018-04-25T01:41:43.000Z","volume":4000,"label":" ","price":18.54},{"type":"A","date":"2018-04-25T01:41:43.000Z","volume":3000,"label":" ","price":18.54},{"type":"A","date":"2018-04-25T01:41:49.000Z","volume":18000,"label":" ","price":18.56},{"type":"A","date":"2018-04-25T01:41:49.000Z","volume":2000,"label":" ","price":18.56},{"type":"B","date":"2018-04-25T01:42:05.000Z","volume":1000,"label":" ","price":18.54},{"type":"A","date":"2018-04-25T01:42:29.000Z","volume":1000,"label":" ","price":18.56},{"type":"A","date":"2018-04-25T01:42:49.000Z","volume":5000,"label":" ","price":18.56},{"type":"A","date":"2018-04-25T01:42:49.000Z","volume":1000,"label":" ","price":18.56},{"type":"B","date":"2018-04-25T01:43:32.000Z","volume":10000,"label":" ","price":18.5},{"type":"B","date":"2018-04-25T01:43:50.000Z","volume":1000,"label":" ","price":18.5},{"type":"B","date":"2018-04-25T01:44:56.000Z","volume":3000,"label":" ","price":18.46},{"type":"B","date":"2018-04-25T01:45:02.000Z","volume":8000,"label":" ","price":18.46},{"type":"B","date":"2018-04-25T01:45:04.000Z","volume":8000,"label":" ","price":18.44},{"type":"B","date":"2018-04-25T01:45:06.000Z","volume":10000,"label":" ","price":18.42},{"type":"B","date":"2018-04-25T01:45:06.000Z","volume":31000,"label":" ","price":18.4},{"type":"B","date":"2018-04-25T01:45:06.000Z","volume":3000,"label":" ","price":18.38},{"type":"B","date":"2018-04-25T01:45:06.000Z","volume":30000,"label":" ","price":18.36},{"type":"B","date":"2018-04-25T01:45:06.000Z","volume":2000,"label":" ","price":18.34},{"type":"B","date":"2018-04-25T01:45:06.000Z","volume":22000,"label":" ","price":18.32},{"type":"B","date":"2018-04-25T01:45:06.000Z","volume":27000,"label":" ","price":18.3},{"type":"B","date":"2018-04-25T01:45:07.000Z","volume":12000,"label":" ","price":18.3},{"type":"B","date":"2018-04-25T01:45:07.000Z","volume":1000,"label":" ","price":18.3},{"type":"B","date":"2018-04-25T01:45:07.000Z","volume":1000,"label":" ","price":18.3},{"type":"B","date":"2018-04-25T01:45:34.000Z","volume":2000,"label":" ","price":18.32},{"type":"B","date":"2018-04-25T01:45:34.000Z","volume":10000,"label":" ","price":18.3},{"type":"B","date":"2018-04-25T01:45:34.000Z","volume":4000,"label":" ","price":18.3},{"type":"B","date":"2018-04-25T01:45:34.000Z","volume":1000,"label":" ","price":18.28},{"type":"A","date":"2018-04-25T01:45:43.000Z","volume":10000,"label":" ","price":18.36},{"type":"U","date":"2018-04-25T01:45:43.000Z","volume":1000,"label":" ","price":18.24},{"type":"B","date":"2018-04-25T01:45:43.000Z","volume":1000,"label":" ","price":18.24},{"type":"B","date":"2018-04-25T01:46:14.000Z","volume":2000,"label":" ","price":18.28},{"type":"B","date":"2018-04-25T01:46:14.000Z","volume":1000,"label":" ","price":18.26},{"type":"U","date":"2018-04-25T01:46:31.000Z","volume":1000,"label":" ","price":18.34},{"type":"A","date":"2018-04-25T01:47:12.000Z","volume":2000,"label":" ","price":18.36},{"type":"A","date":"2018-04-25T01:47:12.000Z","volume":11000,"label":" ","price":18.36},{"type":"A","date":"2018-04-25T01:47:44.000Z","volume":1000,"label":"Y","price":18.36},{"type":"A","date":"2018-04-25T01:47:44.000Z","volume":2000,"label":" ","price":18.36},{"type":"A","date":"2018-04-25T01:47:44.000Z","volume":5000,"label":" ","price":18.4},{"type":"A","date":"2018-04-25T01:48:04.000Z","volume":10000,"label":" ","price":18.48},{"type":"B","date":"2018-04-25T01:48:50.000Z","volume":1000,"label":" ","price":18.32},{"type":"B","date":"2018-04-25T01:49:48.000Z","volume":2000,"label":" ","price":18.32},{"type":"B","date":"2018-04-25T01:49:48.000Z","volume":11000,"label":" ","price":18.32},{"type":"U","date":"2018-04-25T01:50:08.000Z","volume":1000,"label":" ","price":18.32},{"type":"A","date":"2018-04-25T01:50:27.000Z","volume":5000,"label":" ","price":18.32},{"type":"A","date":"2018-04-25T01:50:59.000Z","volume":2000,"label":" ","price":18.32},{"type":"A","date":"2018-04-25T01:50:59.000Z","volume":3000,"label":" ","price":18.32},{"type":"A","date":"2018-04-25T01:51:02.000Z","volume":2000,"label":" ","price":18.34},{"type":"B","date":"2018-04-25T01:51:23.000Z","volume":2000,"label":" ","price":18.32},{"type":"B","date":"2018-04-25T01:51:23.000Z","volume":4000,"label":"Y","price":18.3},{"type":"B","date":"2018-04-25T01:51:23.000Z","volume":4000,"label":" ","price":18.3},{"type":"B","date":"2018-04-25T01:51:46.000Z","volume":1000,"label":"Y","price":18.3},{"type":"B","date":"2018-04-25T01:51:46.000Z","volume":4000,"label":" ","price":18.3},{"type":"B","date":"2018-04-25T01:51:56.000Z","volume":10000,"label":" ","price":18.3},{"type":"B","date":"2018-04-25T01:52:36.000Z","volume":4000,"label":" ","price":18.32},{"type":"B","date":"2018-04-25T01:52:36.000Z","volume":4000,"label":" ","price":18.3},{"type":"B","date":"2018-04-25T01:52:36.000Z","volume":2000,"label":" ","price":18.3},{"type":"A","date":"2018-04-25T01:52:43.000Z","volume":5000,"label":" ","price":18.3},{"type":"A","date":"2018-04-25T01:52:44.000Z","volume":4000,"label":" ","price":18.4},{"type":"A","date":"2018-04-25T01:53:05.000Z","volume":6000,"label":" ","price":18.4},{"type":"B","date":"2018-04-25T01:53:48.000Z","volume":5000,"label":" ","price":18.32},{"type":"B","date":"2018-04-25T01:56:00.000Z","volume":8000,"label":"Y","price":18.34},{"type":"B","date":"2018-04-25T01:56:00.000Z","volume":5000,"label":" ","price":18.34},{"type":"A","date":"2018-04-25T01:56:12.000Z","volume":2000,"label":" ","price":18.34},{"type":"A","date":"2018-04-25T01:56:28.000Z","volume":1000,"label":"Y","price":18.34},{"type":"A","date":"2018-04-25T01:56:28.000Z","volume":11000,"label":" ","price":18.34},{"type":"B","date":"2018-04-25T01:56:29.000Z","volume":2000,"label":" ","price":18.32},{"type":"A","date":"2018-04-25T01:56:42.000Z","volume":2000,"label":" ","price":18.36},{"type":"A","date":"2018-04-25T01:56:51.000Z","volume":3000,"label":" ","price":18.36},{"type":"A","date":"2018-04-25T01:57:00.000Z","volume":1000,"label":" ","price":18.34},{"type":"A","date":"2018-04-25T01:57:09.000Z","volume":1000,"label":" ","price":18.36},{"type":"U","date":"2018-04-25T01:57:37.000Z","volume":1000,"label":" ","price":18.36},{"type":"B","date":"2018-04-25T01:58:18.000Z","volume":1000,"label":" ","price":18.36},{"type":"A","date":"2018-04-25T01:58:43.000Z","volume":20000,"label":" ","price":18.4},{"type":"A","date":"2018-04-25T01:58:45.000Z","volume":16000,"label":" ","price":18.42},{"type":"A","date":"2018-04-25T01:58:58.000Z","volume":1000,"label":"Y","price":18.44},{"type":"A","date":"2018-04-25T01:58:59.000Z","volume":10000,"label":" ","price":18.44},{"type":"A","date":"2018-04-25T01:59:14.000Z","volume":1000,"label":"Y","price":18.46},{"type":"A","date":"2018-04-25T01:59:19.000Z","volume":2000,"label":" ","price":18.48},{"type":"A","date":"2018-04-25T01:59:19.000Z","volume":28000,"label":" ","price":18.5},{"type":"A","date":"2018-04-25T01:59:22.000Z","volume":3000,"label":" ","price":18.5},{"type":"A","date":"2018-04-25T01:59:29.000Z","volume":2000,"label":" ","price":18.5},{"type":"A","date":"2018-04-25T01:59:48.000Z","volume":2000,"label":" ","price":18.5},{"type":"A","date":"2018-04-25T02:00:17.000Z","volume":2000,"label":" ","price":18.5},{"type":"A","date":"2018-04-25T02:00:25.000Z","volume":1000,"label":" ","price":18.5},{"type":"A","date":"2018-04-25T02:00:45.000Z","volume":13000,"label":" ","price":18.5},{"type":"B","date":"2018-04-25T02:00:58.000Z","volume":1000,"label":" ","price":18.48},{"type":"A","date":"2018-04-25T02:01:05.000Z","volume":1000,"label":" ","price":18.52},{"type":"A","date":"2018-04-25T02:01:07.000Z","volume":27000,"label":" ","price":18.52},{"type":"A","date":"2018-04-25T02:01:23.000Z","volume":11000,"label":"Y","price":18.56},{"type":"A","date":"2018-04-25T02:01:23.000Z","volume":2000,"label":" ","price":18.56},{"type":"A","date":"2018-04-25T02:01:24.000Z","volume":4000,"label":" ","price":18.56},{"type":"A","date":"2018-04-25T02:01:25.000Z","volume":5000,"label":" ","price":18.56},{"type":"A","date":"2018-04-25T02:01:29.000Z","volume":10000,"label":" ","price":18.58},{"type":"A","date":"2018-04-25T02:01:31.000Z","volume":4000,"label":" ","price":18.58},{"type":"A","date":"2018-04-25T02:01:40.000Z","volume":8000,"label":" ","price":18.58},{"type":"A","date":"2018-04-25T02:01:40.000Z","volume":16000,"label":" ","price":18.6},{"type":"A","date":"2018-04-25T02:01:46.000Z","volume":2000,"label":" ","price":18.58},{"type":"A","date":"2018-04-25T02:01:50.000Z","volume":8000,"label":" ","price":18.58},{"type":"A","date":"2018-04-25T02:01:50.000Z","volume":8000,"label":" ","price":18.6},{"type":"A","date":"2018-04-25T02:02:08.000Z","volume":6000,"label":" ","price":18.64},{"type":"A","date":"2018-04-25T02:02:24.000Z","volume":2000,"label":" ","price":18.64},{"type":"B","date":"2018-04-25T02:02:33.000Z","volume":1000,"label":"Y","price":18.6},{"type":"B","date":"2018-04-25T02:02:47.000Z","volume":4000,"label":" ","price":18.6},{"type":"A","date":"2018-04-25T02:02:50.000Z","volume":12000,"label":" ","price":18.64},{"type":"A","date":"2018-04-25T02:02:50.000Z","volume":2000,"label":" ","price":18.66},{"type":"A","date":"2018-04-25T02:02:50.000Z","volume":5000,"label":" ","price":18.68},{"type":"A","date":"2018-04-25T02:02:50.000Z","volume":2000,"label":"Y","price":18.7},{"type":"A","date":"2018-04-25T02:02:50.000Z","volume":10000,"label":" ","price":18.7},{"type":"A","date":"2018-04-25T02:02:50.000Z","volume":12000,"label":" ","price":18.74},{"type":"A","date":"2018-04-25T02:02:50.000Z","volume":4000,"label":" ","price":18.76},{"type":"A","date":"2018-04-25T02:02:50.000Z","volume":3000,"label":"Y","price":18.8},{"type":"A","date":"2018-04-25T02:02:50.000Z","volume":12000,"label":" ","price":18.8},{"type":"A","date":"2018-04-25T02:02:50.000Z","volume":105000,"label":" ","price":18.8},{"type":"B","date":"2018-04-25T02:03:14.000Z","volume":1000,"label":" ","price":18.6},{"type":"B","date":"2018-04-25T02:04:22.000Z","volume":1000,"label":" ","price":18.6},{"type":"B","date":"2018-04-25T02:05:11.000Z","volume":8000,"label":" ","price":18.62},{"type":"B","date":"2018-04-25T02:05:12.000Z","volume":5000,"label":" ","price":18.6},{"type":"B","date":"2018-04-25T02:05:13.000Z","volume":12000,"label":" ","price":18.6},{"type":"B","date":"2018-04-25T02:05:19.000Z","volume":1000,"label":" ","price":18.58},{"type":"B","date":"2018-04-25T02:05:19.000Z","volume":4000,"label":" ","price":18.56},{"type":"B","date":"2018-04-25T02:05:23.000Z","volume":1000,"label":" ","price":18.54},{"type":"B","date":"2018-04-25T02:05:23.000Z","volume":1000,"label":" ","price":18.48},{"type":"B","date":"2018-04-25T02:06:32.000Z","volume":1000,"label":" ","price":18.52},{"type":"B","date":"2018-04-25T02:09:08.000Z","volume":1000,"label":" ","price":18.54},{"type":"A","date":"2018-04-25T02:09:31.000Z","volume":6000,"label":" ","price":18.58},{"type":"B","date":"2018-04-25T02:09:31.000Z","volume":1000,"label":" ","price":18.54},{"type":"A","date":"2018-04-25T02:09:57.000Z","volume":14000,"label":" ","price":18.58},{"type":"A","date":"2018-04-25T02:09:57.000Z","volume":4000,"label":" ","price":18.6},{"type":"B","date":"2018-04-25T02:10:15.000Z","volume":3000,"label":" ","price":18.58},{"type":"B","date":"2018-04-25T02:10:34.000Z","volume":3000,"label":" ","price":18.56},{"type":"B","date":"2018-04-25T02:10:38.000Z","volume":2000,"label":" ","price":18.56},{"type":"B","date":"2018-04-25T02:10:41.000Z","volume":4000,"label":" ","price":18.54},{"type":"B","date":"2018-04-25T02:10:41.000Z","volume":2000,"label":" ","price":18.54},{"type":"B","date":"2018-04-25T02:10:50.000Z","volume":5000,"label":" ","price":18.52},{"type":"B","date":"2018-04-25T02:11:00.000Z","volume":1000,"label":" ","price":18.52},{"type":"B","date":"2018-04-25T02:11:22.000Z","volume":1000,"label":" ","price":18.52},{"type":"A","date":"2018-04-25T02:11:25.000Z","volume":6000,"label":" ","price":18.54},{"type":"B","date":"2018-04-25T02:11:47.000Z","volume":2000,"label":" ","price":18.52},{"type":"B","date":"2018-04-25T02:12:24.000Z","volume":4000,"label":" ","price":18.5},{"type":"B","date":"2018-04-25T02:13:08.000Z","volume":1000,"label":" ","price":18.48},{"type":"A","date":"2018-04-25T02:13:09.000Z","volume":1000,"label":" ","price":18.52},{"type":"B","date":"2018-04-25T02:13:13.000Z","volume":1000,"label":" ","price":18.48},{"type":"A","date":"2018-04-25T02:13:42.000Z","volume":2000,"label":" ","price":18.48},{"type":"B","date":"2018-04-25T02:14:11.000Z","volume":4000,"label":" ","price":18.46},{"type":"B","date":"2018-04-25T02:14:29.000Z","volume":1000,"label":" ","price":18.44},{"type":"B","date":"2018-04-25T02:14:50.000Z","volume":4000,"label":" ","price":18.44},{"type":"B","date":"2018-04-25T02:15:37.000Z","volume":2000,"label":" ","price":18.42},{"type":"B","date":"2018-04-25T02:17:21.000Z","volume":2000,"label":" ","price":18.44},{"type":"A","date":"2018-04-25T02:17:31.000Z","volume":4000,"label":" ","price":18.46},{"type":"A","date":"2018-04-25T02:17:31.000Z","volume":11000,"label":" ","price":18.46},{"type":"A","date":"2018-04-25T02:17:31.000Z","volume":13000,"label":" ","price":18.46},{"type":"A","date":"2018-04-25T02:17:31.000Z","volume":5000,"label":" ","price":18.48},{"type":"A","date":"2018-04-25T02:17:31.000Z","volume":4000,"label":" ","price":18.48},{"type":"A","date":"2018-04-25T02:17:36.000Z","volume":2000,"label":" ","price":18.48},{"type":"A","date":"2018-04-25T02:18:32.000Z","volume":33000,"label":" ","price":18.5},{"type":"A","date":"2018-04-25T02:18:36.000Z","volume":4000,"label":" ","price":18.52},{"type":"A","date":"2018-04-25T02:18:36.000Z","volume":6000,"label":" ","price":18.54},{"type":"B","date":"2018-04-25T02:20:40.000Z","volume":2000,"label":" ","price":18.52},{"type":"U","date":"2018-04-25T02:21:13.000Z","volume":2000,"label":" ","price":18.54},{"type":"A","date":"2018-04-25T02:21:43.000Z","volume":21000,"label":" ","price":18.56},{"type":"A","date":"2018-04-25T02:21:43.000Z","volume":4000,"label":" ","price":18.56},{"type":"B","date":"2018-04-25T02:21:43.000Z","volume":1000,"label":" ","price":18.54},{"type":"B","date":"2018-04-25T02:22:00.000Z","volume":1000,"label":" ","price":18.54},{"type":"A","date":"2018-04-25T02:22:04.000Z","volume":1000,"label":" ","price":18.54},{"type":"A","date":"2018-04-25T02:22:04.000Z","volume":8000,"label":" ","price":18.54},{"type":"A","date":"2018-04-25T02:22:27.000Z","volume":8000,"label":" ","price":18.58},{"type":"A","date":"2018-04-25T02:22:54.000Z","volume":17000,"label":" ","price":18.6},{"type":"A","date":"2018-04-25T02:23:06.000Z","volume":1000,"label":" ","price":18.6},{"type":"A","date":"2018-04-25T02:23:07.000Z","volume":5000,"label":" ","price":18.6},{"type":"B","date":"2018-04-25T02:23:31.000Z","volume":7000,"label":" ","price":18.56},{"type":"B","date":"2018-04-25T02:23:33.000Z","volume":5000,"label":" ","price":18.54},{"type":"B","date":"2018-04-25T02:23:33.000Z","volume":13000,"label":" ","price":18.54},{"type":"B","date":"2018-04-25T02:23:34.000Z","volume":1000,"label":" ","price":18.52},{"type":"B","date":"2018-04-25T02:23:39.000Z","volume":5000,"label":" ","price":18.52},{"type":"A","date":"2018-04-25T02:24:56.000Z","volume":15000,"label":" ","price":18.52},{"type":"B","date":"2018-04-25T02:27:18.000Z","volume":10000,"label":" ","price":18.5},{"type":"U","date":"2018-04-25T02:27:22.000Z","volume":1000,"label":" ","price":18.5},{"type":"B","date":"2018-04-25T02:27:23.000Z","volume":1000,"label":" ","price":18.48},{"type":"A","date":"2018-04-25T02:27:55.000Z","volume":13000,"label":" ","price":18.52},{"type":"B","date":"2018-04-25T02:27:57.000Z","volume":2000,"label":" ","price":18.52},{"type":"B","date":"2018-04-25T02:27:57.000Z","volume":2000,"label":" ","price":18.48},{"type":"A","date":"2018-04-25T02:28:01.000Z","volume":2000,"label":" ","price":18.48},{"type":"A","date":"2018-04-25T02:29:18.000Z","volume":14000,"label":" ","price":18.52},{"type":"A","date":"2018-04-25T02:29:38.000Z","volume":1000,"label":" ","price":18.54},{"type":"A","date":"2018-04-25T02:29:57.000Z","volume":1000,"label":" ","price":18.54},{"type":"A","date":"2018-04-25T02:29:58.000Z","volume":1000,"label":" ","price":18.54},{"type":"B","date":"2018-04-25T02:30:54.000Z","volume":1000,"label":" ","price":18.52},{"type":"B","date":"2018-04-25T02:31:22.000Z","volume":1000,"label":" ","price":18.52},{"type":"A","date":"2018-04-25T02:31:24.000Z","volume":15000,"label":" ","price":18.54},{"type":"A","date":"2018-04-25T02:31:24.000Z","volume":11000,"label":" ","price":18.56},{"type":"A","date":"2018-04-25T02:31:24.000Z","volume":9000,"label":" ","price":18.58},{"type":"B","date":"2018-04-25T02:31:26.000Z","volume":5000,"label":" ","price":18.58},{"type":"A","date":"2018-04-25T02:31:42.000Z","volume":20000,"label":" ","price":18.6},{"type":"A","date":"2018-04-25T02:31:46.000Z","volume":5000,"label":" ","price":18.6},{"type":"A","date":"2018-04-25T02:31:46.000Z","volume":5000,"label":" ","price":18.6},{"type":"A","date":"2018-04-25T02:32:15.000Z","volume":3000,"label":" ","price":18.6},{"type":"A","date":"2018-04-25T02:32:22.000Z","volume":10000,"label":" ","price":18.6},{"type":"A","date":"2018-04-25T02:32:27.000Z","volume":17000,"label":" ","price":18.6},{"type":"A","date":"2018-04-25T02:32:48.000Z","volume":10000,"label":" ","price":18.62},{"type":"A","date":"2018-04-25T02:32:48.000Z","volume":7000,"label":" ","price":18.62},{"type":"B","date":"2018-04-25T02:33:59.000Z","volume":7000,"label":" ","price":18.6},{"type":"B","date":"2018-04-25T02:34:18.000Z","volume":9000,"label":" ","price":18.58},{"type":"B","date":"2018-04-25T02:34:18.000Z","volume":59000,"label":" ","price":18.58},{"type":"B","date":"2018-04-25T02:34:19.000Z","volume":1000,"label":" ","price":18.56},{"type":"B","date":"2018-04-25T02:35:14.000Z","volume":3000,"label":" ","price":18.54},{"type":"B","date":"2018-04-25T02:35:17.000Z","volume":5000,"label":" ","price":18.52},{"type":"B","date":"2018-04-25T02:35:37.000Z","volume":4000,"label":" ","price":18.54},{"type":"B","date":"2018-04-25T02:35:37.000Z","volume":1000,"label":" ","price":18.52},{"type":"B","date":"2018-04-25T02:35:37.000Z","volume":10000,"label":" ","price":18.52},{"type":"B","date":"2018-04-25T02:35:37.000Z","volume":48000,"label":" ","price":18.52},{"type":"B","date":"2018-04-25T02:35:39.000Z","volume":3000,"label":" ","price":18.5},{"type":"B","date":"2018-04-25T02:36:23.000Z","volume":3000,"label":" ","price":18.48},{"type":"B","date":"2018-04-25T02:36:47.000Z","volume":1000,"label":" ","price":18.48},{"type":"B","date":"2018-04-25T02:36:47.000Z","volume":8000,"label":" ","price":18.48},{"type":"U","date":"2018-04-25T02:37:09.000Z","volume":10000,"label":" ","price":18.48},{"type":"U","date":"2018-04-25T02:37:09.000Z","volume":1000,"label":" ","price":18.48},{"type":"B","date":"2018-04-25T02:37:23.000Z","volume":1000,"label":" ","price":18.44},{"type":"A","date":"2018-04-25T02:37:34.000Z","volume":1000,"label":" ","price":18.48},{"type":"B","date":"2018-04-25T02:37:54.000Z","volume":1000,"label":" ","price":18.44},{"type":"B","date":"2018-04-25T02:38:03.000Z","volume":6000,"label":" ","price":18.44},{"type":"A","date":"2018-04-25T02:39:07.000Z","volume":14000,"label":" ","price":18.48},{"type":"B","date":"2018-04-25T02:40:02.000Z","volume":1000,"label":" ","price":18.44},{"type":"B","date":"2018-04-25T02:40:39.000Z","volume":2000,"label":" ","price":18.42},{"type":"B","date":"2018-04-25T02:40:39.000Z","volume":1000,"label":" ","price":18.42},{"type":"B","date":"2018-04-25T02:40:50.000Z","volume":10000,"label":" ","price":18.4},{"type":"B","date":"2018-04-25T02:41:01.000Z","volume":2000,"label":" ","price":18.44},{"type":"B","date":"2018-04-25T02:41:26.000Z","volume":1000,"label":" ","price":18.4},{"type":"B","date":"2018-04-25T02:41:26.000Z","volume":23000,"label":" ","price":18.38},{"type":"B","date":"2018-04-25T02:41:26.000Z","volume":7000,"label":" ","price":18.36},{"type":"A","date":"2018-04-25T02:41:30.000Z","volume":2000,"label":" ","price":18.36},{"type":"A","date":"2018-04-25T02:41:41.000Z","volume":18000,"label":" ","price":18.36},{"type":"A","date":"2018-04-25T02:41:41.000Z","volume":6000,"label":" ","price":18.38},{"type":"B","date":"2018-04-25T02:41:42.000Z","volume":1000,"label":" ","price":18.36},{"type":"A","date":"2018-04-25T02:41:49.000Z","volume":2000,"label":" ","price":18.38},{"type":"A","date":"2018-04-25T02:41:49.000Z","volume":7000,"label":"Y","price":18.38},{"type":"A","date":"2018-04-25T02:41:49.000Z","volume":5000,"label":" ","price":18.38},{"type":"A","date":"2018-04-25T02:43:07.000Z","volume":1000,"label":" ","price":18.38},{"type":"A","date":"2018-04-25T02:43:12.000Z","volume":6000,"label":" ","price":18.38},{"type":"B","date":"2018-04-25T02:43:13.000Z","volume":2000,"label":" ","price":18.36},{"type":"B","date":"2018-04-25T02:43:13.000Z","volume":10000,"label":" ","price":18.34},{"type":"B","date":"2018-04-25T02:43:25.000Z","volume":13000,"label":" ","price":18.32},{"type":"B","date":"2018-04-25T02:43:25.000Z","volume":13000,"label":" ","price":18.32},{"type":"A","date":"2018-04-25T02:43:30.000Z","volume":10000,"label":" ","price":18.34},{"type":"B","date":"2018-04-25T02:44:38.000Z","volume":1000,"label":" ","price":18.32},{"type":"B","date":"2018-04-25T02:44:59.000Z","volume":1000,"label":" ","price":18.32},{"type":"B","date":"2018-04-25T02:44:59.000Z","volume":1000,"label":" ","price":18.32},{"type":"B","date":"2018-04-25T02:45:47.000Z","volume":10000,"label":" ","price":18.3},{"type":"B","date":"2018-04-25T02:45:47.000Z","volume":41000,"label":" ","price":18.3},{"type":"B","date":"2018-04-25T02:45:49.000Z","volume":2000,"label":" ","price":18.28},{"type":"A","date":"2018-04-25T02:45:53.000Z","volume":4000,"label":" ","price":18.3},{"type":"B","date":"2018-04-25T02:46:05.000Z","volume":9000,"label":" ","price":18.28},{"type":"B","date":"2018-04-25T02:46:05.000Z","volume":7000,"label":" ","price":18.26},{"type":"B","date":"2018-04-25T02:46:12.000Z","volume":10000,"label":" ","price":18.26},{"type":"B","date":"2018-04-25T02:46:28.000Z","volume":8000,"label":" ","price":18.26},{"type":"B","date":"2018-04-25T02:46:29.000Z","volume":10000,"label":" ","price":18.24},{"type":"B","date":"2018-04-25T02:46:36.000Z","volume":3000,"label":" ","price":18.24},{"type":"B","date":"2018-04-25T02:46:37.000Z","volume":1000,"label":" ","price":18.22},{"type":"A","date":"2018-04-25T02:46:44.000Z","volume":3000,"label":"Y","price":18.26},{"type":"B","date":"2018-04-25T02:46:45.000Z","volume":1000,"label":" ","price":18.22},{"type":"A","date":"2018-04-25T02:46:47.000Z","volume":5000,"label":" ","price":18.26},{"type":"B","date":"2018-04-25T02:46:52.000Z","volume":1000,"label":" ","price":18.22},{"type":"B","date":"2018-04-25T02:46:57.000Z","volume":3000,"label":" ","price":18.22},{"type":"B","date":"2018-04-25T02:46:57.000Z","volume":12000,"label":"Y","price":18.2},{"type":"B","date":"2018-04-25T02:46:57.000Z","volume":62000,"label":" ","price":18.2},{"type":"B","date":"2018-04-25T02:46:57.000Z","volume":1000,"label":" ","price":18.18},{"type":"A","date":"2018-04-25T02:47:03.000Z","volume":1000,"label":" ","price":18.2},{"type":"A","date":"2018-04-25T02:47:06.000Z","volume":2000,"label":" ","price":18.2},{"type":"A","date":"2018-04-25T02:47:11.000Z","volume":64000,"label":" ","price":18.2},{"type":"A","date":"2018-04-25T02:47:21.000Z","volume":2000,"label":" ","price":18.22},{"type":"B","date":"2018-04-25T02:47:25.000Z","volume":1000,"label":" ","price":18.2},{"type":"B","date":"2018-04-25T02:47:27.000Z","volume":2000,"label":" ","price":18.2},{"type":"A","date":"2018-04-25T02:47:29.000Z","volume":24000,"label":" ","price":18.22},{"type":"A","date":"2018-04-25T02:47:30.000Z","volume":5000,"label":" ","price":18.22},{"type":"B","date":"2018-04-25T02:47:30.000Z","volume":2000,"label":" ","price":18.2},{"type":"A","date":"2018-04-25T02:47:38.000Z","volume":1000,"label":" ","price":18.22},{"type":"B","date":"2018-04-25T02:47:41.000Z","volume":2000,"label":" ","price":18.2},{"type":"A","date":"2018-04-25T02:47:42.000Z","volume":2000,"label":" ","price":18.22},{"type":"A","date":"2018-04-25T02:47:46.000Z","volume":10000,"label":" ","price":18.24},{"type":"A","date":"2018-04-25T02:47:46.000Z","volume":7000,"label":" ","price":18.24},{"type":"B","date":"2018-04-25T02:47:57.000Z","volume":1000,"label":" ","price":18.22},{"type":"B","date":"2018-04-25T02:48:26.000Z","volume":9000,"label":" ","price":18.22},{"type":"B","date":"2018-04-25T02:48:26.000Z","volume":14000,"label":" ","price":18.2},{"type":"B","date":"2018-04-25T02:48:26.000Z","volume":2000,"label":" ","price":18.18},{"type":"B","date":"2018-04-25T02:48:26.000Z","volume":19000,"label":" ","price":18.18},{"type":"A","date":"2018-04-25T02:48:26.000Z","volume":19000,"label":" ","price":18.2},{"type":"B","date":"2018-04-25T02:48:27.000Z","volume":4000,"label":" ","price":18.18},{"type":"A","date":"2018-04-25T02:48:30.000Z","volume":1000,"label":" ","price":18.2},{"type":"A","date":"2018-04-25T02:48:30.000Z","volume":1000,"label":" ","price":18.22},{"type":"A","date":"2018-04-25T02:49:08.000Z","volume":1000,"label":" ","price":18.24},{"type":"A","date":"2018-04-25T02:49:10.000Z","volume":13000,"label":" ","price":18.26},{"type":"A","date":"2018-04-25T02:49:39.000Z","volume":9000,"label":" ","price":18.26},{"type":"B","date":"2018-04-25T02:49:41.000Z","volume":1000,"label":" ","price":18.26},{"type":"B","date":"2018-04-25T02:49:41.000Z","volume":2000,"label":" ","price":18.22},{"type":"B","date":"2018-04-25T02:50:01.000Z","volume":1000,"label":"Y","price":18.22},{"type":"B","date":"2018-04-25T02:50:27.000Z","volume":1000,"label":" ","price":18.22},{"type":"B","date":"2018-04-25T02:50:40.000Z","volume":2000,"label":" ","price":18.24},{"type":"B","date":"2018-04-25T02:50:51.000Z","volume":1000,"label":" ","price":18.24},{"type":"A","date":"2018-04-25T02:51:04.000Z","volume":10000,"label":" ","price":18.26},{"type":"A","date":"2018-04-25T02:51:05.000Z","volume":3000,"label":" ","price":18.26},{"type":"B","date":"2018-04-25T02:51:48.000Z","volume":3000,"label":" ","price":18.24},{"type":"B","date":"2018-04-25T02:51:53.000Z","volume":1000,"label":" ","price":18.24},{"type":"A","date":"2018-04-25T02:51:53.000Z","volume":1000,"label":" ","price":18.26},{"type":"A","date":"2018-04-25T02:51:55.000Z","volume":1000,"label":" ","price":18.26},{"type":"B","date":"2018-04-25T02:51:58.000Z","volume":2000,"label":" ","price":18.22},{"type":"B","date":"2018-04-25T02:51:58.000Z","volume":11000,"label":" ","price":18.2},{"type":"B","date":"2018-04-25T02:51:59.000Z","volume":1000,"label":" ","price":18.2},{"type":"B","date":"2018-04-25T02:52:10.000Z","volume":5000,"label":" ","price":18.2},{"type":"B","date":"2018-04-25T02:52:20.000Z","volume":1000,"label":" ","price":18.18},{"type":"B","date":"2018-04-25T02:52:26.000Z","volume":1000,"label":" ","price":18.18},{"type":"A","date":"2018-04-25T02:52:35.000Z","volume":6000,"label":" ","price":18.18},{"type":"B","date":"2018-04-25T02:52:36.000Z","volume":4000,"label":" ","price":18.18},{"type":"B","date":"2018-04-25T02:52:36.000Z","volume":1000,"label":" ","price":18.16},{"type":"B","date":"2018-04-25T02:52:41.000Z","volume":2000,"label":"Y","price":18.16},{"type":"B","date":"2018-04-25T02:52:41.000Z","volume":2000,"label":" ","price":18.16},{"type":"A","date":"2018-04-25T02:52:59.000Z","volume":1000,"label":" ","price":18.16},{"type":"A","date":"2018-04-25T02:52:59.000Z","volume":2000,"label":" ","price":18.16},{"type":"B","date":"2018-04-25T02:53:05.000Z","volume":1000,"label":" ","price":18.14},{"type":"A","date":"2018-04-25T02:53:12.000Z","volume":1000,"label":" ","price":18.16},{"type":"A","date":"2018-04-25T02:53:12.000Z","volume":4000,"label":" ","price":18.18},{"type":"A","date":"2018-04-25T02:53:12.000Z","volume":13000,"label":" ","price":18.18},{"type":"B","date":"2018-04-25T02:53:12.000Z","volume":4000,"label":" ","price":18.16},{"type":"B","date":"2018-04-25T02:53:12.000Z","volume":2000,"label":" ","price":18.16},{"type":"B","date":"2018-04-25T02:53:13.000Z","volume":2000,"label":" ","price":18.16},{"type":"B","date":"2018-04-25T02:53:30.000Z","volume":4000,"label":" ","price":18.16},{"type":"A","date":"2018-04-25T02:53:35.000Z","volume":6000,"label":" ","price":18.16},{"type":"B","date":"2018-04-25T02:53:40.000Z","volume":5000,"label":" ","price":18.16},{"type":"B","date":"2018-04-25T02:53:40.000Z","volume":3000,"label":" ","price":18.14},{"type":"B","date":"2018-04-25T02:53:40.000Z","volume":19000,"label":" ","price":18.12},{"type":"B","date":"2018-04-25T02:53:40.000Z","volume":2000,"label":"Y","price":18.1},{"type":"B","date":"2018-04-25T02:53:40.000Z","volume":66000,"label":" ","price":18.1},{"type":"B","date":"2018-04-25T02:53:40.000Z","volume":2000,"label":"Y","price":18.08},{"type":"B","date":"2018-04-25T02:53:40.000Z","volume":9000,"label":" ","price":18.08},{"type":"B","date":"2018-04-25T02:53:40.000Z","volume":5000,"label":" ","price":18.06},{"type":"B","date":"2018-04-25T02:53:40.000Z","volume":6000,"label":" ","price":18.04},{"type":"B","date":"2018-04-25T02:53:40.000Z","volume":50000,"label":" ","price":18.02},{"type":"B","date":"2018-04-25T02:53:41.000Z","volume":5000,"label":" ","price":18.1},{"type":"U","date":"2018-04-25T02:53:52.000Z","volume":10000,"label":" ","price":18.08},{"type":"A","date":"2018-04-25T02:53:59.000Z","volume":3000,"label":" ","price":18.08},{"type":"A","date":"2018-04-25T02:54:05.000Z","volume":13000,"label":" ","price":18.08},{"type":"A","date":"2018-04-25T02:54:05.000Z","volume":40000,"label":" ","price":18.1},{"type":"B","date":"2018-04-25T02:54:06.000Z","volume":6000,"label":" ","price":18.08},{"type":"B","date":"2018-04-25T02:54:06.000Z","volume":7000,"label":" ","price":18.04},{"type":"A","date":"2018-04-25T02:54:07.000Z","volume":3000,"label":" ","price":18.1},{"type":"A","date":"2018-04-25T02:54:09.000Z","volume":20000,"label":" ","price":18.12},{"type":"B","date":"2018-04-25T02:54:16.000Z","volume":4000,"label":" ","price":18.1},{"type":"B","date":"2018-04-25T02:54:16.000Z","volume":3000,"label":" ","price":18.1},{"type":"B","date":"2018-04-25T02:54:16.000Z","volume":4000,"label":" ","price":18.1},{"type":"B","date":"2018-04-25T02:54:16.000Z","volume":4000,"label":" ","price":18.1},{"type":"B","date":"2018-04-25T02:54:17.000Z","volume":3000,"label":" ","price":18.1},{"type":"B","date":"2018-04-25T02:54:27.000Z","volume":6000,"label":" ","price":18.08},{"type":"B","date":"2018-04-25T02:54:40.000Z","volume":10000,"label":" ","price":18.08},{"type":"B","date":"2018-04-25T02:54:43.000Z","volume":5000,"label":" ","price":18.08},{"type":"B","date":"2018-04-25T02:54:56.000Z","volume":10000,"label":" ","price":18.08},{"type":"U","date":"2018-04-25T02:54:56.000Z","volume":32000,"label":" ","price":18.08},{"type":"U","date":"2018-04-25T02:54:56.000Z","volume":1000,"label":" ","price":18.08},{"type":"U","date":"2018-04-25T02:54:56.000Z","volume":26000,"label":" ","price":18.08},{"type":"A","date":"2018-04-25T02:54:57.000Z","volume":1000,"label":" ","price":18.18},{"type":"B","date":"2018-04-25T02:55:31.000Z","volume":8000,"label":" ","price":18.1},{"type":"A","date":"2018-04-25T02:55:43.000Z","volume":10000,"label":" ","price":18.1},{"type":"B","date":"2018-04-25T02:55:51.000Z","volume":10000,"label":" ","price":18.08},{"type":"A","date":"2018-04-25T02:55:51.000Z","volume":5000,"label":" ","price":18.08},{"type":"A","date":"2018-04-25T02:56:02.000Z","volume":2000,"label":" ","price":18.08},{"type":"A","date":"2018-04-25T02:56:33.000Z","volume":1000,"label":" ","price":18.08},{"type":"B","date":"2018-04-25T02:56:36.000Z","volume":10000,"label":" ","price":18.06},{"type":"B","date":"2018-04-25T02:56:37.000Z","volume":1000,"label":" ","price":18.06},{"type":"A","date":"2018-04-25T02:56:48.000Z","volume":2000,"label":" ","price":18.06},{"type":"B","date":"2018-04-25T02:56:55.000Z","volume":11000,"label":" ","price":18.04},{"type":"B","date":"2018-04-25T02:56:55.000Z","volume":10000,"label":"Y","price":18.02},{"type":"B","date":"2018-04-25T02:56:55.000Z","volume":89000,"label":" ","price":18.02},{"type":"B","date":"2018-04-25T02:56:55.000Z","volume":5000,"label":"Y","price":18},{"type":"B","date":"2018-04-25T02:56:55.000Z","volume":46000,"label":" ","price":18},{"type":"U","date":"2018-04-25T02:57:00.000Z","volume":2000,"label":" ","price":18.02},{"type":"A","date":"2018-04-25T02:57:00.000Z","volume":1000,"label":" ","price":18.04},{"type":"B","date":"2018-04-25T02:57:00.000Z","volume":5000,"label":" ","price":18},{"type":"B","date":"2018-04-25T02:57:01.000Z","volume":5000,"label":" ","price":18},{"type":"B","date":"2018-04-25T02:57:08.000Z","volume":5000,"label":" ","price":18},{"type":"B","date":"2018-04-25T02:57:08.000Z","volume":53000,"label":" ","price":18},{"type":"B","date":"2018-04-25T02:57:08.000Z","volume":29000,"label":" ","price":18},{"type":"B","date":"2018-04-25T02:57:11.000Z","volume":23000,"label":" ","price":18},{"type":"B","date":"2018-04-25T02:57:22.000Z","volume":7000,"label":" ","price":18},{"type":"B","date":"2018-04-25T02:57:28.000Z","volume":6000,"label":" ","price":17.98},{"type":"B","date":"2018-04-25T02:57:28.000Z","volume":103000,"label":" ","price":17.98},{"type":"B","date":"2018-04-25T02:57:31.000Z","volume":1000,"label":" ","price":17.96},{"type":"B","date":"2018-04-25T02:57:32.000Z","volume":10000,"label":" ","price":17.96},{"type":"B","date":"2018-04-25T02:57:37.000Z","volume":10000,"label":" ","price":17.96},{"type":"B","date":"2018-04-25T02:57:37.000Z","volume":1000,"label":" ","price":17.96},{"type":"B","date":"2018-04-25T02:57:41.000Z","volume":10000,"label":" ","price":17.96},{"type":"B","date":"2018-04-25T02:57:43.000Z","volume":10000,"label":" ","price":17.98},{"type":"B","date":"2018-04-25T02:57:44.000Z","volume":4000,"label":" ","price":17.98},{"type":"B","date":"2018-04-25T02:57:44.000Z","volume":128000,"label":" ","price":17.96},{"type":"B","date":"2018-04-25T02:57:47.000Z","volume":2000,"label":" ","price":17.96},{"type":"B","date":"2018-04-25T02:57:47.000Z","volume":3000,"label":" ","price":17.96},{"type":"A","date":"2018-04-25T02:57:47.000Z","volume":2000,"label":" ","price":17.98},{"type":"B","date":"2018-04-25T02:57:49.000Z","volume":1000,"label":" ","price":17.96},{"type":"A","date":"2018-04-25T02:57:50.000Z","volume":11000,"label":" ","price":17.98},{"type":"B","date":"2018-04-25T02:57:53.000Z","volume":1000,"label":" ","price":17.96},{"type":"A","date":"2018-04-25T02:57:55.000Z","volume":1000,"label":" ","price":17.98},{"type":"B","date":"2018-04-25T02:57:59.000Z","volume":2000,"label":" ","price":17.96},{"type":"B","date":"2018-04-25T02:58:00.000Z","volume":32000,"label":" ","price":17.96},{"type":"A","date":"2018-04-25T02:58:02.000Z","volume":1000,"label":" ","price":17.96},{"type":"B","date":"2018-04-25T02:58:02.000Z","volume":1000,"label":" ","price":17.94},{"type":"A","date":"2018-04-25T02:58:15.000Z","volume":5000,"label":" ","price":17.96},{"type":"B","date":"2018-04-25T02:58:15.000Z","volume":3000,"label":" ","price":17.94},{"type":"B","date":"2018-04-25T02:58:18.000Z","volume":1000,"label":" ","price":17.94},{"type":"B","date":"2018-04-25T02:58:42.000Z","volume":20000,"label":" ","price":17.94},{"type":"B","date":"2018-04-25T02:58:45.000Z","volume":5000,"label":" ","price":17.96},{"type":"A","date":"2018-04-25T02:58:48.000Z","volume":1000,"label":" ","price":17.96},{"type":"B","date":"2018-04-25T02:58:52.000Z","volume":5000,"label":" ","price":17.94},{"type":"B","date":"2018-04-25T02:58:59.000Z","volume":6000,"label":" ","price":17.94},{"type":"A","date":"2018-04-25T02:59:01.000Z","volume":2000,"label":" ","price":17.96},{"type":"B","date":"2018-04-25T02:59:08.000Z","volume":3000,"label":"Y","price":17.94},{"type":"B","date":"2018-04-25T02:59:08.000Z","volume":85000,"label":" ","price":17.94},{"type":"A","date":"2018-04-25T02:59:15.000Z","volume":5000,"label":" ","price":17.94},{"type":"A","date":"2018-04-25T02:59:15.000Z","volume":4000,"label":" ","price":17.96},{"type":"B","date":"2018-04-25T02:59:19.000Z","volume":1000,"label":" ","price":17.92},{"type":"B","date":"2018-04-25T02:59:19.000Z","volume":3000,"label":" ","price":17.92},{"type":"B","date":"2018-04-25T02:59:36.000Z","volume":4000,"label":" ","price":17.94},{"type":"B","date":"2018-04-25T02:59:47.000Z","volume":1000,"label":" ","price":17.94},{"type":"B","date":"2018-04-25T02:59:48.000Z","volume":50000,"label":" ","price":17.92},{"type":"A","date":"2018-04-25T02:59:57.000Z","volume":1000,"label":" ","price":17.94},{"type":"A","date":"2018-04-25T02:59:59.000Z","volume":1000,"label":"Y","price":17.94},{"type":"B","date":"2018-04-25T03:00:02.000Z","volume":1000,"label":" ","price":17.92},{"type":"B","date":"2018-04-25T03:00:22.000Z","volume":1000,"label":"Y","price":17.94},{"type":"A","date":"2018-04-25T03:00:23.000Z","volume":1000,"label":" ","price":17.96},{"type":"B","date":"2018-04-25T03:00:37.000Z","volume":1000,"label":"Y","price":17.94},{"type":"A","date":"2018-04-25T03:00:42.000Z","volume":1000,"label":" ","price":17.96},{"type":"A","date":"2018-04-25T03:00:42.000Z","volume":28000,"label":" ","price":17.96},{"type":"A","date":"2018-04-25T03:00:46.000Z","volume":20000,"label":" ","price":17.98},{"type":"B","date":"2018-04-25T03:00:48.000Z","volume":5000,"label":" ","price":17.96},{"type":"A","date":"2018-04-25T03:00:50.000Z","volume":10000,"label":" ","price":18},{"type":"A","date":"2018-04-25T03:00:50.000Z","volume":19000,"label":" ","price":18},{"type":"B","date":"2018-04-25T03:00:52.000Z","volume":1000,"label":" ","price":18},{"type":"A","date":"2018-04-25T03:00:53.000Z","volume":10000,"label":" ","price":18.04},{"type":"A","date":"2018-04-25T03:00:56.000Z","volume":4000,"label":" ","price":18.06},{"type":"U","date":"2018-04-25T03:00:58.000Z","volume":2000,"label":" ","price":18.04},{"type":"A","date":"2018-04-25T03:01:00.000Z","volume":3000,"label":" ","price":18.06},{"type":"B","date":"2018-04-25T03:01:00.000Z","volume":5000,"label":" ","price":18},{"type":"B","date":"2018-04-25T03:01:09.000Z","volume":5000,"label":" ","price":18},{"type":"B","date":"2018-04-25T03:01:12.000Z","volume":1000,"label":" ","price":18},{"type":"B","date":"2018-04-25T03:01:28.000Z","volume":1000,"label":" ","price":18},{"type":"B","date":"2018-04-25T03:01:42.000Z","volume":1000,"label":" ","price":18.02},{"type":"B","date":"2018-04-25T03:01:44.000Z","volume":3000,"label":" ","price":18.02},{"type":"B","date":"2018-04-25T03:01:44.000Z","volume":10000,"label":" ","price":18.02},{"type":"U","date":"2018-04-25T03:01:58.000Z","volume":1000,"label":" ","price":18.04},{"type":"B","date":"2018-04-25T03:02:01.000Z","volume":26000,"label":" ","price":18},{"type":"U","date":"2018-04-25T03:02:03.000Z","volume":1000,"label":" ","price":18},{"type":"B","date":"2018-04-25T03:02:09.000Z","volume":5000,"label":" ","price":17.98},{"type":"B","date":"2018-04-25T03:02:18.000Z","volume":1000,"label":" ","price":17.96},{"type":"B","date":"2018-04-25T03:02:33.000Z","volume":1000,"label":" ","price":17.96},{"type":"B","date":"2018-04-25T03:02:38.000Z","volume":1000,"label":" ","price":17.96},{"type":"A","date":"2018-04-25T03:02:41.000Z","volume":5000,"label":" ","price":17.96},{"type":"A","date":"2018-04-25T03:02:41.000Z","volume":2000,"label":" ","price":17.98},{"type":"B","date":"2018-04-25T03:02:48.000Z","volume":1000,"label":" ","price":17.96},{"type":"B","date":"2018-04-25T03:03:08.000Z","volume":1000,"label":" ","price":17.96},{"type":"B","date":"2018-04-25T03:03:16.000Z","volume":3000,"label":" ","price":17.96},{"type":"B","date":"2018-04-25T03:03:16.000Z","volume":1000,"label":" ","price":17.96},{"type":"A","date":"2018-04-25T03:03:18.000Z","volume":1000,"label":" ","price":17.96},{"type":"B","date":"2018-04-25T03:03:24.000Z","volume":1000,"label":" ","price":17.94},{"type":"B","date":"2018-04-25T03:03:39.000Z","volume":1000,"label":" ","price":17.94},{"type":"B","date":"2018-04-25T03:03:50.000Z","volume":2000,"label":" ","price":17.96},{"type":"B","date":"2018-04-25T03:03:57.000Z","volume":4000,"label":" ","price":17.96},{"type":"A","date":"2018-04-25T03:04:02.000Z","volume":1000,"label":" ","price":17.96},{"type":"B","date":"2018-04-25T03:04:14.000Z","volume":1000,"label":" ","price":17.94},{"type":"B","date":"2018-04-25T03:04:24.000Z","volume":8000,"label":" ","price":17.94},{"type":"B","date":"2018-04-25T03:04:29.000Z","volume":1000,"label":" ","price":17.94},{"type":"B","date":"2018-04-25T03:04:37.000Z","volume":1000,"label":" ","price":17.94},{"type":"B","date":"2018-04-25T03:04:49.000Z","volume":1000,"label":" ","price":17.94},{"type":"B","date":"2018-04-25T03:05:04.000Z","volume":1000,"label":" ","price":17.94},{"type":"B","date":"2018-04-25T03:05:18.000Z","volume":1000,"label":" ","price":17.94},{"type":"B","date":"2018-04-25T03:05:18.000Z","volume":9000,"label":" ","price":17.94},{"type":"A","date":"2018-04-25T03:05:19.000Z","volume":4000,"label":" ","price":17.96},{"type":"A","date":"2018-04-25T03:05:27.000Z","volume":7000,"label":" ","price":17.94},{"type":"A","date":"2018-04-25T03:05:27.000Z","volume":16000,"label":" ","price":17.96},{"type":"B","date":"2018-04-25T03:05:34.000Z","volume":1000,"label":" ","price":17.94},{"type":"A","date":"2018-04-25T03:05:48.000Z","volume":1000,"label":" ","price":17.96},{"type":"A","date":"2018-04-25T03:05:48.000Z","volume":32000,"label":" ","price":17.98},{"type":"A","date":"2018-04-25T03:05:48.000Z","volume":1000,"label":"Y","price":18},{"type":"A","date":"2018-04-25T03:05:48.000Z","volume":4000,"label":" ","price":18},{"type":"A","date":"2018-04-25T03:05:48.000Z","volume":1000,"label":" ","price":18},{"type":"B","date":"2018-04-25T03:05:54.000Z","volume":1000,"label":" ","price":17.98},{"type":"B","date":"2018-04-25T03:05:56.000Z","volume":4000,"label":" ","price":17.98},{"type":"B","date":"2018-04-25T03:06:09.000Z","volume":1000,"label":" ","price":17.98},{"type":"B","date":"2018-04-25T03:06:24.000Z","volume":1000,"label":" ","price":18},{"type":"B","date":"2018-04-25T03:06:29.000Z","volume":6000,"label":" ","price":18.02},{"type":"B","date":"2018-04-25T03:06:29.000Z","volume":10000,"label":" ","price":18},{"type":"B","date":"2018-04-25T03:06:44.000Z","volume":1000,"label":" ","price":18.02},{"type":"A","date":"2018-04-25T03:06:50.000Z","volume":1000,"label":" ","price":18.06},{"type":"U","date":"2018-04-25T03:06:55.000Z","volume":5000,"label":" ","price":18.02},{"type":"B","date":"2018-04-25T03:06:59.000Z","volume":1000,"label":" ","price":18},{"type":"A","date":"2018-04-25T03:07:09.000Z","volume":6000,"label":" ","price":18.06},{"type":"A","date":"2018-04-25T03:07:11.000Z","volume":1000,"label":" ","price":18.08},{"type":"B","date":"2018-04-25T03:07:11.000Z","volume":4000,"label":" ","price":18.06},{"type":"A","date":"2018-04-25T03:07:13.000Z","volume":2000,"label":" ","price":18.08},{"type":"B","date":"2018-04-25T03:07:14.000Z","volume":1000,"label":" ","price":18.06},{"type":"B","date":"2018-04-25T03:07:18.000Z","volume":1000,"label":" ","price":18.06},{"type":"B","date":"2018-04-25T03:07:28.000Z","volume":5000,"label":" ","price":18.06},{"type":"B","date":"2018-04-25T03:07:28.000Z","volume":4000,"label":" ","price":18.06},{"type":"A","date":"2018-04-25T03:07:33.000Z","volume":5000,"label":" ","price":18.08},{"type":"B","date":"2018-04-25T03:07:34.000Z","volume":1000,"label":" ","price":18.06},{"type":"A","date":"2018-04-25T03:07:36.000Z","volume":1000,"label":" ","price":18.08},{"type":"A","date":"2018-04-25T03:07:39.000Z","volume":2000,"label":" ","price":18.08},{"type":"A","date":"2018-04-25T03:07:39.000Z","volume":4000,"label":" ","price":18.08},{"type":"A","date":"2018-04-25T03:07:39.000Z","volume":5000,"label":" ","price":18.08},{"type":"B","date":"2018-04-25T03:07:49.000Z","volume":1000,"label":" ","price":18.08},{"type":"A","date":"2018-04-25T03:08:03.000Z","volume":4000,"label":" ","price":18.1},{"type":"B","date":"2018-04-25T03:08:04.000Z","volume":1000,"label":" ","price":18.1},{"type":"A","date":"2018-04-25T03:08:11.000Z","volume":2000,"label":" ","price":18.12},{"type":"B","date":"2018-04-25T03:08:14.000Z","volume":5000,"label":" ","price":18.1},{"type":"A","date":"2018-04-25T03:08:18.000Z","volume":5000,"label":" ","price":18.12},{"type":"B","date":"2018-04-25T03:08:25.000Z","volume":15000,"label":" ","price":18.12},{"type":"A","date":"2018-04-25T03:08:28.000Z","volume":1000,"label":" ","price":18.12},{"type":"B","date":"2018-04-25T03:08:34.000Z","volume":2000,"label":" ","price":18.1},{"type":"A","date":"2018-04-25T03:09:12.000Z","volume":8000,"label":" ","price":18.1},{"type":"A","date":"2018-04-25T03:09:12.000Z","volume":2000,"label":" ","price":18.12},{"type":"A","date":"2018-04-25T03:09:29.000Z","volume":2000,"label":" ","price":18.1},{"type":"A","date":"2018-04-25T03:09:29.000Z","volume":1000,"label":" ","price":18.1},{"type":"B","date":"2018-04-25T03:09:46.000Z","volume":1000,"label":" ","price":18.1},{"type":"B","date":"2018-04-25T03:09:56.000Z","volume":1000,"label":" ","price":18.08},{"type":"B","date":"2018-04-25T03:09:56.000Z","volume":3000,"label":" ","price":18.08},{"type":"A","date":"2018-04-25T03:10:04.000Z","volume":3000,"label":" ","price":18.08},{"type":"A","date":"2018-04-25T03:10:19.000Z","volume":10000,"label":" ","price":18.08},{"type":"B","date":"2018-04-25T03:10:21.000Z","volume":1000,"label":"Y","price":18.08},{"type":"B","date":"2018-04-25T03:10:36.000Z","volume":1000,"label":"Y","price":18.08},{"type":"B","date":"2018-04-25T03:10:49.000Z","volume":2000,"label":" ","price":18.08},{"type":"B","date":"2018-04-25T03:11:11.000Z","volume":1000,"label":" ","price":18.06},{"type":"B","date":"2018-04-25T03:11:11.000Z","volume":14000,"label":" ","price":18.06},{"type":"B","date":"2018-04-25T03:11:15.000Z","volume":10000,"label":" ","price":18.04},{"type":"B","date":"2018-04-25T03:11:26.000Z","volume":1000,"label":"Y","price":18.02},{"type":"A","date":"2018-04-25T03:11:40.000Z","volume":2000,"label":" ","price":18.06},{"type":"B","date":"2018-04-25T03:11:41.000Z","volume":1000,"label":" ","price":18.02},{"type":"A","date":"2018-04-25T03:11:45.000Z","volume":3000,"label":"Y","price":18.06},{"type":"A","date":"2018-04-25T03:11:45.000Z","volume":15000,"label":" ","price":18.06},{"type":"A","date":"2018-04-25T03:11:45.000Z","volume":5000,"label":" ","price":18.06},{"type":"A","date":"2018-04-25T03:11:45.000Z","volume":7000,"label":" ","price":18.06},{"type":"B","date":"2018-04-25T03:11:48.000Z","volume":7000,"label":" ","price":18.02},{"type":"U","date":"2018-04-25T03:11:58.000Z","volume":5000,"label":" ","price":18.04},{"type":"B","date":"2018-04-25T03:12:01.000Z","volume":1000,"label":" ","price":18.02},{"type":"B","date":"2018-04-25T03:12:16.000Z","volume":1000,"label":" ","price":18.02},{"type":"B","date":"2018-04-25T03:12:16.000Z","volume":11000,"label":" ","price":18.02},{"type":"B","date":"2018-04-25T03:12:31.000Z","volume":1000,"label":" ","price":18},{"type":"B","date":"2018-04-25T03:12:45.000Z","volume":6000,"label":" ","price":18},{"type":"B","date":"2018-04-25T03:12:46.000Z","volume":1000,"label":" ","price":18},{"type":"B","date":"2018-04-25T03:12:50.000Z","volume":1000,"label":" ","price":18},{"type":"B","date":"2018-04-25T03:12:50.000Z","volume":10000,"label":" ","price":18},{"type":"B","date":"2018-04-25T03:12:50.000Z","volume":12000,"label":" ","price":18},{"type":"B","date":"2018-04-25T03:12:52.000Z","volume":1000,"label":" ","price":17.98},{"type":"B","date":"2018-04-25T03:13:06.000Z","volume":1000,"label":" ","price":17.96},{"type":"B","date":"2018-04-25T03:13:06.000Z","volume":2000,"label":" ","price":17.96},{"type":"B","date":"2018-04-25T03:13:21.000Z","volume":1000,"label":"Y","price":17.94},{"type":"B","date":"2018-04-25T03:13:36.000Z","volume":1000,"label":"Y","price":17.94},{"type":"B","date":"2018-04-25T03:13:57.000Z","volume":1000,"label":" ","price":17.94},{"type":"B","date":"2018-04-25T03:14:12.000Z","volume":1000,"label":" ","price":17.94},{"type":"B","date":"2018-04-25T03:14:26.000Z","volume":1000,"label":" ","price":17.94},{"type":"B","date":"2018-04-25T03:14:30.000Z","volume":16000,"label":" ","price":17.94},{"type":"B","date":"2018-04-25T03:14:30.000Z","volume":62000,"label":" ","price":17.92},{"type":"A","date":"2018-04-25T03:14:37.000Z","volume":10000,"label":" ","price":17.92},{"type":"A","date":"2018-04-25T03:14:42.000Z","volume":2000,"label":" ","price":17.92},{"type":"A","date":"2018-04-25T03:14:42.000Z","volume":27000,"label":" ","price":17.92},{"type":"A","date":"2018-04-25T03:14:43.000Z","volume":2000,"label":" ","price":17.94},{"type":"B","date":"2018-04-25T03:14:46.000Z","volume":1000,"label":" ","price":17.94},{"type":"B","date":"2018-04-25T03:14:57.000Z","volume":3000,"label":" ","price":17.94},{"type":"B","date":"2018-04-25T03:15:02.000Z","volume":1000,"label":" ","price":17.94},{"type":"B","date":"2018-04-25T03:15:02.000Z","volume":1000,"label":" ","price":17.94},{"type":"B","date":"2018-04-25T03:15:17.000Z","volume":1000,"label":" ","price":17.92},{"type":"B","date":"2018-04-25T03:15:32.000Z","volume":1000,"label":" ","price":17.92},{"type":"B","date":"2018-04-25T03:15:52.000Z","volume":1000,"label":" ","price":17.92},{"type":"B","date":"2018-04-25T03:16:07.000Z","volume":1000,"label":" ","price":17.92},{"type":"B","date":"2018-04-25T03:16:12.000Z","volume":2000,"label":" ","price":17.92},{"type":"A","date":"2018-04-25T03:16:19.000Z","volume":5000,"label":" ","price":17.94},{"type":"B","date":"2018-04-25T03:16:23.000Z","volume":1000,"label":" ","price":17.92},{"type":"B","date":"2018-04-25T03:16:37.000Z","volume":4000,"label":"Y","price":17.92},{"type":"B","date":"2018-04-25T03:16:37.000Z","volume":4000,"label":" ","price":17.92},{"type":"B","date":"2018-04-25T03:16:43.000Z","volume":1000,"label":" ","price":17.9},{"type":"U","date":"2018-04-25T03:16:48.000Z","volume":3000,"label":" ","price":17.92},{"type":"B","date":"2018-04-25T03:16:58.000Z","volume":1000,"label":" ","price":17.9},{"type":"A","date":"2018-04-25T03:17:09.000Z","volume":9000,"label":" ","price":17.92},{"type":"B","date":"2018-04-25T03:17:13.000Z","volume":1000,"label":"Y","price":17.92},{"type":"B","date":"2018-04-25T03:17:15.000Z","volume":5000,"label":" ","price":17.9},{"type":"B","date":"2018-04-25T03:17:32.000Z","volume":5000,"label":" ","price":17.9},{"type":"B","date":"2018-04-25T03:17:33.000Z","volume":1000,"label":" ","price":17.9},{"type":"B","date":"2018-04-25T03:17:33.000Z","volume":2000,"label":"Y","price":17.9},{"type":"B","date":"2018-04-25T03:17:33.000Z","volume":23000,"label":" ","price":17.9},{"type":"B","date":"2018-04-25T03:17:33.000Z","volume":17000,"label":" ","price":17.88},{"type":"A","date":"2018-04-25T03:17:41.000Z","volume":10000,"label":" ","price":17.88},{"type":"B","date":"2018-04-25T03:17:42.000Z","volume":2000,"label":" ","price":17.86},{"type":"B","date":"2018-04-25T03:17:45.000Z","volume":8000,"label":" ","price":17.86},{"type":"B","date":"2018-04-25T03:17:48.000Z","volume":1000,"label":" ","price":17.86},{"type":"B","date":"2018-04-25T03:17:50.000Z","volume":1000,"label":" ","price":17.86},{"type":"B","date":"2018-04-25T03:17:52.000Z","volume":5000,"label":" ","price":17.88},{"type":"B","date":"2018-04-25T03:17:52.000Z","volume":3000,"label":" ","price":17.86},{"type":"B","date":"2018-04-25T03:17:52.000Z","volume":2000,"label":"Y","price":17.84},{"type":"B","date":"2018-04-25T03:17:52.000Z","volume":7000,"label":" ","price":17.84},{"type":"A","date":"2018-04-25T03:17:58.000Z","volume":3000,"label":" ","price":17.9},{"type":"A","date":"2018-04-25T03:18:10.000Z","volume":8000,"label":" ","price":17.9},{"type":"A","date":"2018-04-25T03:18:11.000Z","volume":10000,"label":" ","price":17.9},{"type":"B","date":"2018-04-25T03:18:16.000Z","volume":2000,"label":" ","price":17.86},{"type":"A","date":"2018-04-25T03:18:21.000Z","volume":3000,"label":" ","price":17.88},{"type":"B","date":"2018-04-25T03:18:23.000Z","volume":8000,"label":" ","price":17.86},{"type":"B","date":"2018-04-25T03:18:31.000Z","volume":3000,"label":" ","price":17.86},{"type":"A","date":"2018-04-25T03:18:42.000Z","volume":9000,"label":" ","price":17.86},{"type":"B","date":"2018-04-25T03:18:43.000Z","volume":1000,"label":" ","price":17.84},{"type":"A","date":"2018-04-25T03:19:02.000Z","volume":30000,"label":" ","price":17.86},{"type":"A","date":"2018-04-25T03:19:12.000Z","volume":3000,"label":" ","price":17.88},{"type":"A","date":"2018-04-25T03:19:12.000Z","volume":2000,"label":" ","price":17.9},{"type":"B","date":"2018-04-25T03:19:30.000Z","volume":5000,"label":" ","price":17.88},{"type":"A","date":"2018-04-25T03:19:42.000Z","volume":10000,"label":" ","price":17.9},{"type":"B","date":"2018-04-25T03:19:48.000Z","volume":1000,"label":" ","price":17.88},{"type":"B","date":"2018-04-25T03:19:59.000Z","volume":2000,"label":" ","price":17.88},{"type":"B","date":"2018-04-25T03:19:59.000Z","volume":2000,"label":"Y","price":17.86},{"type":"B","date":"2018-04-25T03:19:59.000Z","volume":11000,"label":" ","price":17.86},{"type":"A","date":"2018-04-25T03:20:13.000Z","volume":7000,"label":"Y","price":17.86},{"type":"B","date":"2018-04-25T03:20:18.000Z","volume":3000,"label":" ","price":17.84},{"type":"B","date":"2018-04-25T03:20:22.000Z","volume":3000,"label":" ","price":17.84},{"type":"B","date":"2018-04-25T03:20:23.000Z","volume":1000,"label":" ","price":17.84},{"type":"B","date":"2018-04-25T03:20:32.000Z","volume":19000,"label":" ","price":17.84},{"type":"B","date":"2018-04-25T03:20:32.000Z","volume":31000,"label":" ","price":17.82},{"type":"B","date":"2018-04-25T03:20:33.000Z","volume":8000,"label":" ","price":17.82},{"type":"B","date":"2018-04-25T03:20:35.000Z","volume":11000,"label":"Y","price":17.82},{"type":"B","date":"2018-04-25T03:20:35.000Z","volume":58000,"label":" ","price":17.82},{"type":"B","date":"2018-04-25T03:20:35.000Z","volume":14000,"label":"Y","price":17.8},{"type":"B","date":"2018-04-25T03:20:35.000Z","volume":83000,"label":" ","price":17.8},{"type":"B","date":"2018-04-25T03:20:36.000Z","volume":1000,"label":" ","price":17.78},{"type":"A","date":"2018-04-25T03:20:43.000Z","volume":10000,"label":" ","price":17.8},{"type":"B","date":"2018-04-25T03:20:46.000Z","volume":3000,"label":" ","price":17.78},{"type":"B","date":"2018-04-25T03:20:54.000Z","volume":1000,"label":" ","price":17.76},{"type":"A","date":"2018-04-25T03:20:58.000Z","volume":17000,"label":" ","price":17.78},{"type":"A","date":"2018-04-25T03:21:01.000Z","volume":25000,"label":" ","price":17.8},{"type":"B","date":"2018-04-25T03:21:03.000Z","volume":4000,"label":" ","price":17.78},{"type":"A","date":"2018-04-25T03:21:08.000Z","volume":1000,"label":" ","price":17.82},{"type":"A","date":"2018-04-25T03:21:13.000Z","volume":19000,"label":" ","price":17.84},{"type":"B","date":"2018-04-25T03:21:14.000Z","volume":1000,"label":"Y","price":17.82},{"type":"B","date":"2018-04-25T03:21:16.000Z","volume":2000,"label":" ","price":17.82},{"type":"B","date":"2018-04-25T03:21:24.000Z","volume":2000,"label":" ","price":17.82},{"type":"B","date":"2018-04-25T03:21:27.000Z","volume":8000,"label":" ","price":17.82},{"type":"B","date":"2018-04-25T03:21:27.000Z","volume":2000,"label":" ","price":17.82},{"type":"A","date":"2018-04-25T03:21:35.000Z","volume":1000,"label":" ","price":17.82},{"type":"A","date":"2018-04-25T03:21:35.000Z","volume":1000,"label":" ","price":17.82},{"type":"A","date":"2018-04-25T03:21:36.000Z","volume":8000,"label":" ","price":17.84},{"type":"A","date":"2018-04-25T03:21:41.000Z","volume":36000,"label":" ","price":17.86},{"type":"A","date":"2018-04-25T03:21:43.000Z","volume":8000,"label":" ","price":17.88},{"type":"A","date":"2018-04-25T03:21:43.000Z","volume":1000,"label":" ","price":17.9},{"type":"B","date":"2018-04-25T03:21:44.000Z","volume":1000,"label":" ","price":17.86},{"type":"B","date":"2018-04-25T03:22:01.000Z","volume":4000,"label":"Y","price":17.86},{"type":"B","date":"2018-04-25T03:22:01.000Z","volume":1000,"label":" ","price":17.86},{"type":"B","date":"2018-04-25T03:22:04.000Z","volume":1000,"label":"Y","price":17.86},{"type":"A","date":"2018-04-25T03:22:14.000Z","volume":5000,"label":" ","price":17.92},{"type":"A","date":"2018-04-25T03:22:14.000Z","volume":2000,"label":" ","price":17.92},{"type":"B","date":"2018-04-25T03:22:19.000Z","volume":1000,"label":" ","price":17.86},{"type":"A","date":"2018-04-25T03:22:22.000Z","volume":2000,"label":" ","price":17.92},{"type":"B","date":"2018-04-25T03:22:35.000Z","volume":1000,"label":" ","price":17.88},{"type":"A","date":"2018-04-25T03:22:45.000Z","volume":8000,"label":" ","price":17.94},{"type":"B","date":"2018-04-25T03:22:50.000Z","volume":1000,"label":" ","price":17.92},{"type":"A","date":"2018-04-25T03:22:53.000Z","volume":12000,"label":"Y","price":17.94},{"type":"A","date":"2018-04-25T03:22:53.000Z","volume":12000,"label":" ","price":17.94},{"type":"A","date":"2018-04-25T03:22:53.000Z","volume":6000,"label":" ","price":17.94},{"type":"A","date":"2018-04-25T03:23:01.000Z","volume":14000,"label":"Y","price":17.96},{"type":"A","date":"2018-04-25T03:23:01.000Z","volume":11000,"label":" ","price":17.96},{"type":"B","date":"2018-04-25T03:23:10.000Z","volume":1000,"label":" ","price":17.94},{"type":"A","date":"2018-04-25T03:23:15.000Z","volume":9000,"label":" ","price":17.98},{"type":"A","date":"2018-04-25T03:23:22.000Z","volume":13000,"label":" ","price":17.98},{"type":"A","date":"2018-04-25T03:23:22.000Z","volume":23000,"label":"Y","price":18},{"type":"A","date":"2018-04-25T03:23:22.000Z","volume":9000,"label":" ","price":18},{"type":"B","date":"2018-04-25T03:23:25.000Z","volume":1000,"label":" ","price":18},{"type":"B","date":"2018-04-25T03:23:26.000Z","volume":2000,"label":" ","price":18},{"type":"B","date":"2018-04-25T03:23:29.000Z","volume":2000,"label":" ","price":18},{"type":"A","date":"2018-04-25T03:23:42.000Z","volume":1000,"label":" ","price":17.94},{"type":"B","date":"2018-04-25T03:24:00.000Z","volume":1000,"label":" ","price":18},{"type":"B","date":"2018-04-25T03:24:00.000Z","volume":10000,"label":" ","price":18},{"type":"B","date":"2018-04-25T03:24:01.000Z","volume":2000,"label":" ","price":18},{"type":"B","date":"2018-04-25T03:24:04.000Z","volume":10000,"label":" ","price":18},{"type":"A","date":"2018-04-25T03:24:05.000Z","volume":2000,"label":" ","price":18.02},{"type":"B","date":"2018-04-25T03:24:09.000Z","volume":2000,"label":" ","price":18},{"type":"B","date":"2018-04-25T03:24:15.000Z","volume":1000,"label":" ","price":18},{"type":"A","date":"2018-04-25T03:24:15.000Z","volume":6000,"label":" ","price":18.02},{"type":"A","date":"2018-04-25T03:24:24.000Z","volume":1000,"label":" ","price":18.02},{"type":"B","date":"2018-04-25T03:24:30.000Z","volume":1000,"label":" ","price":18},{"type":"B","date":"2018-04-25T03:24:33.000Z","volume":22000,"label":"Y","price":18},{"type":"B","date":"2018-04-25T03:24:33.000Z","volume":12000,"label":" ","price":18},{"type":"B","date":"2018-04-25T03:24:33.000Z","volume":2000,"label":" ","price":17.98},{"type":"B","date":"2018-04-25T03:24:37.000Z","volume":2000,"label":" ","price":17.96},{"type":"A","date":"2018-04-25T03:24:46.000Z","volume":3000,"label":"Y","price":18},{"type":"A","date":"2018-04-25T03:24:46.000Z","volume":4000,"label":" ","price":18},{"type":"B","date":"2018-04-25T03:24:50.000Z","volume":1000,"label":" ","price":17.92},{"type":"A","date":"2018-04-25T03:24:55.000Z","volume":1000,"label":"Y","price":18},{"type":"A","date":"2018-04-25T03:24:55.000Z","volume":2000,"label":" ","price":18},{"type":"A","date":"2018-04-25T03:24:55.000Z","volume":5000,"label":" ","price":18},{"type":"B","date":"2018-04-25T03:25:05.000Z","volume":1000,"label":" ","price":17.9},{"type":"A","date":"2018-04-25T03:25:16.000Z","volume":2000,"label":"Y","price":18},{"type":"A","date":"2018-04-25T03:25:16.000Z","volume":7000,"label":" ","price":18},{"type":"A","date":"2018-04-25T03:25:16.000Z","volume":1000,"label":" ","price":18},{"type":"B","date":"2018-04-25T03:25:20.000Z","volume":1000,"label":"Y","price":17.92},{"type":"B","date":"2018-04-25T03:25:35.000Z","volume":1000,"label":" ","price":17.92},{"type":"A","date":"2018-04-25T03:25:46.000Z","volume":10000,"label":" ","price":18.02},{"type":"B","date":"2018-04-25T03:25:55.000Z","volume":1000,"label":" ","price":17.92},{"type":"B","date":"2018-04-25T03:26:10.000Z","volume":1000,"label":" ","price":17.92},{"type":"A","date":"2018-04-25T03:26:11.000Z","volume":1000,"label":" ","price":18.02},{"type":"A","date":"2018-04-25T03:26:15.000Z","volume":1000,"label":" ","price":18.02},{"type":"A","date":"2018-04-25T03:26:16.000Z","volume":5000,"label":" ","price":18.02},{"type":"B","date":"2018-04-25T03:26:16.000Z","volume":4000,"label":" ","price":18.02},{"type":"B","date":"2018-04-25T03:26:25.000Z","volume":1000,"label":" ","price":17.94},{"type":"B","date":"2018-04-25T03:26:45.000Z","volume":1000,"label":" ","price":17.98},{"type":"B","date":"2018-04-25T03:26:45.000Z","volume":59000,"label":" ","price":17.98},{"type":"A","date":"2018-04-25T03:26:47.000Z","volume":6000,"label":" ","price":18},{"type":"A","date":"2018-04-25T03:26:53.000Z","volume":2000,"label":" ","price":18},{"type":"B","date":"2018-04-25T03:27:00.000Z","volume":1000,"label":" ","price":17.94},{"type":"A","date":"2018-04-25T03:27:05.000Z","volume":15000,"label":" ","price":18},{"type":"A","date":"2018-04-25T03:27:05.000Z","volume":5000,"label":"Y","price":18.02},{"type":"B","date":"2018-04-25T03:27:10.000Z","volume":6000,"label":"Y","price":18},{"type":"B","date":"2018-04-25T03:27:16.000Z","volume":1000,"label":" ","price":18},{"type":"A","date":"2018-04-25T03:27:17.000Z","volume":5000,"label":" ","price":18.02},{"type":"B","date":"2018-04-25T03:27:19.000Z","volume":5000,"label":" ","price":18.02},{"type":"B","date":"2018-04-25T03:27:19.000Z","volume":24000,"label":"Y","price":18},{"type":"B","date":"2018-04-25T03:27:23.000Z","volume":4000,"label":" ","price":18},{"type":"B","date":"2018-04-25T03:27:35.000Z","volume":1000,"label":" ","price":17.94},{"type":"B","date":"2018-04-25T03:27:45.000Z","volume":3000,"label":" ","price":18},{"type":"A","date":"2018-04-25T03:27:47.000Z","volume":6000,"label":" ","price":18},{"type":"B","date":"2018-04-25T03:27:51.000Z","volume":1000,"label":" ","price":17.94},{"type":"A","date":"2018-04-25T03:28:17.000Z","volume":9000,"label":" ","price":18},{"type":"B","date":"2018-04-25T03:28:35.000Z","volume":2000,"label":" ","price":17.96},{"type":"A","date":"2018-04-25T03:28:48.000Z","volume":8000,"label":" ","price":18},{"type":"A","date":"2018-04-25T03:29:04.000Z","volume":1000,"label":" ","price":17.96},{"type":"A","date":"2018-04-25T03:29:18.000Z","volume":9000,"label":" ","price":17.96},{"type":"B","date":"2018-04-25T03:29:24.000Z","volume":2000,"label":" ","price":17.94},{"type":"A","date":"2018-04-25T03:29:49.000Z","volume":9000,"label":" ","price":17.96},{"type":"B","date":"2018-04-25T03:29:52.000Z","volume":1000,"label":" ","price":17.94},{"type":"B","date":"2018-04-25T03:29:57.000Z","volume":10000,"label":" ","price":17.94},{"type":"B","date":"2018-04-25T03:30:02.000Z","volume":10000,"label":" ","price":17.92},{"type":"A","date":"2018-04-25T03:30:19.000Z","volume":1000,"label":"Y","price":17.92},{"type":"A","date":"2018-04-25T03:30:19.000Z","volume":6000,"label":" ","price":17.92},{"type":"B","date":"2018-04-25T03:30:27.000Z","volume":1000,"label":"Y","price":17.92},{"type":"B","date":"2018-04-25T03:30:27.000Z","volume":1000,"label":"Y","price":17.92},{"type":"B","date":"2018-04-25T03:30:27.000Z","volume":1000,"label":" ","price":17.9},{"type":"A","date":"2018-04-25T03:30:36.000Z","volume":7000,"label":" ","price":17.94},{"type":"B","date":"2018-04-25T03:30:42.000Z","volume":1000,"label":" ","price":17.94},{"type":"A","date":"2018-04-25T03:30:49.000Z","volume":10000,"label":" ","price":17.96},{"type":"B","date":"2018-04-25T03:30:57.000Z","volume":1000,"label":" ","price":17.94},{"type":"B","date":"2018-04-25T03:31:06.000Z","volume":15000,"label":" ","price":17.94},{"type":"B","date":"2018-04-25T03:31:06.000Z","volume":26000,"label":" ","price":17.94},{"type":"B","date":"2018-04-25T03:31:17.000Z","volume":1000,"label":" ","price":17.9},{"type":"A","date":"2018-04-25T03:31:19.000Z","volume":9000,"label":" ","price":17.94},{"type":"B","date":"2018-04-25T03:31:32.000Z","volume":1000,"label":"Y","price":17.9},{"type":"B","date":"2018-04-25T03:31:47.000Z","volume":1000,"label":"Y","price":17.9},{"type":"A","date":"2018-04-25T03:31:50.000Z","volume":7000,"label":" ","price":17.94},{"type":"A","date":"2018-04-25T03:31:57.000Z","volume":46000,"label":" ","price":17.94},{"type":"B","date":"2018-04-25T03:32:07.000Z","volume":1000,"label":" ","price":17.94},{"type":"A","date":"2018-04-25T03:32:20.000Z","volume":6000,"label":" ","price":17.96},{"type":"B","date":"2018-04-25T03:32:22.000Z","volume":1000,"label":" ","price":17.94},{"type":"B","date":"2018-04-25T03:32:24.000Z","volume":2000,"label":"Y","price":17.94},{"type":"B","date":"2018-04-25T03:32:24.000Z","volume":1000,"label":" ","price":17.94},{"type":"B","date":"2018-04-25T03:32:37.000Z","volume":1000,"label":" ","price":17.92},{"type":"A","date":"2018-04-25T03:32:50.000Z","volume":9000,"label":" ","price":17.94},{"type":"B","date":"2018-04-25T03:32:52.000Z","volume":1000,"label":"Y","price":17.9},{"type":"A","date":"2018-04-25T03:33:06.000Z","volume":1000,"label":" ","price":17.94},{"type":"B","date":"2018-04-25T03:33:12.000Z","volume":1000,"label":"Y","price":17.9},{"type":"A","date":"2018-04-25T03:33:20.000Z","volume":8000,"label":" ","price":17.94},{"type":"A","date":"2018-04-25T03:33:22.000Z","volume":1000,"label":" ","price":17.94},{"type":"B","date":"2018-04-25T03:33:27.000Z","volume":1000,"label":" ","price":17.9},{"type":"B","date":"2018-04-25T03:33:42.000Z","volume":1000,"label":" ","price":17.9},{"type":"A","date":"2018-04-25T03:33:51.000Z","volume":6000,"label":" ","price":17.94},{"type":"B","date":"2018-04-25T03:34:02.000Z","volume":1000,"label":" ","price":17.9},{"type":"B","date":"2018-04-25T03:34:18.000Z","volume":1000,"label":" ","price":17.9},{"type":"A","date":"2018-04-25T03:34:21.000Z","volume":6000,"label":" ","price":17.94},{"type":"B","date":"2018-04-25T03:34:33.000Z","volume":1000,"label":" ","price":17.9},{"type":"A","date":"2018-04-25T03:34:52.000Z","volume":8000,"label":" ","price":17.94},{"type":"B","date":"2018-04-25T03:34:53.000Z","volume":1000,"label":" ","price":17.9},{"type":"B","date":"2018-04-25T03:35:09.000Z","volume":1000,"label":" ","price":17.9},{"type":"A","date":"2018-04-25T03:35:15.000Z","volume":1000,"label":"Y","price":17.94},{"type":"A","date":"2018-04-25T03:35:15.000Z","volume":26000,"label":" ","price":17.94},{"type":"A","date":"2018-04-25T03:35:22.000Z","volume":6000,"label":" ","price":17.96},{"type":"B","date":"2018-04-25T03:35:24.000Z","volume":1000,"label":" ","price":17.94},{"type":"A","date":"2018-04-25T03:35:30.000Z","volume":13000,"label":" ","price":17.96},{"type":"B","date":"2018-04-25T03:35:39.000Z","volume":1000,"label":" ","price":17.94},{"type":"A","date":"2018-04-25T03:35:52.000Z","volume":7000,"label":" ","price":17.98},{"type":"B","date":"2018-04-25T03:35:59.000Z","volume":1000,"label":" ","price":17.94},{"type":"B","date":"2018-04-25T03:36:14.000Z","volume":1000,"label":" ","price":17.94},{"type":"A","date":"2018-04-25T03:36:23.000Z","volume":10000,"label":" ","price":17.98},{"type":"B","date":"2018-04-25T03:36:29.000Z","volume":1000,"label":" ","price":17.94},{"type":"A","date":"2018-04-25T03:36:45.000Z","volume":27000,"label":" ","price":17.98},{"type":"B","date":"2018-04-25T03:36:49.000Z","volume":1000,"label":" ","price":17.98},{"type":"B","date":"2018-04-25T03:36:49.000Z","volume":5000,"label":" ","price":17.98},{"type":"B","date":"2018-04-25T03:36:52.000Z","volume":1000,"label":" ","price":17.96},{"type":"A","date":"2018-04-25T03:36:53.000Z","volume":8000,"label":" ","price":18},{"type":"U","date":"2018-04-25T03:37:00.000Z","volume":1000,"label":" ","price":17.96},{"type":"B","date":"2018-04-25T03:37:04.000Z","volume":1000,"label":" ","price":17.96},{"type":"B","date":"2018-04-25T03:37:14.000Z","volume":1000,"label":" ","price":17.94},{"type":"B","date":"2018-04-25T03:37:19.000Z","volume":1000,"label":" ","price":17.94},{"type":"A","date":"2018-04-25T03:37:23.000Z","volume":9000,"label":" ","price":18},{"type":"B","date":"2018-04-25T03:37:39.000Z","volume":1000,"label":" ","price":17.94},{"type":"B","date":"2018-04-25T03:37:46.000Z","volume":1000,"label":" ","price":17.94},{"type":"U","date":"2018-04-25T03:37:51.000Z","volume":37000,"label":" ","price":17.98},{"type":"A","date":"2018-04-25T03:37:53.000Z","volume":10000,"label":" ","price":18},{"type":"B","date":"2018-04-25T03:37:54.000Z","volume":1000,"label":" ","price":17.94},{"type":"A","date":"2018-04-25T03:38:24.000Z","volume":9000,"label":" ","price":18},{"type":"A","date":"2018-04-25T03:38:54.000Z","volume":10000,"label":" ","price":18},{"type":"A","date":"2018-04-25T03:39:24.000Z","volume":3000,"label":" ","price":18},{"type":"A","date":"2018-04-25T03:39:24.000Z","volume":6000,"label":" ","price":18},{"type":"B","date":"2018-04-25T03:39:54.000Z","volume":1000,"label":" ","price":17.94},{"type":"A","date":"2018-04-25T03:39:54.000Z","volume":10000,"label":" ","price":18.02},{"type":"B","date":"2018-04-25T03:40:09.000Z","volume":1000,"label":" ","price":17.94},{"type":"B","date":"2018-04-25T03:40:21.000Z","volume":1000,"label":" ","price":17.94},{"type":"A","date":"2018-04-25T03:40:25.000Z","volume":10000,"label":" ","price":18.02},{"type":"B","date":"2018-04-25T03:40:30.000Z","volume":1000,"label":" ","price":17.94},{"type":"B","date":"2018-04-25T03:40:46.000Z","volume":1000,"label":" ","price":17.94},{"type":"A","date":"2018-04-25T03:40:56.000Z","volume":8000,"label":" ","price":18.02},{"type":"B","date":"2018-04-25T03:41:01.000Z","volume":1000,"label":" ","price":17.94},{"type":"A","date":"2018-04-25T03:41:16.000Z","volume":17000,"label":" ","price":18.02},{"type":"B","date":"2018-04-25T03:41:21.000Z","volume":1000,"label":" ","price":18.02},{"type":"B","date":"2018-04-25T03:41:21.000Z","volume":32000,"label":" ","price":18.02},{"type":"B","date":"2018-04-25T03:41:21.000Z","volume":1000,"label":" ","price":18},{"type":"A","date":"2018-04-25T03:41:26.000Z","volume":8000,"label":" ","price":18.02},{"type":"B","date":"2018-04-25T03:41:36.000Z","volume":1000,"label":" ","price":17.96},{"type":"B","date":"2018-04-25T03:41:51.000Z","volume":1000,"label":" ","price":17.96},{"type":"A","date":"2018-04-25T03:41:56.000Z","volume":5000,"label":" ","price":18.02},{"type":"B","date":"2018-04-25T03:42:11.000Z","volume":1000,"label":" ","price":17.96},{"type":"B","date":"2018-04-25T03:42:26.000Z","volume":1000,"label":" ","price":17.96},{"type":"A","date":"2018-04-25T03:42:26.000Z","volume":10000,"label":" ","price":18.02},{"type":"B","date":"2018-04-25T03:42:41.000Z","volume":1000,"label":" ","price":17.96},{"type":"B","date":"2018-04-25T03:42:56.000Z","volume":1000,"label":" ","price":17.96},{"type":"A","date":"2018-04-25T03:42:57.000Z","volume":1000,"label":" ","price":18},{"type":"A","date":"2018-04-25T03:42:57.000Z","volume":9000,"label":" ","price":18.02},{"type":"B","date":"2018-04-25T03:42:59.000Z","volume":1000,"label":" ","price":17.96},{"type":"B","date":"2018-04-25T03:43:16.000Z","volume":1000,"label":" ","price":17.94},{"type":"A","date":"2018-04-25T03:43:27.000Z","volume":9000,"label":" ","price":18},{"type":"B","date":"2018-04-25T03:43:31.000Z","volume":1000,"label":" ","price":17.94},{"type":"B","date":"2018-04-25T03:43:46.000Z","volume":1000,"label":" ","price":17.96},{"type":"B","date":"2018-04-25T03:43:53.000Z","volume":1000,"label":" ","price":17.96},{"type":"A","date":"2018-04-25T03:43:57.000Z","volume":10000,"label":" ","price":18},{"type":"B","date":"2018-04-25T03:44:06.000Z","volume":1000,"label":" ","price":17.94},{"type":"A","date":"2018-04-25T03:44:09.000Z","volume":30000,"label":" ","price":18},{"type":"A","date":"2018-04-25T03:44:09.000Z","volume":9000,"label":"Y","price":18.02},{"type":"A","date":"2018-04-25T03:44:09.000Z","volume":36000,"label":" ","price":18.02},{"type":"B","date":"2018-04-25T03:44:20.000Z","volume":4000,"label":" ","price":18.02},{"type":"B","date":"2018-04-25T03:44:21.000Z","volume":1000,"label":" ","price":18.02},{"type":"B","date":"2018-04-25T03:44:22.000Z","volume":20000,"label":"Y","price":18.02},{"type":"B","date":"2018-04-25T03:44:22.000Z","volume":2000,"label":" ","price":18.02},{"type":"B","date":"2018-04-25T03:44:22.000Z","volume":3000,"label":" ","price":18},{"type":"A","date":"2018-04-25T03:44:27.000Z","volume":3000,"label":"Y","price":18.02},{"type":"A","date":"2018-04-25T03:44:27.000Z","volume":1000,"label":" ","price":18.02},{"type":"A","date":"2018-04-25T03:44:27.000Z","volume":37000,"label":" ","price":18.04},{"type":"A","date":"2018-04-25T03:44:27.000Z","volume":7000,"label":" ","price":18.04},{"type":"A","date":"2018-04-25T03:44:27.000Z","volume":2000,"label":" ","price":18.04},{"type":"B","date":"2018-04-25T03:44:36.000Z","volume":1000,"label":"Y","price":18.02},{"type":"B","date":"2018-04-25T03:44:40.000Z","volume":2000,"label":"Y","price":18.02},{"type":"B","date":"2018-04-25T03:44:41.000Z","volume":2000,"label":" ","price":18.02},{"type":"B","date":"2018-04-25T03:44:56.000Z","volume":1000,"label":" ","price":17.96},{"type":"A","date":"2018-04-25T03:44:58.000Z","volume":3000,"label":" ","price":18.02},{"type":"B","date":"2018-04-25T03:45:07.000Z","volume":4000,"label":" ","price":18.02},{"type":"B","date":"2018-04-25T03:45:11.000Z","volume":1000,"label":" ","price":17.96},{"type":"B","date":"2018-04-25T03:45:26.000Z","volume":1000,"label":" ","price":17.94},{"type":"A","date":"2018-04-25T03:45:28.000Z","volume":10000,"label":" ","price":18.04},{"type":"B","date":"2018-04-25T03:45:41.000Z","volume":1000,"label":" ","price":18.02},{"type":"B","date":"2018-04-25T03:45:56.000Z","volume":2000,"label":" ","price":18.02},{"type":"A","date":"2018-04-25T03:45:58.000Z","volume":2000,"label":"Y","price":18.02},{"type":"A","date":"2018-04-25T03:45:58.000Z","volume":1000,"label":" ","price":18.02},{"type":"A","date":"2018-04-25T03:45:58.000Z","volume":2000,"label":" ","price":18.04},{"type":"B","date":"2018-04-25T03:46:01.000Z","volume":1000,"label":" ","price":18},{"type":"A","date":"2018-04-25T03:46:12.000Z","volume":2000,"label":" ","price":18.04},{"type":"B","date":"2018-04-25T03:46:16.000Z","volume":1000,"label":" ","price":17.96},{"type":"A","date":"2018-04-25T03:46:18.000Z","volume":29000,"label":" ","price":18.04},{"type":"A","date":"2018-04-25T03:46:18.000Z","volume":8000,"label":"Y","price":18.06},{"type":"A","date":"2018-04-25T03:46:18.000Z","volume":12000,"label":" ","price":18.06},{"type":"A","date":"2018-04-25T03:46:28.000Z","volume":10000,"label":" ","price":18.08},{"type":"B","date":"2018-04-25T03:46:31.000Z","volume":1000,"label":" ","price":18.04},{"type":"B","date":"2018-04-25T03:46:34.000Z","volume":70000,"label":"Y","price":18.04},{"type":"A","date":"2018-04-25T03:46:43.000Z","volume":1000,"label":" ","price":18.04},{"type":"A","date":"2018-04-25T03:46:43.000Z","volume":9000,"label":" ","price":18.06},{"type":"B","date":"2018-04-25T03:46:51.000Z","volume":1000,"label":" ","price":17.96},{"type":"A","date":"2018-04-25T03:46:59.000Z","volume":10000,"label":" ","price":18.1},{"type":"B","date":"2018-04-25T03:47:06.000Z","volume":1000,"label":" ","price":17.96},{"type":"B","date":"2018-04-25T03:47:22.000Z","volume":1000,"label":"Y","price":17.96},{"type":"A","date":"2018-04-25T03:47:29.000Z","volume":4000,"label":"Y","price":18.08},{"type":"A","date":"2018-04-25T03:47:29.000Z","volume":2000,"label":" ","price":18.08},{"type":"B","date":"2018-04-25T03:47:42.000Z","volume":1000,"label":" ","price":18.02},{"type":"B","date":"2018-04-25T03:47:46.000Z","volume":1000,"label":" ","price":18.02},{"type":"B","date":"2018-04-25T03:47:57.000Z","volume":1000,"label":" ","price":18},{"type":"A","date":"2018-04-25T03:48:00.000Z","volume":1000,"label":"Y","price":18.08},{"type":"A","date":"2018-04-25T03:48:00.000Z","volume":7000,"label":" ","price":18.08},{"type":"A","date":"2018-04-25T03:48:55.000Z","volume":12000,"label":" ","price":18.08},{"type":"A","date":"2018-04-25T03:48:55.000Z","volume":48000,"label":" ","price":18.1},{"type":"B","date":"2018-04-25T03:49:42.000Z","volume":1000,"label":" ","price":18.04},{"type":"B","date":"2018-04-25T03:49:56.000Z","volume":3000,"label":"Y","price":18.04},{"type":"B","date":"2018-04-25T03:49:56.000Z","volume":1000,"label":" ","price":18.04},{"type":"A","date":"2018-04-25T03:50:08.000Z","volume":9000,"label":" ","price":18.04},{"type":"A","date":"2018-04-25T03:50:08.000Z","volume":9000,"label":" ","price":18.06},{"type":"B","date":"2018-04-25T03:50:13.000Z","volume":1000,"label":" ","price":18.06},{"type":"B","date":"2018-04-25T03:50:20.000Z","volume":19000,"label":"Y","price":18.06},{"type":"B","date":"2018-04-25T03:50:20.000Z","volume":2000,"label":" ","price":18.06},{"type":"B","date":"2018-04-25T03:50:33.000Z","volume":1000,"label":" ","price":18.02},{"type":"B","date":"2018-04-25T03:50:43.000Z","volume":1000,"label":" ","price":18.02},{"type":"B","date":"2018-04-25T03:50:48.000Z","volume":1000,"label":" ","price":18.02},{"type":"B","date":"2018-04-25T03:51:03.000Z","volume":1000,"label":" ","price":18.02},{"type":"B","date":"2018-04-25T03:51:23.000Z","volume":1000,"label":" ","price":18.02},{"type":"B","date":"2018-04-25T03:51:38.000Z","volume":1000,"label":"Y","price":18.02},{"type":"B","date":"2018-04-25T03:51:53.000Z","volume":1000,"label":" ","price":18},{"type":"A","date":"2018-04-25T03:52:11.000Z","volume":9000,"label":" ","price":18.04},{"type":"A","date":"2018-04-25T03:52:11.000Z","volume":3000,"label":"Y","price":18.1},{"type":"A","date":"2018-04-25T03:52:11.000Z","volume":10000,"label":" ","price":18.1},{"type":"A","date":"2018-04-25T03:52:11.000Z","volume":4000,"label":"Y","price":18.12},{"type":"A","date":"2018-04-25T03:52:11.000Z","volume":17000,"label":" ","price":18.12},{"type":"A","date":"2018-04-25T03:52:11.000Z","volume":12000,"label":" ","price":18.14},{"type":"A","date":"2018-04-25T03:52:11.000Z","volume":11000,"label":" ","price":18.16},{"type":"A","date":"2018-04-25T03:52:11.000Z","volume":34000,"label":" ","price":18.18},{"type":"B","date":"2018-04-25T03:52:13.000Z","volume":1000,"label":" ","price":18.04},{"type":"B","date":"2018-04-25T03:52:28.000Z","volume":1000,"label":" ","price":18.1},{"type":"B","date":"2018-04-25T03:52:43.000Z","volume":1000,"label":" ","price":18.06},{"type":"A","date":"2018-04-25T03:52:53.000Z","volume":18000,"label":" ","price":18.18},{"type":"A","date":"2018-04-25T03:52:53.000Z","volume":2000,"label":"Y","price":18.2},{"type":"A","date":"2018-04-25T03:52:53.000Z","volume":17000,"label":" ","price":18.2},{"type":"B","date":"2018-04-25T03:52:58.000Z","volume":1000,"label":" ","price":18.2},{"type":"B","date":"2018-04-25T03:52:58.000Z","volume":22000,"label":" ","price":18.2},{"type":"B","date":"2018-04-25T03:53:18.000Z","volume":1000,"label":" ","price":18.06},{"type":"B","date":"2018-04-25T03:53:33.000Z","volume":1000,"label":" ","price":18.04},{"type":"B","date":"2018-04-25T03:53:48.000Z","volume":1000,"label":" ","price":18.06},{"type":"B","date":"2018-04-25T03:54:09.000Z","volume":1000,"label":" ","price":18.06},{"type":"B","date":"2018-04-25T03:54:19.000Z","volume":1000,"label":" ","price":18.04},{"type":"B","date":"2018-04-25T03:54:24.000Z","volume":1000,"label":" ","price":18.04},{"type":"B","date":"2018-04-25T03:54:39.000Z","volume":1000,"label":" ","price":18.04},{"type":"B","date":"2018-04-25T03:54:59.000Z","volume":1000,"label":" ","price":18.04},{"type":"A","date":"2018-04-25T03:55:06.000Z","volume":31000,"label":" ","price":18.1},{"type":"B","date":"2018-04-25T03:55:08.000Z","volume":1000,"label":" ","price":18.1},{"type":"B","date":"2018-04-25T03:55:14.000Z","volume":10000,"label":" ","price":18.1},{"type":"B","date":"2018-04-25T03:55:20.000Z","volume":1000,"label":" ","price":18.1},{"type":"B","date":"2018-04-25T03:55:31.000Z","volume":1000,"label":" ","price":18.1},{"type":"B","date":"2018-04-25T03:55:46.000Z","volume":1000,"label":" ","price":18.1},{"type":"A","date":"2018-04-25T03:55:49.000Z","volume":26000,"label":" ","price":18.12},{"type":"B","date":"2018-04-25T03:56:06.000Z","volume":1000,"label":" ","price":18.12},{"type":"B","date":"2018-04-25T03:56:14.000Z","volume":1000,"label":" ","price":18.12},{"type":"B","date":"2018-04-25T03:56:21.000Z","volume":1000,"label":" ","price":18.12},{"type":"A","date":"2018-04-25T03:56:24.000Z","volume":29000,"label":" ","price":18.14},{"type":"B","date":"2018-04-25T03:56:31.000Z","volume":1000,"label":" ","price":18.14},{"type":"B","date":"2018-04-25T03:56:36.000Z","volume":1000,"label":" ","price":18.14},{"type":"A","date":"2018-04-25T03:56:45.000Z","volume":22000,"label":" ","price":18.16},{"type":"A","date":"2018-04-25T03:56:45.000Z","volume":16000,"label":" ","price":18.18},{"type":"A","date":"2018-04-25T03:56:45.000Z","volume":1000,"label":"Y","price":18.2},{"type":"A","date":"2018-04-25T03:56:45.000Z","volume":21000,"label":" ","price":18.2},{"type":"B","date":"2018-04-25T03:56:57.000Z","volume":1000,"label":" ","price":18.14},{"type":"B","date":"2018-04-25T03:57:11.000Z","volume":1000,"label":"Y","price":18.14},{"type":"B","date":"2018-04-25T03:57:27.000Z","volume":1000,"label":"Y","price":18.14},{"type":"B","date":"2018-04-25T03:57:47.000Z","volume":1000,"label":"Y","price":18.14},{"type":"B","date":"2018-04-25T03:58:02.000Z","volume":1000,"label":"Y","price":18.14},{"type":"A","date":"2018-04-25T03:58:03.000Z","volume":11000,"label":" ","price":18.2},{"type":"A","date":"2018-04-25T03:58:03.000Z","volume":18000,"label":" ","price":18.22},{"type":"A","date":"2018-04-25T03:58:03.000Z","volume":5000,"label":"Y","price":18.24},{"type":"A","date":"2018-04-25T03:58:03.000Z","volume":13000,"label":" ","price":18.24},{"type":"A","date":"2018-04-25T03:58:03.000Z","volume":3000,"label":" ","price":18.26},{"type":"A","date":"2018-04-25T03:58:46.000Z","volume":1000,"label":" ","price":18.24},{"type":"A","date":"2018-04-25T03:59:02.000Z","volume":19000,"label":" ","price":18.26},{"type":"A","date":"2018-04-25T03:59:02.000Z","volume":11000,"label":" ","price":18.28},{"type":"A","date":"2018-04-25T03:59:02.000Z","volume":5000,"label":"Y","price":18.3},{"type":"A","date":"2018-04-25T03:59:02.000Z","volume":5000,"label":" ","price":18.3},{"type":"U","date":"2018-04-25T03:59:07.000Z","volume":5000,"label":" ","price":18.26},{"type":"A","date":"2018-04-25T03:59:40.000Z","volume":3000,"label":" ","price":18.26},{"type":"B","date":"2018-04-25T03:59:49.000Z","volume":7000,"label":" ","price":18.26},{"type":"U","date":"2018-04-25T03:59:57.000Z","volume":1000,"label":" ","price":18.26},{"type":"A","date":"2018-04-25T05:00:01.000Z","volume":1000,"label":" ","price":18.28},{"type":"A","date":"2018-04-25T05:00:09.000Z","volume":1000,"label":" ","price":18.28},{"type":"B","date":"2018-04-25T05:00:12.000Z","volume":1000,"label":" ","price":18.16},{"type":"B","date":"2018-04-25T05:00:32.000Z","volume":1000,"label":"Y","price":18.18},{"type":"B","date":"2018-04-25T05:00:47.000Z","volume":1000,"label":"Y","price":18.18},{"type":"B","date":"2018-04-25T05:01:03.000Z","volume":1000,"label":"Y","price":18.18},{"type":"U","date":"2018-04-25T05:01:21.000Z","volume":1000,"label":"X","price":18.23},{"type":"B","date":"2018-04-25T05:01:23.000Z","volume":1000,"label":"Y","price":18.18},{"type":"B","date":"2018-04-25T05:01:38.000Z","volume":1000,"label":"Y","price":18.18},{"type":"B","date":"2018-04-25T05:01:44.000Z","volume":2000,"label":" ","price":18.18},{"type":"B","date":"2018-04-25T05:01:45.000Z","volume":1000,"label":" ","price":18.18},{"type":"B","date":"2018-04-25T05:01:53.000Z","volume":1000,"label":" ","price":18.18},{"type":"B","date":"2018-04-25T05:01:54.000Z","volume":2000,"label":" ","price":18.18},{"type":"B","date":"2018-04-25T05:02:06.000Z","volume":2000,"label":" ","price":18.18},{"type":"B","date":"2018-04-25T05:02:13.000Z","volume":1000,"label":" ","price":18.18},{"type":"B","date":"2018-04-25T05:02:13.000Z","volume":1000,"label":" ","price":18.18},{"type":"B","date":"2018-04-25T05:02:13.000Z","volume":3000,"label":" ","price":18.18},{"type":"B","date":"2018-04-25T05:02:28.000Z","volume":1000,"label":" ","price":18.18},{"type":"B","date":"2018-04-25T05:02:32.000Z","volume":1000,"label":" ","price":18.18},{"type":"B","date":"2018-04-25T05:02:43.000Z","volume":1000,"label":" ","price":18.16},{"type":"B","date":"2018-04-25T05:02:47.000Z","volume":1000,"label":" ","price":18.16},{"type":"A","date":"2018-04-25T05:02:49.000Z","volume":4000,"label":" ","price":18.18},{"type":"B","date":"2018-04-25T05:02:58.000Z","volume":1000,"label":" ","price":18.14},{"type":"B","date":"2018-04-25T05:03:18.000Z","volume":1000,"label":" ","price":18.14},{"type":"B","date":"2018-04-25T05:03:20.000Z","volume":2000,"label":" ","price":18.14},{"type":"A","date":"2018-04-25T05:03:24.000Z","volume":11000,"label":" ","price":18.18},{"type":"B","date":"2018-04-25T05:03:24.000Z","volume":1000,"label":" ","price":18.14},{"type":"A","date":"2018-04-25T05:03:25.000Z","volume":1000,"label":" ","price":18.18},{"type":"B","date":"2018-04-25T05:03:33.000Z","volume":1000,"label":" ","price":18.14},{"type":"B","date":"2018-04-25T05:03:44.000Z","volume":1000,"label":" ","price":18.14},{"type":"B","date":"2018-04-25T05:03:48.000Z","volume":1000,"label":" ","price":18.14},{"type":"B","date":"2018-04-25T05:04:09.000Z","volume":1000,"label":" ","price":18.14},{"type":"B","date":"2018-04-25T05:04:11.000Z","volume":3000,"label":" ","price":18.14},{"type":"B","date":"2018-04-25T05:04:24.000Z","volume":1000,"label":" ","price":18.14},{"type":"B","date":"2018-04-25T05:04:39.000Z","volume":1000,"label":" ","price":18.14},{"type":"A","date":"2018-04-25T05:04:58.000Z","volume":1000,"label":" ","price":18.16},{"type":"B","date":"2018-04-25T05:04:59.000Z","volume":1000,"label":" ","price":18.14},{"type":"A","date":"2018-04-25T05:05:04.000Z","volume":11000,"label":" ","price":18.16},{"type":"A","date":"2018-04-25T05:05:04.000Z","volume":1000,"label":" ","price":18.16},{"type":"B","date":"2018-04-25T05:05:14.000Z","volume":1000,"label":" ","price":18.16},{"type":"A","date":"2018-04-25T05:05:22.000Z","volume":2000,"label":" ","price":18.18},{"type":"A","date":"2018-04-25T05:05:22.000Z","volume":4000,"label":"Y","price":18.18},{"type":"A","date":"2018-04-25T05:05:22.000Z","volume":13000,"label":" ","price":18.18},{"type":"B","date":"2018-04-25T05:05:29.000Z","volume":1000,"label":" ","price":18.16},{"type":"B","date":"2018-04-25T05:05:44.000Z","volume":1000,"label":" ","price":18.16},{"type":"B","date":"2018-04-25T05:05:51.000Z","volume":1000,"label":" ","price":18.16},{"type":"B","date":"2018-04-25T05:05:51.000Z","volume":4000,"label":" ","price":18.14},{"type":"B","date":"2018-04-25T05:06:04.000Z","volume":1000,"label":" ","price":18.14},{"type":"B","date":"2018-04-25T05:06:15.000Z","volume":1000,"label":" ","price":18.14},{"type":"B","date":"2018-04-25T05:06:19.000Z","volume":1000,"label":" ","price":18.14},{"type":"A","date":"2018-04-25T05:06:19.000Z","volume":1000,"label":" ","price":18.16},{"type":"B","date":"2018-04-25T05:06:34.000Z","volume":1000,"label":" ","price":18.14},{"type":"B","date":"2018-04-25T05:06:54.000Z","volume":1000,"label":" ","price":18.14},{"type":"B","date":"2018-04-25T05:07:09.000Z","volume":1000,"label":" ","price":18.14},{"type":"B","date":"2018-04-25T05:07:15.000Z","volume":37000,"label":" ","price":18.14},{"type":"B","date":"2018-04-25T05:07:15.000Z","volume":1000,"label":" ","price":18.14},{"type":"B","date":"2018-04-25T05:07:15.000Z","volume":4000,"label":" ","price":18.12},{"type":"B","date":"2018-04-25T05:07:19.000Z","volume":2000,"label":" ","price":18.12},{"type":"B","date":"2018-04-25T05:07:23.000Z","volume":1000,"label":" ","price":18.12},{"type":"B","date":"2018-04-25T05:07:24.000Z","volume":1000,"label":" ","price":18.12},{"type":"B","date":"2018-04-25T05:07:44.000Z","volume":1000,"label":" ","price":18.12},{"type":"B","date":"2018-04-25T05:07:58.000Z","volume":1000,"label":" ","price":18.12},{"type":"B","date":"2018-04-25T05:07:59.000Z","volume":1000,"label":" ","price":18.12},{"type":"B","date":"2018-04-25T05:08:31.000Z","volume":23000,"label":" ","price":18.12},{"type":"B","date":"2018-04-25T05:08:37.000Z","volume":2000,"label":" ","price":18.1},{"type":"B","date":"2018-04-25T05:08:37.000Z","volume":16000,"label":" ","price":18.1},{"type":"B","date":"2018-04-25T05:08:51.000Z","volume":1000,"label":" ","price":18.08},{"type":"B","date":"2018-04-25T05:09:18.000Z","volume":5000,"label":" ","price":18.06},{"type":"B","date":"2018-04-25T05:09:32.000Z","volume":1000,"label":" ","price":18.06},{"type":"B","date":"2018-04-25T05:10:04.000Z","volume":1000,"label":" ","price":18.06},{"type":"B","date":"2018-04-25T05:10:21.000Z","volume":1000,"label":" ","price":18.04},{"type":"B","date":"2018-04-25T05:10:21.000Z","volume":2000,"label":" ","price":18.04},{"type":"A","date":"2018-04-25T05:10:25.000Z","volume":3000,"label":" ","price":18.06},{"type":"B","date":"2018-04-25T05:10:41.000Z","volume":4000,"label":" ","price":18.04},{"type":"B","date":"2018-04-25T05:10:41.000Z","volume":1000,"label":" ","price":18.04},{"type":"B","date":"2018-04-25T05:10:56.000Z","volume":1000,"label":" ","price":18.04},{"type":"B","date":"2018-04-25T05:11:09.000Z","volume":2000,"label":" ","price":18.04},{"type":"B","date":"2018-04-25T05:11:11.000Z","volume":1000,"label":" ","price":18.04},{"type":"B","date":"2018-04-25T05:11:27.000Z","volume":1000,"label":" ","price":18.02},{"type":"B","date":"2018-04-25T05:11:46.000Z","volume":1000,"label":" ","price":18.02},{"type":"B","date":"2018-04-25T05:12:01.000Z","volume":1000,"label":" ","price":18},{"type":"B","date":"2018-04-25T05:12:21.000Z","volume":6000,"label":" ","price":18},{"type":"B","date":"2018-04-25T05:12:21.000Z","volume":1000,"label":" ","price":18},{"type":"B","date":"2018-04-25T05:12:36.000Z","volume":1000,"label":" ","price":18},{"type":"B","date":"2018-04-25T05:12:51.000Z","volume":1000,"label":" ","price":18},{"type":"B","date":"2018-04-25T05:13:06.000Z","volume":1000,"label":" ","price":18},{"type":"B","date":"2018-04-25T05:13:09.000Z","volume":2000,"label":" ","price":18},{"type":"B","date":"2018-04-25T05:13:15.000Z","volume":2000,"label":" ","price":18},{"type":"B","date":"2018-04-25T05:13:26.000Z","volume":1000,"label":"Y","price":17.98},{"type":"B","date":"2018-04-25T05:13:41.000Z","volume":1000,"label":" ","price":17.98},{"type":"B","date":"2018-04-25T05:13:57.000Z","volume":1000,"label":" ","price":17.98},{"type":"B","date":"2018-04-25T05:14:16.000Z","volume":1000,"label":" ","price":17.98},{"type":"B","date":"2018-04-25T05:14:16.000Z","volume":1000,"label":" ","price":17.98},{"type":"B","date":"2018-04-25T05:14:31.000Z","volume":1000,"label":" ","price":17.98},{"type":"B","date":"2018-04-25T05:14:47.000Z","volume":1000,"label":" ","price":17.98},{"type":"A","date":"2018-04-25T05:14:54.000Z","volume":1000,"label":" ","price":18.02},{"type":"B","date":"2018-04-25T05:15:06.000Z","volume":1000,"label":"Y","price":17.98},{"type":"B","date":"2018-04-25T05:15:22.000Z","volume":1000,"label":" ","price":18},{"type":"B","date":"2018-04-25T05:15:37.000Z","volume":1000,"label":"Y","price":17.98},{"type":"B","date":"2018-04-25T05:15:52.000Z","volume":1000,"label":"Y","price":17.98},{"type":"B","date":"2018-04-25T05:16:02.000Z","volume":1000,"label":" ","price":17.98},{"type":"B","date":"2018-04-25T05:16:07.000Z","volume":2000,"label":" ","price":17.98},{"type":"B","date":"2018-04-25T05:16:13.000Z","volume":1000,"label":"Y","price":17.98},{"type":"B","date":"2018-04-25T05:16:28.000Z","volume":1000,"label":"Y","price":17.98},{"type":"B","date":"2018-04-25T05:16:34.000Z","volume":1000,"label":" ","price":17.98},{"type":"B","date":"2018-04-25T05:16:43.000Z","volume":1000,"label":" ","price":17.98},{"type":"A","date":"2018-04-25T05:16:50.000Z","volume":1000,"label":" ","price":17.98},{"type":"B","date":"2018-04-25T05:17:03.000Z","volume":1000,"label":" ","price":17.96},{"type":"B","date":"2018-04-25T05:17:18.000Z","volume":1000,"label":" ","price":17.96},{"type":"B","date":"2018-04-25T05:17:33.000Z","volume":1000,"label":" ","price":17.96},{"type":"A","date":"2018-04-25T05:17:49.000Z","volume":3000,"label":" ","price":17.98},{"type":"B","date":"2018-04-25T05:17:53.000Z","volume":1000,"label":" ","price":17.96},{"type":"A","date":"2018-04-25T05:17:56.000Z","volume":45000,"label":" ","price":17.98},{"type":"A","date":"2018-04-25T05:17:56.000Z","volume":1000,"label":" ","price":18},{"type":"A","date":"2018-04-25T05:17:56.000Z","volume":5000,"label":" ","price":18},{"type":"A","date":"2018-04-25T05:17:58.000Z","volume":3000,"label":"Y","price":18},{"type":"A","date":"2018-04-25T05:17:58.000Z","volume":5000,"label":" ","price":18},{"type":"B","date":"2018-04-25T05:18:08.000Z","volume":1000,"label":" ","price":18},{"type":"A","date":"2018-04-25T05:18:40.000Z","volume":1000,"label":" ","price":18.04},{"type":"B","date":"2018-04-25T05:18:48.000Z","volume":1000,"label":" ","price":18},{"type":"B","date":"2018-04-25T05:19:13.000Z","volume":3000,"label":" ","price":18.02},{"type":"B","date":"2018-04-25T05:20:08.000Z","volume":1000,"label":" ","price":18.02},{"type":"A","date":"2018-04-25T05:20:16.000Z","volume":1000,"label":" ","price":18.04},{"type":"B","date":"2018-04-25T05:20:23.000Z","volume":1000,"label":" ","price":18.02},{"type":"A","date":"2018-04-25T05:20:43.000Z","volume":7000,"label":" ","price":18.04},{"type":"B","date":"2018-04-25T05:20:43.000Z","volume":1000,"label":" ","price":18.02},{"type":"B","date":"2018-04-25T05:20:59.000Z","volume":1000,"label":" ","price":18.02},{"type":"B","date":"2018-04-25T05:21:14.000Z","volume":1000,"label":" ","price":18.02},{"type":"B","date":"2018-04-25T05:21:34.000Z","volume":1000,"label":" ","price":18.02},{"type":"B","date":"2018-04-25T05:21:34.000Z","volume":1000,"label":" ","price":18.02},{"type":"B","date":"2018-04-25T05:21:49.000Z","volume":1000,"label":"Y","price":18},{"type":"B","date":"2018-04-25T05:21:54.000Z","volume":1000,"label":" ","price":18},{"type":"B","date":"2018-04-25T05:22:04.000Z","volume":1000,"label":" ","price":18},{"type":"A","date":"2018-04-25T05:22:17.000Z","volume":4000,"label":" ","price":18.04},{"type":"B","date":"2018-04-25T05:22:25.000Z","volume":7000,"label":" ","price":18.02}