[{"type":"U","date":"2018-04-26T01:20:00.000Z","volume":40000,"label":"U","price":2.29},{"type":"B","date":"2018-04-26T01:36:06.000Z","volume":4000,"label":" ","price":2.29},{"type":"B","date":"2018-04-26T01:36:06.000Z","volume":2000,"label":"Y","price":2.29},{"type":"A","date":"2018-04-26T01:39:15.000Z","volume":4000,"label":" ","price":2.29},{"type":"B","date":"2018-04-26T01:39:26.000Z","volume":50000,"label":" ","price":2.28},{"type":"B","date":"2018-04-26T01:39:26.000Z","volume":2000,"label":"Y","price":2.28},{"type":"B","date":"2018-04-26T01:39:26.000Z","volume":38000,"label":" ","price":2.28},{"type":"A","date":"2018-04-26T01:44:15.000Z","volume":4000,"label":" ","price":2.3},{"type":"B","date":"2018-04-26T01:44:24.000Z","volume":50000,"label":" ","price":2.28},{"type":"A","date":"2018-04-26T01:44:24.000Z","volume":2000,"label":" ","price":2.3},{"type":"A","date":"2018-04-26T01:45:22.000Z","volume":2000,"label":" ","price":2.3},{"type":"B","date":"2018-04-26T01:45:40.000Z","volume":42000,"label":" ","price":2.28},{"type":"B","date":"2018-04-26T01:48:15.000Z","volume":4000,"label":" ","price":2.28},{"type":"A","date":"2018-04-26T01:48:28.000Z","volume":4000,"label":" ","price":2.29},{"type":"A","date":"2018-04-26T01:48:45.000Z","volume":4000,"label":" ","price":2.29},{"type":"B","date":"2018-04-26T01:50:37.000Z","volume":36000,"label":" ","price":2.28},{"type":"B","date":"2018-04-26T01:51:02.000Z","volume":8000,"label":" ","price":2.28},{"type":"A","date":"2018-04-26T01:51:12.000Z","volume":18000,"label":" ","price":2.28},{"type":"A","date":"2018-04-26T01:54:05.000Z","volume":6000,"label":" ","price":2.3},{"type":"A","date":"2018-04-26T01:54:39.000Z","volume":4000,"label":" ","price":2.3},{"type":"A","date":"2018-04-26T01:55:22.000Z","volume":2000,"label":" ","price":2.3},{"type":"A","date":"2018-04-26T01:57:35.000Z","volume":10000,"label":" ","price":2.3},{"type":"A","date":"2018-04-26T01:59:18.000Z","volume":2000,"label":" ","price":2.3},{"type":"A","date":"2018-04-26T01:59:42.000Z","volume":4000,"label":" ","price":2.3},{"type":"B","date":"2018-04-26T02:02:31.000Z","volume":2000,"label":" ","price":2.28},{"type":"A","date":"2018-04-26T02:04:50.000Z","volume":4000,"label":" ","price":2.3},{"type":"A","date":"2018-04-26T02:07:00.000Z","volume":20000,"label":" ","price":2.3},{"type":"A","date":"2018-04-26T02:07:37.000Z","volume":8000,"label":" ","price":2.3},{"type":"A","date":"2018-04-26T02:09:20.000Z","volume":50000,"label":" ","price":2.3},{"type":"A","date":"2018-04-26T02:09:20.000Z","volume":8000,"label":" ","price":2.3},{"type":"A","date":"2018-04-26T02:09:20.000Z","volume":2000,"label":" ","price":2.3},{"type":"A","date":"2018-04-26T02:09:20.000Z","volume":4000,"label":" ","price":2.3},{"type":"A","date":"2018-04-26T02:11:07.000Z","volume":30000,"label":" ","price":2.31},{"type":"A","date":"2018-04-26T02:11:07.000Z","volume":4000,"label":" ","price":2.31},{"type":"A","date":"2018-04-26T02:11:10.000Z","volume":96000,"label":" ","price":2.31},{"type":"A","date":"2018-04-26T02:11:10.000Z","volume":6000,"label":" ","price":2.32},{"type":"A","date":"2018-04-26T02:11:11.000Z","volume":4000,"label":" ","price":2.32},{"type":"A","date":"2018-04-26T02:11:11.000Z","volume":4000,"label":" ","price":2.32},{"type":"A","date":"2018-04-26T02:11:16.000Z","volume":2000,"label":" ","price":2.32},{"type":"B","date":"2018-04-26T02:11:20.000Z","volume":12000,"label":" ","price":2.31},{"type":"U","date":"2018-04-26T02:11:20.000Z","volume":8000,"label":"X","price":2.315},{"type":"U","date":"2018-04-26T02:11:20.000Z","volume":16000,"label":"X","price":2.31},{"type":"B","date":"2018-04-26T02:11:20.000Z","volume":40000,"label":" ","price":2.31},{"type":"B","date":"2018-04-26T02:11:20.000Z","volume":2000,"label":" ","price":2.31},{"type":"B","date":"2018-04-26T02:11:20.000Z","volume":2000,"label":" ","price":2.31},{"type":"A","date":"2018-04-26T02:11:20.000Z","volume":2000,"label":" ","price":2.32},{"type":"A","date":"2018-04-26T02:11:42.000Z","volume":200000,"label":" ","price":2.32},{"type":"A","date":"2018-04-26T02:11:42.000Z","volume":4000,"label":" ","price":2.32},{"type":"A","date":"2018-04-26T02:11:42.000Z","volume":14000,"label":" ","price":2.32},{"type":"A","date":"2018-04-26T02:11:42.000Z","volume":2000,"label":" ","price":2.32},{"type":"A","date":"2018-04-26T02:11:44.000Z","volume":26000,"label":" ","price":2.32},{"type":"B","date":"2018-04-26T02:11:45.000Z","volume":30000,"label":" ","price":2.32},{"type":"A","date":"2018-04-26T02:13:26.000Z","volume":100000,"label":" ","price":2.32},{"type":"A","date":"2018-04-26T02:13:26.000Z","volume":4000,"label":" ","price":2.32},{"type":"A","date":"2018-04-26T02:13:58.000Z","volume":50000,"label":" ","price":2.32},{"type":"A","date":"2018-04-26T02:16:58.000Z","volume":38000,"label":" ","price":2.32},{"type":"B","date":"2018-04-26T02:19:39.000Z","volume":40000,"label":" ","price":2.32},{"type":"A","date":"2018-04-26T02:25:31.000Z","volume":50000,"label":" ","price":2.32},{"type":"A","date":"2018-04-26T02:25:34.000Z","volume":6000,"label":" ","price":2.32},{"type":"B","date":"2018-04-26T02:28:33.000Z","volume":10000,"label":" ","price":2.32},{"type":"B","date":"2018-04-26T02:29:22.000Z","volume":28000,"label":" ","price":2.32},{"type":"A","date":"2018-04-26T02:31:00.000Z","volume":30000,"label":" ","price":2.32},{"type":"A","date":"2018-04-26T02:33:59.000Z","volume":150000,"label":" ","price":2.32},{"type":"A","date":"2018-04-26T02:34:00.000Z","volume":6000,"label":" ","price":2.32},{"type":"A","date":"2018-04-26T02:34:02.000Z","volume":6000,"label":" ","price":2.32},{"type":"B","date":"2018-04-26T02:34:08.000Z","volume":6000,"label":" ","price":2.32},{"type":"A","date":"2018-04-26T02:34:47.000Z","volume":150000,"label":" ","price":2.32},{"type":"U","date":"2018-04-26T02:35:10.000Z","volume":6000,"label":" ","price":2.32},{"type":"B","date":"2018-04-26T02:38:17.000Z","volume":250000,"label":" ","price":2.31},{"type":"B","date":"2018-04-26T02:39:56.000Z","volume":10000,"label":" ","price":2.31},{"type":"A","date":"2018-04-26T02:41:32.000Z","volume":12000,"label":" ","price":2.32},{"type":"A","date":"2018-04-26T02:50:38.000Z","volume":30000,"label":" ","price":2.32},{"type":"A","date":"2018-04-26T02:51:33.000Z","volume":6000,"label":" ","price":2.32},{"type":"A","date":"2018-04-26T02:51:55.000Z","volume":4000,"label":" ","price":2.32},{"type":"A","date":"2018-04-26T02:55:38.000Z","volume":4000,"label":" ","price":2.32},{"type":"A","date":"2018-04-26T02:56:26.000Z","volume":2000,"label":" ","price":2.32},{"type":"A","date":"2018-04-26T03:00:02.000Z","volume":6000,"label":" ","price":2.32},{"type":"A","date":"2018-04-26T03:01:56.000Z","volume":2000,"label":" ","price":2.32},{"type":"A","date":"2018-04-26T03:01:56.000Z","volume":4000,"label":" ","price":2.32},{"type":"A","date":"2018-04-26T03:02:09.000Z","volume":126000,"label":" ","price":2.32},{"type":"B","date":"2018-04-26T03:02:31.000Z","volume":50000,"label":" ","price":2.32},{"type":"B","date":"2018-04-26T03:09:17.000Z","volume":10000,"label":" ","price":2.32},{"type":"B","date":"2018-04-26T03:12:30.000Z","volume":30000,"label":" ","price":2.32},{"type":"B","date":"2018-04-26T03:14:03.000Z","volume":50000,"label":" ","price":2.32},{"type":"A","date":"2018-04-26T03:29:26.000Z","volume":2000,"label":" ","price":2.33},{"type":"A","date":"2018-04-26T03:30:05.000Z","volume":4000,"label":" ","price":2.33},{"type":"A","date":"2018-04-26T03:33:43.000Z","volume":2000,"label":" ","price":2.33},{"type":"A","date":"2018-04-26T03:34:51.000Z","volume":2000,"label":" ","price":2.33},{"type":"A","date":"2018-04-26T03:40:16.000Z","volume":2000,"label":" ","price":2.33},{"type":"A","date":"2018-04-26T03:41:25.000Z","volume":4000,"label":" ","price":2.33},{"type":"A","date":"2018-04-26T03:45:28.000Z","volume":4000,"label":" ","price":2.33},{"type":"A","date":"2018-04-26T03:45:41.000Z","volume":2000,"label":" ","price":2.33},{"type":"A","date":"2018-04-26T03:47:31.000Z","volume":4000,"label":" ","price":2.33},{"type":"B","date":"2018-04-26T03:49:26.000Z","volume":10000,"label":" ","price":2.32},{"type":"B","date":"2018-04-26T03:56:07.000Z","volume":50000,"label":" ","price":2.32},{"type":"B","date":"2018-04-26T03:58:10.000Z","volume":12000,"label":" ","price":2.32},{"type":"B","date":"2018-04-26T05:00:02.000Z","volume":50000,"label":" ","price":2.32},{"type":"A","date":"2018-04-26T05:00:07.000Z","volume":8000,"label":" ","price":2.33},{"type":"B","date":"2018-04-26T05:02:23.000Z","volume":30000,"label":" ","price":2.32},{"type":"A","date":"2018-04-26T05:05:15.000Z","volume":10000,"label":" ","price":2.33},{"type":"A","date":"2018-04-26T05:07:52.000Z","volume":10000,"label":" ","price":2.33},{"type":"A","date":"2018-04-26T05:08:11.000Z","volume":2000,"label":" ","price":2.33},{"type":"A","date":"2018-04-26T05:11:21.000Z","volume":2000,"label":" ","price":2.33},{"type":"A","date":"2018-04-26T05:12:41.000Z","volume":2000,"label":" ","price":2.33},{"type":"A","date":"2018-04-26T05:14:37.000Z","volume":20000,"label":" ","price":2.33},{"type":"A","date":"2018-04-26T05:14:37.000Z","volume":2000,"label":" ","price":2.33},{"type":"A","date":"2018-04-26T05:15:06.000Z","volume":200000,"label":" ","price":2.33},{"type":"A","date":"2018-04-26T05:16:27.000Z","volume":18000,"label":" ","price":2.33},{"type":"A","date":"2018-04-26T05:18:01.000Z","volume":2000,"label":" ","price":2.33},{"type":"A","date":"2018-04-26T05:19:19.000Z","volume":2000,"label":" ","price":2.33},{"type":"B","date":"2018-04-26T05:20:31.000Z","volume":20000,"label":" ","price":2.32},{"type":"A","date":"2018-04-26T05:23:21.000Z","volume":2000,"label":" ","price":2.33},{"type":"A","date":"2018-04-26T05:23:21.000Z","volume":2000,"label":" ","price":2.33},{"type":"B","date":"2018-04-26T05:25:19.000Z","volume":10000,"label":" ","price":2.32},{"type":"A","date":"2018-04-26T05:25:19.000Z","volume":2000,"label":" ","price":2.33},{"type":"A","date":"2018-04-26T05:28:41.000Z","volume":2000,"label":" ","price":2.33},{"type":"A","date":"2018-04-26T05:29:48.000Z","volume":8000,"label":" ","price":2.33},{"type":"A","date":"2018-04-26T05:30:32.000Z","volume":2000,"label":" ","price":2.33},{"type":"A","date":"2018-04-26T05:31:56.000Z","volume":22000,"label":" ","price":2.33},{"type":"A","date":"2018-04-26T05:34:01.000Z","volume":2000,"label":" ","price":2.33},{"type":"A","date":"2018-04-26T05:34:43.000Z","volume":10000,"label":" ","price":2.33},{"type":"A","date":"2018-04-26T05:34:52.000Z","volume":22000,"label":" ","price":2.33},{"type":"A","date":"2018-04-26T05:35:18.000Z","volume":190000,"label":" ","price":2.33},{"type":"A","date":"2018-04-26T05:35:18.000Z","volume":2000,"label":" ","price":2.33},{"type":"B","date":"2018-04-26T05:35:44.000Z","volume":20000,"label":" ","price":2.33},{"type":"B","date":"2018-04-26T05:35:53.000Z","volume":30000,"label":" ","price":2.33},{"type":"A","date":"2018-04-26T05:36:32.000Z","volume":50000,"label":" ","price":2.34},{"type":"B","date":"2018-04-26T05:36:38.000Z","volume":20000,"label":" ","price":2.33},{"type":"A","date":"2018-04-26T05:37:05.000Z","volume":20000,"label":"Y","price":2.34},{"type":"A","date":"2018-04-26T05:37:05.000Z","volume":180000,"label":" ","price":2.34},{"type":"A","date":"2018-04-26T05:37:05.000Z","volume":20000,"label":" ","price":2.34},{"type":"A","date":"2018-04-26T05:37:09.000Z","volume":50000,"label":" ","price":2.34},{"type":"A","date":"2018-04-26T05:37:09.000Z","volume":34000,"label":" ","price":2.34},{"type":"A","date":"2018-04-26T05:37:12.000Z","volume":50000,"label":" ","price":2.34},{"type":"A","date":"2018-04-26T05:37:13.000Z","volume":4000,"label":" ","price":2.34},{"type":"A","date":"2018-04-26T05:37:23.000Z","volume":30000,"label":" ","price":2.34},{"type":"A","date":"2018-04-26T05:37:23.000Z","volume":4000,"label":" ","price":2.34},{"type":"B","date":"2018-04-26T05:39:43.000Z","volume":20000,"label":" ","price":2.34},{"type":"B","date":"2018-04-26T05:40:50.000Z","volume":40000,"label":" ","price":2.34},{"type":"B","date":"2018-04-26T05:40:55.000Z","volume":10000,"label":" ","price":2.34},{"type":"B","date":"2018-04-26T05:42:48.000Z","volume":68000,"label":" ","price":2.34},{"type":"A","date":"2018-04-26T05:43:40.000Z","volume":30000,"label":" ","price":2.34},{"type":"A","date":"2018-04-26T05:43:52.000Z","volume":10000,"label":" ","price":2.35},{"type":"A","date":"2018-04-26T05:45:19.000Z","volume":100000,"label":" ","price":2.34},{"type":"A","date":"2018-04-26T05:45:24.000Z","volume":2000,"label":"Y","price":2.34},{"type":"A","date":"2018-04-26T05:45:24.000Z","volume":6000,"label":" ","price":2.34},{"type":"B","date":"2018-04-26T05:51:47.000Z","volume":6000,"label":" ","price":2.34},{"type":"B","date":"2018-04-26T05:51:55.000Z","volume":6000,"label":" ","price":2.34},{"type":"U","date":"2018-04-26T05:51:55.000Z","volume":2000,"label":" ","price":2.34},{"type":"B","date":"2018-04-26T05:54:01.000Z","volume":12000,"label":" ","price":2.34},{"type":"B","date":"2018-04-26T05:54:59.000Z","volume":14000,"label":" ","price":2.34},{"type":"A","date":"2018-04-26T05:58:16.000Z","volume":10000,"label":" ","price":2.34},{"type":"B","date":"2018-04-26T05:59:57.000Z","volume":12000,"label":" ","price":2.34},{"type":"B","date":"2018-04-26T06:00:34.000Z","volume":10000,"label":" ","price":2.34},{"type":"B","date":"2018-04-26T06:00:34.000Z","volume":14000,"label":" ","price":2.34},{"type":"B","date":"2018-04-26T06:00:59.000Z","volume":6000,"label":" ","price":2.34},{"type":"A","date":"2018-04-26T06:01:19.000Z","volume":10000,"label":" ","price":2.34},{"type":"A","date":"2018-04-26T06:01:19.000Z","volume":2000,"label":" ","price":2.34},{"type":"A","date":"2018-04-26T06:01:22.000Z","volume":2000,"label":" ","price":2.34},{"type":"B","date":"2018-04-26T06:02:02.000Z","volume":20000,"label":" ","price":2.34},{"type":"B","date":"2018-04-26T06:02:29.000Z","volume":4000,"label":" ","price":2.33},{"type":"A","date":"2018-04-26T06:03:47.000Z","volume":10000,"label":" ","price":2.34},{"type":"A","date":"2018-04-26T06:03:47.000Z","volume":2000,"label":" ","price":2.34},{"type":"A","date":"2018-04-26T06:06:41.000Z","volume":50000,"label":" ","price":2.34},{"type":"A","date":"2018-04-26T06:07:01.000Z","volume":40000,"label":" ","price":2.34},{"type":"A","date":"2018-04-26T06:07:01.000Z","volume":6000,"label":" ","price":2.34},{"type":"A","date":"2018-04-26T06:08:30.000Z","volume":26000,"label":" ","price":2.34},{"type":"A","date":"2018-04-26T06:08:39.000Z","volume":14000,"label":" ","price":2.34},{"type":"B","date":"2018-04-26T06:09:18.000Z","volume":30000,"label":"Y","price":2.34},{"type":"B","date":"2018-04-26T06:09:55.000Z","volume":44000,"label":" ","price":2.34},{"type":"B","date":"2018-04-26T06:10:09.000Z","volume":20000,"label":" ","price":2.34},{"type":"B","date":"2018-04-26T06:10:09.000Z","volume":6000,"label":" ","price":2.34},{"type":"A","date":"2018-04-26T06:11:05.000Z","volume":20000,"label":" ","price":2.34},{"type":"A","date":"2018-04-26T06:11:17.000Z","volume":10000,"label":" ","price":2.34},{"type":"A","date":"2018-04-26T06:11:51.000Z","volume":10000,"label":"Y","price":2.34},{"type":"A","date":"2018-04-26T06:13:38.000Z","volume":20000,"label":" ","price":2.34},{"type":"A","date":"2018-04-26T06:13:44.000Z","volume":10000,"label":" ","price":2.34},{"type":"B","date":"2018-04-26T06:16:58.000Z","volume":8000,"label":" ","price":2.33},{"type":"B","date":"2018-04-26T06:20:02.000Z","volume":10000,"label":" ","price":2.33},{"type":"B","date":"2018-04-26T06:20:16.000Z","volume":30000,"label":" ","price":2.33},{"type":"B","date":"2018-04-26T06:20:47.000Z","volume":10000,"label":" ","price":2.33},{"type":"B","date":"2018-04-26T06:20:47.000Z","volume":212000,"label":" ","price":2.33},{"type":"B","date":"2018-04-26T06:22:27.000Z","volume":10000,"label":"Y","price":2.32},{"type":"B","date":"2018-04-26T06:22:27.000Z","volume":166000,"label":" ","price":2.32},{"type":"B","date":"2018-04-26T06:24:10.000Z","volume":50000,"label":" ","price":2.31},{"type":"B","date":"2018-04-26T06:24:18.000Z","volume":50000,"label":" ","price":2.31},{"type":"B","date":"2018-04-26T06:25:20.000Z","volume":4000,"label":" ","price":2.31},{"type":"A","date":"2018-04-26T06:26:53.000Z","volume":2000,"label":" ","price":2.32},{"type":"B","date":"2018-04-26T06:27:12.000Z","volume":36000,"label":" ","price":2.31},{"type":"B","date":"2018-04-26T06:28:02.000Z","volume":54000,"label":" ","price":2.3},{"type":"B","date":"2018-04-26T06:28:16.000Z","volume":2000,"label":" ","price":2.3},{"type":"A","date":"2018-04-26T06:28:16.000Z","volume":8000,"label":" ","price":2.3},{"type":"A","date":"2018-04-26T06:28:16.000Z","volume":4000,"label":" ","price":2.3},{"type":"B","date":"2018-04-26T06:29:27.000Z","volume":20000,"label":" ","price":2.3},{"type":"B","date":"2018-04-26T06:31:19.000Z","volume":20000,"label":" ","price":2.3},{"type":"A","date":"2018-04-26T06:31:56.000Z","volume":2000,"label":" ","price":2.31},{"type":"A","date":"2018-04-26T06:32:37.000Z","volume":2000,"label":" ","price":2.31},{"type":"A","date":"2018-04-26T06:33:24.000Z","volume":4000,"label":" ","price":2.31},{"type":"B","date":"2018-04-26T06:33:53.000Z","volume":12000,"label":"Y","price":2.3},{"type":"A","date":"2018-04-26T06:35:57.000Z","volume":2000,"label":" ","price":2.31},{"type":"A","date":"2018-04-26T06:38:07.000Z","volume":2000,"label":" ","price":2.31},{"type":"B","date":"2018-04-26T06:40:57.000Z","volume":20000,"label":" ","price":2.3},{"type":"A","date":"2018-04-26T06:40:57.000Z","volume":2000,"label":" ","price":2.31},{"type":"A","date":"2018-04-26T06:43:27.000Z","volume":2000,"label":" ","price":2.31},{"type":"A","date":"2018-04-26T06:43:55.000Z","volume":2000,"label":" ","price":2.31},{"type":"A","date":"2018-04-26T06:44:29.000Z","volume":2000,"label":" ","price":2.31},{"type":"A","date":"2018-04-26T06:44:57.000Z","volume":88000,"label":" ","price":2.31},{"type":"A","date":"2018-04-26T06:45:08.000Z","volume":20000,"label":" ","price":2.32},{"type":"B","date":"2018-04-26T06:45:28.000Z","volume":10000,"label":" ","price":2.31},{"type":"A","date":"2018-04-26T06:46:30.000Z","volume":2000,"label":" ","price":2.32},{"type":"A","date":"2018-04-26T06:49:14.000Z","volume":30000,"label":" ","price":2.32},{"type":"A","date":"2018-04-26T06:49:15.000Z","volume":2000,"label":" ","price":2.32},{"type":"A","date":"2018-04-26T06:49:17.000Z","volume":22000,"label":" ","price":2.32},{"type":"A","date":"2018-04-26T06:49:35.000Z","volume":138000,"label":" ","price":2.32},{"type":"A","date":"2018-04-26T06:49:43.000Z","volume":10000,"label":" ","price":2.33},{"type":"A","date":"2018-04-26T06:50:21.000Z","volume":100000,"label":" ","price":2.33},{"type":"A","date":"2018-04-26T06:50:23.000Z","volume":10000,"label":" ","price":2.33},{"type":"A","date":"2018-04-26T06:50:25.000Z","volume":2000,"label":" ","price":2.33},{"type":"A","date":"2018-04-26T06:50:47.000Z","volume":20000,"label":" ","price":2.33},{"type":"A","date":"2018-04-26T06:51:59.000Z","volume":48000,"label":" ","price":2.33},{"type":"A","date":"2018-04-26T06:51:59.000Z","volume":2000,"label":" ","price":2.33},{"type":"A","date":"2018-04-26T06:51:59.000Z","volume":2000,"label":" ","price":2.34},{"type":"A","date":"2018-04-26T06:51:59.000Z","volume":22000,"label":" ","price":2.34},{"type":"B","date":"2018-04-26T06:52:00.000Z","volume":26000,"label":" ","price":2.33},{"type":"B","date":"2018-04-26T06:52:02.000Z","volume":2000,"label":" ","price":2.33},{"type":"B","date":"2018-04-26T06:56:26.000Z","volume":6000,"label":" ","price":2.33},{"type":"B","date":"2018-04-26T06:59:01.000Z","volume":14000,"label":" ","price":2.33},{"type":"B","date":"2018-04-26T06:59:06.000Z","volume":2000,"label":" ","price":2.33},{"type":"A","date":"2018-04-26T07:01:12.000Z","volume":8000,"label":" ","price":2.34},{"type":"B","date":"2018-04-26T07:01:31.000Z","volume":4000,"label":" ","price":2.33},{"type":"A","date":"2018-04-26T07:04:04.000Z","volume":16000,"label":"Y","price":2.33},{"type":"A","date":"2018-04-26T07:04:04.000Z","volume":4000,"label":" ","price":2.33},{"type":"A","date":"2018-04-26T07:08:14.000Z","volume":2000,"label":" ","price":2.34},{"type":"A","date":"2018-04-26T07:11:22.000Z","volume":2000,"label":" ","price":2.34},{"type":"A","date":"2018-04-26T07:13:42.000Z","volume":2000,"label":" ","price":2.34},{"type":"A","date":"2018-04-26T07:13:50.000Z","volume":16000,"label":" ","price":2.33},{"type":"A","date":"2018-04-26T07:13:56.000Z","volume":40000,"label":" ","price":2.34},{"type":"A","date":"2018-04-26T07:14:40.000Z","volume":4000,"label":" ","price":2.34},{"type":"A","date":"2018-04-26T07:16:01.000Z","volume":96000,"label":" ","price":2.34},{"type":"A","date":"2018-04-26T07:16:20.000Z","volume":2000,"label":" ","price":2.34},{"type":"A","date":"2018-04-26T07:16:22.000Z","volume":50000,"label":" ","price":2.34},{"type":"A","date":"2018-04-26T07:16:26.000Z","volume":86000,"label":" ","price":2.34},{"type":"A","date":"2018-04-26T07:16:27.000Z","volume":20000,"label":" ","price":2.34},{"type":"A","date":"2018-04-26T07:16:27.000Z","volume":144000,"label":" ","price":2.34},{"type":"A","date":"2018-04-26T07:16:27.000Z","volume":8000,"label":" ","price":2.34},{"type":"A","date":"2018-04-26T07:16:27.000Z","volume":6000,"label":" ","price":2.34},{"type":"A","date":"2018-04-26T07:16:29.000Z","volume":2000,"label":" ","price":2.34},{"type":"A","date":"2018-04-26T07:16:31.000Z","volume":4000,"label":" ","price":2.34},{"type":"A","date":"2018-04-26T07:16:55.000Z","volume":4000,"label":" ","price":2.34},{"type":"B","date":"2018-04-26T07:19:24.000Z","volume":40000,"label":" ","price":2.34},{"type":"A","date":"2018-04-26T07:19:25.000Z","volume":16000,"label":" ","price":2.35},{"type":"A","date":"2018-04-26T07:19:27.000Z","volume":6000,"label":" ","price":2.35},{"type":"A","date":"2018-04-26T07:20:49.000Z","volume":50000,"label":" ","price":2.35},{"type":"A","date":"2018-04-26T07:21:06.000Z","volume":20000,"label":" ","price":2.35},{"type":"A","date":"2018-04-26T07:21:11.000Z","volume":40000,"label":" ","price":2.35},{"type":"A","date":"2018-04-26T07:21:20.000Z","volume":4000,"label":" ","price":2.35},{"type":"A","date":"2018-04-26T07:24:36.000Z","volume":2000,"label":" ","price":2.35},{"type":"A","date":"2018-04-26T07:25:09.000Z","volume":50000,"label":" ","price":2.35},{"type":"A","date":"2018-04-26T07:25:11.000Z","volume":18000,"label":" ","price":2.35},{"type":"A","date":"2018-04-26T07:26:03.000Z","volume":190000,"label":" ","price":2.35},{"type":"A","date":"2018-04-26T07:26:03.000Z","volume":22000,"label":" ","price":2.35},{"type":"A","date":"2018-04-26T07:26:55.000Z","volume":40000,"label":" ","price":2.35},{"type":"A","date":"2018-04-26T07:27:09.000Z","volume":2000,"label":" ","price":2.35},{"type":"A","date":"2018-04-26T07:27:13.000Z","volume":50000,"label":" ","price":2.35},{"type":"A","date":"2018-04-26T07:28:00.000Z","volume":50000,"label":" ","price":2.35},{"type":"A","date":"2018-04-26T07:28:01.000Z","volume":16000,"label":" ","price":2.35},{"type":"A","date":"2018-04-26T07:29:46.000Z","volume":2000,"label":" ","price":2.35},{"type":"A","date":"2018-04-26T07:30:01.000Z","volume":60000,"label":" ","price":2.35},{"type":"A","date":"2018-04-26T07:30:05.000Z","volume":2000,"label":" ","price":2.35},{"type":"A","date":"2018-04-26T07:30:05.000Z","volume":4000,"label":" ","price":2.35},{"type":"A","date":"2018-04-26T07:30:16.000Z","volume":30000,"label":" ","price":2.35},{"type":"B","date":"2018-04-26T07:31:06.000Z","volume":2000,"label":" ","price":2.34},{"type":"B","date":"2018-04-26T07:32:33.000Z","volume":20000,"label":" ","price":2.34},{"type":"A","date":"2018-04-26T07:34:05.000Z","volume":4000,"label":" ","price":2.35},{"type":"A","date":"2018-04-26T07:34:56.000Z","volume":2000,"label":" ","price":2.35},{"type":"A","date":"2018-04-26T07:34:57.000Z","volume":14000,"label":" ","price":2.35},{"type":"A","date":"2018-04-26T07:35:02.000Z","volume":54000,"label":" ","price":2.35},{"type":"A","date":"2018-04-26T07:37:05.000Z","volume":2000,"label":" ","price":2.35},{"type":"A","date":"2018-04-26T07:37:52.000Z","volume":2000,"label":" ","price":2.35},{"type":"A","date":"2018-04-26T07:38:25.000Z","volume":20000,"label":" ","price":2.35},{"type":"A","date":"2018-04-26T07:38:30.000Z","volume":314000,"label":" ","price":2.35},{"type":"A","date":"2018-04-26T07:38:31.000Z","volume":26000,"label":" ","price":2.35},{"type":"A","date":"2018-04-26T07:38:33.000Z","volume":18000,"label":" ","price":2.35},{"type":"A","date":"2018-04-26T07:39:11.000Z","volume":68000,"label":" ","price":2.35},{"type":"A","date":"2018-04-26T07:39:16.000Z","volume":172000,"label":" ","price":2.35},{"type":"A","date":"2018-04-26T07:39:16.000Z","volume":4000,"label":" ","price":2.35},{"type":"A","date":"2018-04-26T07:39:16.000Z","volume":8000,"label":" ","price":2.36},{"type":"A","date":"2018-04-26T07:39:17.000Z","volume":20000,"label":" ","price":2.36},{"type":"A","date":"2018-04-26T07:40:42.000Z","volume":4000,"label":" ","price":2.36},{"type":"A","date":"2018-04-26T07:41:03.000Z","volume":18000,"label":" ","price":2.36},{"type":"A","date":"2018-04-26T07:41:06.000Z","volume":20000,"label":" ","price":2.36},{"type":"B","date":"2018-04-26T07:41:40.000Z","volume":200000,"label":" ","price":2.35},{"type":"B","date":"2018-04-26T07:41:40.000Z","volume":46000,"label":" ","price":2.35},{"type":"B","date":"2018-04-26T07:43:40.000Z","volume":20000,"label":" ","price":2.35},{"type":"B","date":"2018-04-26T07:44:21.000Z","volume":100000,"label":" ","price":2.35},{"type":"B","date":"2018-04-26T07:44:33.000Z","volume":80000,"label":" ","price":2.35},{"type":"A","date":"2018-04-26T07:48:20.000Z","volume":2000,"label":" ","price":2.35},{"type":"A","date":"2018-04-26T07:48:49.000Z","volume":32000,"label":" ","price":2.35},{"type":"A","date":"2018-04-26T07:50:47.000Z","volume":2000,"label":" ","price":2.36},{"type":"A","date":"2018-04-26T07:52:29.000Z","volume":50000,"label":" ","price":2.36},{"type":"A","date":"2018-04-26T07:53:38.000Z","volume":8000,"label":" ","price":2.36},{"type":"A","date":"2018-04-26T07:53:38.000Z","volume":4000,"label":" ","price":2.36},{"type":"B","date":"2018-04-26T07:54:58.000Z","volume":50000,"label":" ","price":2.35},{"type":"A","date":"2018-04-26T07:55:19.000Z","volume":2000,"label":" ","price":2.36},{"type":"A","date":"2018-04-26T07:56:49.000Z","volume":2000,"label":" ","price":2.36},{"type":"A","date":"2018-04-26T07:57:33.000Z","volume":2000,"label":" ","price":2.36},{"type":"A","date":"2018-04-26T07:58:40.000Z","volume":50000,"label":" ","price":2.36},{"type":"A","date":"2018-04-26T07:58:41.000Z","volume":50000,"label":" ","price":2.36},{"type":"A","date":"2018-04-26T07:58:46.000Z","volume":60000,"label":" ","price":2.36},{"type":"A","date":"2018-04-26T07:58:51.000Z","volume":2000,"label":" ","price":2.36},{"type":"A","date":"2018-04-26T07:58:57.000Z","volume":2000,"label":" ","price":2.36},{"type":"A","date":"2018-04-26T07:59:03.000Z","volume":2000,"label":" ","price":2.36},{"type":"A","date":"2018-04-26T07:59:19.000Z","volume":146000,"label":" ","price":2.36},{"type":"A","date":"2018-04-26T07:59:23.000Z","volume":10000,"label":" ","price":2.36},{"type":"A","date":"2018-04-26T07:59:26.000Z","volume":164000,"label":" ","price":2.36},{"type":"A","date":"2018-04-26T07:59:27.000Z","volume":22000,"label":" ","price":2.36},{"type":"A","date":"2018-04-26T07:59:37.000Z","volume":80000,"label":" ","price":2.36},{"type":"A","date":"2018-04-26T07:59:40.000Z","volume":2000,"label":" ","price":2.36},{"type":"B","date":"2018-04-26T07:59:43.000Z","volume":80000,"label":" ","price":2.35},{"type":"A","date":"2018-04-26T07:59:43.000Z","volume":24000,"label":" ","price":2.36},{"type":"U","date":"2018-04-26T08:08:16.000Z","volume":300000,"label":"U","price":2.36}]