[{"type":"A","date":"2018-04-24T01:42:40.000Z","volume":20000,"label":" ","price":0.46},{"type":"B","date":"2018-04-24T01:52:53.000Z","volume":10000,"label":" ","price":0.455},{"type":"B","date":"2018-04-24T01:55:15.000Z","volume":1700000,"label":" ","price":0.455},{"type":"B","date":"2018-04-24T01:55:15.000Z","volume":14000,"label":" ","price":0.455},{"type":"U","date":"2018-04-24T01:59:56.000Z","volume":4000,"label":" ","price":0.455},{"type":"B","date":"2018-04-24T02:00:25.000Z","volume":14000,"label":" ","price":0.455},{"type":"B","date":"2018-04-24T02:01:22.000Z","volume":96000,"label":" ","price":0.455},{"type":"A","date":"2018-04-24T02:05:58.000Z","volume":40000,"label":" ","price":0.455},{"type":"A","date":"2018-04-24T02:07:34.000Z","volume":80000,"label":" ","price":0.455},{"type":"A","date":"2018-04-24T02:07:46.000Z","volume":42000,"label":" ","price":0.455},{"type":"B","date":"2018-04-24T02:10:23.000Z","volume":4000,"label":" ","price":0.455},{"type":"A","date":"2018-04-24T02:23:38.000Z","volume":190000,"label":" ","price":0.46},{"type":"B","date":"2018-04-24T02:27:22.000Z","volume":16000,"label":" ","price":0.455},{"type":"A","date":"2018-04-24T02:31:25.000Z","volume":136000,"label":" ","price":0.46},{"type":"A","date":"2018-04-24T02:32:06.000Z","volume":10000,"label":" ","price":0.46},{"type":"A","date":"2018-04-24T02:47:44.000Z","volume":14000,"label":"Y","price":0.46},{"type":"A","date":"2018-04-24T02:47:44.000Z","volume":46000,"label":" ","price":0.46},{"type":"A","date":"2018-04-24T03:20:36.000Z","volume":60000,"label":" ","price":0.46},{"type":"B","date":"2018-04-24T03:25:24.000Z","volume":2000,"label":" ","price":0.455},{"type":"B","date":"2018-04-24T03:30:18.000Z","volume":2000,"label":" ","price":0.455},{"type":"B","date":"2018-04-24T03:35:21.000Z","volume":4000,"label":" ","price":0.455},{"type":"B","date":"2018-04-24T03:45:22.000Z","volume":2000,"label":" ","price":0.455},{"type":"B","date":"2018-04-24T03:50:27.000Z","volume":4000,"label":" ","price":0.455},{"type":"B","date":"2018-04-24T03:55:19.000Z","volume":2000,"label":" ","price":0.455},{"type":"B","date":"2018-04-24T05:00:23.000Z","volume":2000,"label":" ","price":0.455},{"type":"B","date":"2018-04-24T05:10:27.000Z","volume":4000,"label":" ","price":0.455},{"type":"B","date":"2018-04-24T05:15:26.000Z","volume":2000,"label":" ","price":0.455},{"type":"B","date":"2018-04-24T05:20:19.000Z","volume":4000,"label":" ","price":0.455},{"type":"B","date":"2018-04-24T05:25:22.000Z","volume":2000,"label":" ","price":0.455},{"type":"B","date":"2018-04-24T05:30:18.000Z","volume":4000,"label":" ","price":0.455},{"type":"B","date":"2018-04-24T05:35:25.000Z","volume":2000,"label":" ","price":0.455},{"type":"B","date":"2018-04-24T05:45:22.000Z","volume":2000,"label":" ","price":0.455},{"type":"B","date":"2018-04-24T05:46:08.000Z","volume":1200000,"label":" ","price":0.455},{"type":"B","date":"2018-04-24T05:55:26.000Z","volume":2000,"label":" ","price":0.455},{"type":"B","date":"2018-04-24T06:00:25.000Z","volume":2000,"label":" ","price":0.455},{"type":"B","date":"2018-04-24T06:05:21.000Z","volume":2000,"label":" ","price":0.455},{"type":"A","date":"2018-04-24T06:13:34.000Z","volume":150000,"label":" ","price":0.46},{"type":"B","date":"2018-04-24T06:15:23.000Z","volume":2000,"label":" ","price":0.455},{"type":"B","date":"2018-04-24T06:17:17.000Z","volume":30000,"label":" ","price":0.455},{"type":"B","date":"2018-04-24T06:20:24.000Z","volume":4000,"label":" ","price":0.455},{"type":"B","date":"2018-04-24T06:35:18.000Z","volume":2000,"label":" ","price":0.455},{"type":"B","date":"2018-04-24T06:40:18.000Z","volume":4000,"label":" ","price":0.455},{"type":"A","date":"2018-04-24T06:53:50.000Z","volume":20000,"label":" ","price":0.46},{"type":"B","date":"2018-04-24T06:55:27.000Z","volume":2000,"label":" ","price":0.455},{"type":"B","date":"2018-04-24T07:05:17.000Z","volume":2000,"label":" ","price":0.455},{"type":"B","date":"2018-04-24T07:10:18.000Z","volume":4000,"label":" ","price":0.455},{"type":"B","date":"2018-04-24T07:15:23.000Z","volume":4000,"label":" ","price":0.455},{"type":"B","date":"2018-04-24T07:25:18.000Z","volume":4000,"label":" ","price":0.455},{"type":"B","date":"2018-04-24T07:35:21.000Z","volume":2000,"label":" ","price":0.455},{"type":"B","date":"2018-04-24T07:37:54.000Z","volume":80000,"label":" ","price":0.455},{"type":"B","date":"2018-04-24T07:40:18.000Z","volume":4000,"label":" ","price":0.455},{"type":"A","date":"2018-04-24T07:40:18.000Z","volume":4000,"label":" ","price":0.46},{"type":"B","date":"2018-04-24T07:45:26.000Z","volume":4000,"label":" ","price":0.455},{"type":"B","date":"2018-04-24T07:46:55.000Z","volume":10000,"label":" ","price":0.455},{"type":"B","date":"2018-04-24T07:55:13.000Z","volume":4000,"label":" ","price":0.455},{"type":"B","date":"2018-04-24T07:58:05.000Z","volume":6000,"label":" ","price":0.455},{"type":"B","date":"2018-04-24T07:58:56.000Z","volume":24000,"label":" ","price":0.455},{"type":"B","date":"2018-04-24T07:59:04.000Z","volume":6000,"label":" ","price":0.455},{"type":"B","date":"2018-04-24T07:59:24.000Z","volume":4000,"label":" ","price":0.455},{"type":"B","date":"2018-04-24T07:59:25.000Z","volume":2000,"label":" ","price":0.455}]