[{"type":"B","date":"2018-04-04T01:52:45.000Z","volume":10000,"label":" ","price":0.235},{"type":"U","date":"2018-04-04T01:53:01.000Z","volume":2500,"label":"D","price":0.22},{"type":"A","date":"2018-04-04T01:54:01.000Z","volume":30000,"label":" ","price":0.245},{"type":"A","date":"2018-04-04T01:57:19.000Z","volume":30000,"label":" ","price":0.245},{"type":"U","date":"2018-04-04T02:05:28.000Z","volume":2500,"label":"D","price":0.229},{"type":"A","date":"2018-04-04T02:05:52.000Z","volume":10000,"label":" ","price":0.245},{"type":"B","date":"2018-04-04T02:06:38.000Z","volume":200000,"label":" ","price":0.24},{"type":"A","date":"2018-04-04T02:06:44.000Z","volume":10000,"label":" ","price":0.245},{"type":"B","date":"2018-04-04T02:24:57.000Z","volume":30000,"label":" ","price":0.241},{"type":"B","date":"2018-04-04T02:24:57.000Z","volume":970000,"label":" ","price":0.24},{"type":"A","date":"2018-04-04T02:28:16.000Z","volume":10000,"label":" ","price":0.245},{"type":"B","date":"2018-04-04T02:42:55.000Z","volume":40000,"label":" ","price":0.24},{"type":"A","date":"2018-04-04T03:08:24.000Z","volume":10000,"label":" ","price":0.244},{"type":"A","date":"2018-04-04T03:30:25.000Z","volume":10000,"label":"Y","price":0.244},{"type":"A","date":"2018-04-04T03:55:56.000Z","volume":10000,"label":" ","price":0.243},{"type":"A","date":"2018-04-04T05:04:36.000Z","volume":110000,"label":" ","price":0.241},{"type":"A","date":"2018-04-04T05:30:35.000Z","volume":10000,"label":" ","price":0.241},{"type":"A","date":"2018-04-04T05:36:23.000Z","volume":10000,"label":" ","price":0.241},{"type":"A","date":"2018-04-04T06:00:23.000Z","volume":10000,"label":" ","price":0.241},{"type":"B","date":"2018-04-04T06:17:58.000Z","volume":60000,"label":" ","price":0.23},{"type":"A","date":"2018-04-04T06:18:31.000Z","volume":10000,"label":" ","price":0.237},{"type":"B","date":"2018-04-04T06:34:54.000Z","volume":40000,"label":" ","price":0.23},{"type":"A","date":"2018-04-04T06:37:49.000Z","volume":10000,"label":" ","price":0.236},{"type":"A","date":"2018-04-04T06:46:50.000Z","volume":10000,"label":" ","price":0.235},{"type":"A","date":"2018-04-04T06:52:20.000Z","volume":20000,"label":" ","price":0.235},{"type":"A","date":"2018-04-04T06:56:00.000Z","volume":50000,"label":" ","price":0.232},{"type":"A","date":"2018-04-04T06:56:16.000Z","volume":30000,"label":" ","price":0.235},{"type":"A","date":"2018-04-04T06:57:17.000Z","volume":30000,"label":" ","price":0.237},{"type":"A","date":"2018-04-04T06:57:54.000Z","volume":10000,"label":" ","price":0.239},{"type":"B","date":"2018-04-04T07:02:34.000Z","volume":10000,"label":" ","price":0.234},{"type":"B","date":"2018-04-04T07:02:34.000Z","volume":30000,"label":" ","price":0.233},{"type":"A","date":"2018-04-04T07:05:18.000Z","volume":10000,"label":" ","price":0.238},{"type":"B","date":"2018-04-04T07:11:00.000Z","volume":10000,"label":" ","price":0.234},{"type":"B","date":"2018-04-04T07:11:00.000Z","volume":10000,"label":" ","price":0.233},{"type":"B","date":"2018-04-04T07:11:00.000Z","volume":10000,"label":" ","price":0.232},{"type":"B","date":"2018-04-04T07:11:00.000Z","volume":70000,"label":" ","price":0.23},{"type":"A","date":"2018-04-04T07:11:37.000Z","volume":10000,"label":" ","price":0.237},{"type":"B","date":"2018-04-04T07:29:22.000Z","volume":100000,"label":" ","price":0.23},{"type":"B","date":"2018-04-04T07:38:43.000Z","volume":20000,"label":" ","price":0.23},{"type":"B","date":"2018-04-04T07:38:43.000Z","volume":40000,"label":" ","price":0.229},{"type":"B","date":"2018-04-04T07:38:43.000Z","volume":50000,"label":" ","price":0.227},{"type":"B","date":"2018-04-04T07:38:43.000Z","volume":190000,"label":" ","price":0.226},{"type":"A","date":"2018-04-04T07:52:28.000Z","volume":100000,"label":" ","price":0.229},{"type":"A","date":"2018-04-04T07:53:14.000Z","volume":50000,"label":" ","price":0.23},{"type":"A","date":"2018-04-04T07:54:23.000Z","volume":100000,"label":" ","price":0.23},{"type":"A","date":"2018-04-04T07:56:08.000Z","volume":90000,"label":" ","price":0.23},{"type":"A","date":"2018-04-04T07:56:08.000Z","volume":200000,"label":" ","price":0.231},{"type":"A","date":"2018-04-04T07:56:08.000Z","volume":200000,"label":" ","price":0.232},{"type":"A","date":"2018-04-04T07:56:08.000Z","volume":10000,"label":" ","price":0.233},{"type":"A","date":"2018-04-04T07:57:40.000Z","volume":190000,"label":" ","price":0.232},{"type":"A","date":"2018-04-04T07:57:40.000Z","volume":310000,"label":" ","price":0.233},{"type":"A","date":"2018-04-04T07:58:12.000Z","volume":180000,"label":" ","price":0.233},{"type":"A","date":"2018-04-04T07:58:12.000Z","volume":320000,"label":" ","price":0.234},{"type":"A","date":"2018-04-04T07:58:44.000Z","volume":240000,"label":" ","price":0.235},{"type":"A","date":"2018-04-04T07:58:44.000Z","volume":60000,"label":" ","price":0.236},{"type":"A","date":"2018-04-04T07:59:22.000Z","volume":10000,"label":" ","price":0.235},{"type":"A","date":"2018-04-04T07:59:27.000Z","volume":10000,"label":" ","price":0.235},{"type":"A","date":"2018-04-04T07:59:48.000Z","volume":20000,"label":" ","price":0.235},{"type":"B","date":"2018-04-04T07:59:58.000Z","volume":10000,"label":" ","price":0.229}]