[{"type":"U","date":"2018-04-17T01:35:16.000Z","volume":1000,"label":" ","price":7.55},{"type":"U","date":"2018-04-17T01:35:36.000Z","volume":1000,"label":"X","price":7.55},{"type":"B","date":"2018-04-17T01:38:36.000Z","volume":7000,"label":" ","price":7.51},{"type":"B","date":"2018-04-17T01:38:36.000Z","volume":1000,"label":" ","price":7.5},{"type":"A","date":"2018-04-17T01:38:37.000Z","volume":1000,"label":"Y","price":7.5},{"type":"B","date":"2018-04-17T01:38:37.000Z","volume":1000,"label":" ","price":7.48},{"type":"B","date":"2018-04-17T01:38:39.000Z","volume":2000,"label":" ","price":7.48},{"type":"B","date":"2018-04-17T01:39:41.000Z","volume":10000,"label":" ","price":7.48},{"type":"B","date":"2018-04-17T01:39:41.000Z","volume":3000,"label":" ","price":7.48},{"type":"B","date":"2018-04-17T01:39:41.000Z","volume":4000,"label":" ","price":7.48},{"type":"B","date":"2018-04-17T01:39:41.000Z","volume":2000,"label":" ","price":7.47},{"type":"B","date":"2018-04-17T01:39:41.000Z","volume":3000,"label":" ","price":7.47},{"type":"B","date":"2018-04-17T01:39:44.000Z","volume":2000,"label":" ","price":7.45},{"type":"B","date":"2018-04-17T01:40:58.000Z","volume":3000,"label":" ","price":7.46},{"type":"B","date":"2018-04-17T01:40:58.000Z","volume":1000,"label":" ","price":7.45},{"type":"B","date":"2018-04-17T01:41:01.000Z","volume":1000,"label":" ","price":7.45},{"type":"B","date":"2018-04-17T01:48:02.000Z","volume":1000,"label":" ","price":7.45},{"type":"B","date":"2018-04-17T01:48:02.000Z","volume":1000,"label":" ","price":7.45},{"type":"B","date":"2018-04-17T01:50:17.000Z","volume":2000,"label":" ","price":7.45},{"type":"B","date":"2018-04-17T01:50:18.000Z","volume":1000,"label":" ","price":7.45},{"type":"B","date":"2018-04-17T01:55:32.000Z","volume":1000,"label":" ","price":7.46},{"type":"U","date":"2018-04-17T01:56:17.000Z","volume":1000,"label":"X","price":7.465},{"type":"B","date":"2018-04-17T01:57:56.000Z","volume":1000,"label":"Y","price":7.46},{"type":"A","date":"2018-04-17T01:57:56.000Z","volume":1000,"label":"Y","price":7.46},{"type":"B","date":"2018-04-17T01:57:57.000Z","volume":1000,"label":" ","price":7.45},{"type":"B","date":"2018-04-17T02:01:51.000Z","volume":31000,"label":" ","price":7.45},{"type":"B","date":"2018-04-17T02:01:51.000Z","volume":42000,"label":" ","price":7.45},{"type":"B","date":"2018-04-17T02:01:51.000Z","volume":2000,"label":" ","price":7.44},{"type":"B","date":"2018-04-17T02:01:51.000Z","volume":3000,"label":" ","price":7.43},{"type":"B","date":"2018-04-17T02:01:51.000Z","volume":3000,"label":" ","price":7.43},{"type":"B","date":"2018-04-17T02:01:51.000Z","volume":1000,"label":" ","price":7.43},{"type":"B","date":"2018-04-17T02:01:51.000Z","volume":1000,"label":" ","price":7.43},{"type":"B","date":"2018-04-17T02:01:52.000Z","volume":7000,"label":" ","price":7.43},{"type":"B","date":"2018-04-17T02:01:53.000Z","volume":1000,"label":" ","price":7.42},{"type":"B","date":"2018-04-17T02:01:54.000Z","volume":1000,"label":" ","price":7.42},{"type":"B","date":"2018-04-17T02:01:54.000Z","volume":1000,"label":" ","price":7.42},{"type":"B","date":"2018-04-17T02:01:54.000Z","volume":1000,"label":" ","price":7.42},{"type":"B","date":"2018-04-17T02:01:56.000Z","volume":4000,"label":" ","price":7.41},{"type":"B","date":"2018-04-17T02:01:56.000Z","volume":1000,"label":" ","price":7.41},{"type":"B","date":"2018-04-17T02:01:56.000Z","volume":1000,"label":" ","price":7.4},{"type":"A","date":"2018-04-17T02:01:58.000Z","volume":4000,"label":" ","price":7.41},{"type":"B","date":"2018-04-17T02:01:58.000Z","volume":4000,"label":" ","price":7.4},{"type":"A","date":"2018-04-17T02:02:04.000Z","volume":2000,"label":" ","price":7.41},{"type":"B","date":"2018-04-17T02:02:04.000Z","volume":1000,"label":" ","price":7.4},{"type":"B","date":"2018-04-17T02:02:04.000Z","volume":25000,"label":" ","price":7.4},{"type":"B","date":"2018-04-17T02:02:04.000Z","volume":14000,"label":" ","price":7.4},{"type":"B","date":"2018-04-17T02:02:04.000Z","volume":2000,"label":" ","price":7.39},{"type":"B","date":"2018-04-17T02:02:04.000Z","volume":2000,"label":" ","price":7.39},{"type":"B","date":"2018-04-17T02:02:06.000Z","volume":1000,"label":" ","price":7.4},{"type":"B","date":"2018-04-17T02:02:08.000Z","volume":7000,"label":" ","price":7.39},{"type":"B","date":"2018-04-17T02:02:08.000Z","volume":1000,"label":" ","price":7.39},{"type":"A","date":"2018-04-17T02:02:10.000Z","volume":16000,"label":" ","price":7.4},{"type":"B","date":"2018-04-17T02:02:10.000Z","volume":1000,"label":" ","price":7.39},{"type":"B","date":"2018-04-17T02:02:10.000Z","volume":1000,"label":" ","price":7.39},{"type":"B","date":"2018-04-17T02:02:10.000Z","volume":3000,"label":" ","price":7.39},{"type":"U","date":"2018-04-17T02:02:17.000Z","volume":1000,"label":"X","price":7.395},{"type":"A","date":"2018-04-17T02:02:17.000Z","volume":44000,"label":" ","price":7.4},{"type":"A","date":"2018-04-17T02:02:24.000Z","volume":2000,"label":" ","price":7.4},{"type":"A","date":"2018-04-17T02:02:49.000Z","volume":3000,"label":" ","price":7.4},{"type":"B","date":"2018-04-17T02:04:47.000Z","volume":1000,"label":" ","price":7.39},{"type":"A","date":"2018-04-17T02:06:06.000Z","volume":1000,"label":" ","price":7.4},{"type":"A","date":"2018-04-17T02:08:42.000Z","volume":3000,"label":" ","price":7.4},{"type":"A","date":"2018-04-17T02:10:51.000Z","volume":10000,"label":" ","price":7.4},{"type":"A","date":"2018-04-17T02:10:51.000Z","volume":7000,"label":" ","price":7.4},{"type":"A","date":"2018-04-17T02:10:51.000Z","volume":4000,"label":" ","price":7.4},{"type":"A","date":"2018-04-17T02:10:51.000Z","volume":4000,"label":" ","price":7.41},{"type":"A","date":"2018-04-17T02:29:39.000Z","volume":1000,"label":" ","price":7.45},{"type":"U","date":"2018-04-17T02:37:38.000Z","volume":1000,"label":"X","price":7.44},{"type":"B","date":"2018-04-17T02:42:28.000Z","volume":3000,"label":" ","price":7.44},{"type":"U","date":"2018-04-17T02:43:08.000Z","volume":1000,"label":"X","price":7.445},{"type":"B","date":"2018-04-17T02:43:17.000Z","volume":1000,"label":" ","price":7.44},{"type":"B","date":"2018-04-17T02:43:17.000Z","volume":1000,"label":" ","price":7.44},{"type":"A","date":"2018-04-17T02:45:16.000Z","volume":1000,"label":" ","price":7.45},{"type":"B","date":"2018-04-17T02:54:02.000Z","volume":1000,"label":" ","price":7.44},{"type":"B","date":"2018-04-17T02:54:02.000Z","volume":1000,"label":" ","price":7.44},{"type":"B","date":"2018-04-17T02:54:17.000Z","volume":1000,"label":" ","price":7.44},{"type":"B","date":"2018-04-17T02:54:17.000Z","volume":1000,"label":" ","price":7.44},{"type":"B","date":"2018-04-17T02:58:22.000Z","volume":1000,"label":" ","price":7.44},{"type":"A","date":"2018-04-17T03:06:00.000Z","volume":1000,"label":" ","price":7.45},{"type":"B","date":"2018-04-17T03:06:02.000Z","volume":1000,"label":" ","price":7.44},{"type":"B","date":"2018-04-17T03:06:05.000Z","volume":1000,"label":" ","price":7.44},{"type":"A","date":"2018-04-17T03:12:01.000Z","volume":10000,"label":" ","price":7.45},{"type":"A","date":"2018-04-17T03:13:17.000Z","volume":1000,"label":" ","price":7.45},{"type":"B","date":"2018-04-17T03:15:02.000Z","volume":1000,"label":"Y","price":7.44},{"type":"B","date":"2018-04-17T03:15:02.000Z","volume":1000,"label":" ","price":7.44},{"type":"B","date":"2018-04-17T03:15:26.000Z","volume":1000,"label":" ","price":7.44},{"type":"B","date":"2018-04-17T03:19:07.000Z","volume":1000,"label":" ","price":7.44},{"type":"B","date":"2018-04-17T03:19:11.000Z","volume":1000,"label":" ","price":7.44},{"type":"B","date":"2018-04-17T03:22:07.000Z","volume":1000,"label":" ","price":7.44},{"type":"B","date":"2018-04-17T03:24:37.000Z","volume":1000,"label":" ","price":7.44},{"type":"A","date":"2018-04-17T03:29:40.000Z","volume":1000,"label":" ","price":7.45},{"type":"B","date":"2018-04-17T03:32:03.000Z","volume":5000,"label":" ","price":7.44},{"type":"B","date":"2018-04-17T03:32:05.000Z","volume":2000,"label":" ","price":7.44},{"type":"A","date":"2018-04-17T03:39:15.000Z","volume":1000,"label":" ","price":7.44},{"type":"B","date":"2018-04-17T03:52:47.000Z","volume":1000,"label":" ","price":7.43},{"type":"A","date":"2018-04-17T03:55:29.000Z","volume":2000,"label":" ","price":7.44},{"type":"A","date":"2018-04-17T03:57:20.000Z","volume":1000,"label":" ","price":7.44},{"type":"B","date":"2018-04-17T05:11:47.000Z","volume":1000,"label":" ","price":7.43},{"type":"B","date":"2018-04-17T05:11:47.000Z","volume":1000,"label":" ","price":7.43},{"type":"B","date":"2018-04-17T05:11:47.000Z","volume":1000,"label":" ","price":7.43},{"type":"B","date":"2018-04-17T05:12:27.000Z","volume":1000,"label":" ","price":7.43},{"type":"B","date":"2018-04-17T05:12:34.000Z","volume":1000,"label":" ","price":7.43},{"type":"A","date":"2018-04-17T05:13:20.000Z","volume":1000,"label":" ","price":7.44},{"type":"B","date":"2018-04-17T05:13:32.000Z","volume":1000,"label":" ","price":7.43},{"type":"B","date":"2018-04-17T05:13:32.000Z","volume":2000,"label":" ","price":7.43},{"type":"B","date":"2018-04-17T05:15:14.000Z","volume":10000,"label":" ","price":7.43},{"type":"B","date":"2018-04-17T05:15:14.000Z","volume":1000,"label":"Y","price":7.43},{"type":"A","date":"2018-04-17T05:31:52.000Z","volume":1000,"label":" ","price":7.43},{"type":"B","date":"2018-04-17T05:36:47.000Z","volume":1000,"label":" ","price":7.42},{"type":"B","date":"2018-04-17T05:41:02.000Z","volume":1000,"label":" ","price":7.42},{"type":"B","date":"2018-04-17T05:43:58.000Z","volume":4000,"label":" ","price":7.42},{"type":"A","date":"2018-04-17T05:45:00.000Z","volume":1000,"label":" ","price":7.43},{"type":"B","date":"2018-04-17T05:47:47.000Z","volume":1000,"label":" ","price":7.42},{"type":"B","date":"2018-04-17T05:51:00.000Z","volume":1000,"label":" ","price":7.42},{"type":"B","date":"2018-04-17T05:52:17.000Z","volume":2000,"label":" ","price":7.42},{"type":"B","date":"2018-04-17T05:53:22.000Z","volume":23000,"label":" ","price":7.42},{"type":"B","date":"2018-04-17T05:53:23.000Z","volume":12000,"label":" ","price":7.42},{"type":"B","date":"2018-04-17T05:53:24.000Z","volume":2000,"label":" ","price":7.42},{"type":"B","date":"2018-04-17T05:54:32.000Z","volume":1000,"label":" ","price":7.42},{"type":"B","date":"2018-04-17T05:56:23.000Z","volume":2000,"label":" ","price":7.42},{"type":"B","date":"2018-04-17T05:56:29.000Z","volume":1000,"label":" ","price":7.42},{"type":"B","date":"2018-04-17T05:56:30.000Z","volume":1000,"label":" ","price":7.42},{"type":"B","date":"2018-04-17T05:58:32.000Z","volume":1000,"label":" ","price":7.42},{"type":"B","date":"2018-04-17T06:00:02.000Z","volume":1000,"label":" ","price":7.42},{"type":"B","date":"2018-04-17T06:00:02.000Z","volume":1000,"label":" ","price":7.42},{"type":"B","date":"2018-04-17T06:00:02.000Z","volume":1000,"label":" ","price":7.42},{"type":"B","date":"2018-04-17T06:00:02.000Z","volume":1000,"label":" ","price":7.42},{"type":"A","date":"2018-04-17T06:16:20.000Z","volume":1000,"label":" ","price":7.43},{"type":"A","date":"2018-04-17T06:37:38.000Z","volume":2000,"label":" ","price":7.43},{"type":"U","date":"2018-04-17T06:40:52.000Z","volume":1000,"label":"X","price":7.425},{"type":"A","date":"2018-04-17T06:50:20.000Z","volume":1000,"label":" ","price":7.43},{"type":"A","date":"2018-04-17T06:55:07.000Z","volume":1000,"label":" ","price":7.43},{"type":"A","date":"2018-04-17T06:57:00.000Z","volume":1000,"label":" ","price":7.43},{"type":"B","date":"2018-04-17T07:08:54.000Z","volume":1000,"label":" ","price":7.42},{"type":"A","date":"2018-04-17T07:09:43.000Z","volume":1000,"label":" ","price":7.43},{"type":"A","date":"2018-04-17T07:13:46.000Z","volume":10000,"label":" ","price":7.43},{"type":"B","date":"2018-04-17T07:13:47.000Z","volume":1000,"label":" ","price":7.42},{"type":"B","date":"2018-04-17T07:15:47.000Z","volume":4000,"label":" ","price":7.42},{"type":"B","date":"2018-04-17T07:15:47.000Z","volume":1000,"label":" ","price":7.42},{"type":"B","date":"2018-04-17T07:17:42.000Z","volume":1000,"label":" ","price":7.42},{"type":"A","date":"2018-04-17T07:23:26.000Z","volume":1000,"label":" ","price":7.43},{"type":"B","date":"2018-04-17T07:25:54.000Z","volume":2000,"label":" ","price":7.42},{"type":"B","date":"2018-04-17T07:27:31.000Z","volume":1000,"label":" ","price":7.42},{"type":"A","date":"2018-04-17T07:35:38.000Z","volume":20000,"label":" ","price":7.43},{"type":"B","date":"2018-04-17T07:35:38.000Z","volume":1000,"label":" ","price":7.42},{"type":"A","date":"2018-04-17T07:35:40.000Z","volume":4000,"label":" ","price":7.43},{"type":"A","date":"2018-04-17T07:35:40.000Z","volume":1000,"label":" ","price":7.43},{"type":"B","date":"2018-04-17T07:45:16.000Z","volume":23000,"label":" ","price":7.42},{"type":"B","date":"2018-04-17T07:45:17.000Z","volume":1000,"label":"Y","price":7.41},{"type":"B","date":"2018-04-17T07:49:51.000Z","volume":4000,"label":"Y","price":7.41},{"type":"B","date":"2018-04-17T07:49:51.000Z","volume":1000,"label":" ","price":7.41},{"type":"B","date":"2018-04-17T07:49:51.000Z","volume":5000,"label":" ","price":7.41},{"type":"B","date":"2018-04-17T07:49:52.000Z","volume":1000,"label":" ","price":7.41},{"type":"B","date":"2018-04-17T07:49:54.000Z","volume":11000,"label":" ","price":7.41},{"type":"B","date":"2018-04-17T07:49:55.000Z","volume":1000,"label":" ","price":7.41},{"type":"B","date":"2018-04-17T07:49:55.000Z","volume":1000,"label":" ","price":7.41},{"type":"B","date":"2018-04-17T07:50:26.000Z","volume":1000,"label":" ","price":7.41},{"type":"B","date":"2018-04-17T07:50:39.000Z","volume":1000,"label":" ","price":7.41},{"type":"B","date":"2018-04-17T07:55:21.000Z","volume":2000,"label":" ","price":7.41},{"type":"U","date":"2018-04-17T07:56:54.000Z","volume":1000,"label":"X","price":7.415},{"type":"B","date":"2018-04-17T07:57:00.000Z","volume":2000,"label":" ","price":7.41},{"type":"U","date":"2018-04-17T07:58:24.000Z","volume":1000,"label":"X","price":7.415},{"type":"A","date":"2018-04-17T07:58:58.000Z","volume":1000,"label":" ","price":7.42},{"type":"B","date":"2018-04-17T07:58:59.000Z","volume":1000,"label":" ","price":7.41},{"type":"A","date":"2018-04-17T07:59:01.000Z","volume":1000,"label":" ","price":7.42},{"type":"B","date":"2018-04-17T07:59:02.000Z","volume":1000,"label":" ","price":7.41},{"type":"B","date":"2018-04-17T07:59:25.000Z","volume":1000,"label":" ","price":7.41},{"type":"B","date":"2018-04-17T07:59:26.000Z","volume":1000,"label":" ","price":7.41},{"type":"A","date":"2018-04-17T07:59:27.000Z","volume":2000,"label":" ","price":7.42},{"type":"A","date":"2018-04-17T07:59:37.000Z","volume":1000,"label":" ","price":7.42},{"type":"U","date":"2018-04-17T08:08:24.000Z","volume":3000,"label":"U","price":7.41}]