[{"type":"A","date":"2018-03-27T01:30:28.000Z","volume":4500,"label":" ","price":4.23},{"type":"A","date":"2018-03-27T01:32:00.000Z","volume":5000,"label":"Y","price":4.25},{"type":"A","date":"2018-03-27T01:32:01.000Z","volume":2500,"label":" ","price":4.25},{"type":"B","date":"2018-03-27T01:32:02.000Z","volume":1000,"label":" ","price":4.24},{"type":"A","date":"2018-03-27T01:32:15.000Z","volume":10000,"label":" ","price":4.25},{"type":"A","date":"2018-03-27T01:32:15.000Z","volume":88000,"label":" ","price":4.25},{"type":"A","date":"2018-03-27T01:32:15.000Z","volume":45500,"label":" ","price":4.25},{"type":"A","date":"2018-03-27T01:32:20.000Z","volume":4500,"label":" ","price":4.28},{"type":"A","date":"2018-03-27T01:32:23.000Z","volume":5000,"label":" ","price":4.29},{"type":"A","date":"2018-03-27T01:32:23.000Z","volume":500,"label":" ","price":4.29},{"type":"A","date":"2018-03-27T01:32:26.000Z","volume":2000,"label":" ","price":4.31},{"type":"U","date":"2018-03-27T01:32:38.000Z","volume":1000,"label":"X","price":4.28},{"type":"A","date":"2018-03-27T01:33:40.000Z","volume":500,"label":" ","price":4.32},{"type":"A","date":"2018-03-27T01:33:41.000Z","volume":500,"label":" ","price":4.34},{"type":"A","date":"2018-03-27T01:33:41.000Z","volume":4500,"label":" ","price":4.34},{"type":"A","date":"2018-03-27T01:33:56.000Z","volume":4000,"label":" ","price":4.33},{"type":"A","date":"2018-03-27T01:33:56.000Z","volume":22000,"label":" ","price":4.34},{"type":"A","date":"2018-03-27T01:33:56.000Z","volume":13000,"label":" ","price":4.34},{"type":"A","date":"2018-03-27T01:35:12.000Z","volume":1500,"label":" ","price":4.34},{"type":"A","date":"2018-03-27T01:35:13.000Z","volume":500,"label":" ","price":4.33},{"type":"A","date":"2018-03-27T01:41:27.000Z","volume":2000,"label":" ","price":4.32},{"type":"A","date":"2018-03-27T01:41:31.000Z","volume":500,"label":" ","price":4.32},{"type":"A","date":"2018-03-27T01:42:01.000Z","volume":4500,"label":" ","price":4.32},{"type":"B","date":"2018-03-27T01:42:30.000Z","volume":500,"label":" ","price":4.32},{"type":"B","date":"2018-03-27T01:42:52.000Z","volume":5000,"label":" ","price":4.32},{"type":"A","date":"2018-03-27T01:42:58.000Z","volume":2500,"label":" ","price":4.33},{"type":"A","date":"2018-03-27T01:43:00.000Z","volume":1000,"label":" ","price":4.34},{"type":"A","date":"2018-03-27T01:43:01.000Z","volume":500,"label":" ","price":4.34},{"type":"B","date":"2018-03-27T01:43:04.000Z","volume":5500,"label":"Y","price":4.32},{"type":"B","date":"2018-03-27T01:43:04.000Z","volume":29500,"label":" ","price":4.32},{"type":"B","date":"2018-03-27T01:43:04.000Z","volume":3000,"label":" ","price":4.32},{"type":"A","date":"2018-03-27T01:44:00.000Z","volume":2500,"label":" ","price":4.34},{"type":"A","date":"2018-03-27T01:44:00.000Z","volume":1000,"label":" ","price":4.34},{"type":"A","date":"2018-03-27T01:47:04.000Z","volume":12500,"label":" ","price":4.34},{"type":"A","date":"2018-03-27T01:47:06.000Z","volume":3000,"label":" ","price":4.34},{"type":"A","date":"2018-03-27T01:47:11.000Z","volume":1500,"label":" ","price":4.34},{"type":"A","date":"2018-03-27T01:47:12.000Z","volume":500,"label":" ","price":4.34},{"type":"B","date":"2018-03-27T01:47:20.000Z","volume":6500,"label":" ","price":4.32},{"type":"A","date":"2018-03-27T01:47:21.000Z","volume":1500,"label":" ","price":4.33},{"type":"A","date":"2018-03-27T01:47:22.000Z","volume":500,"label":" ","price":4.33},{"type":"U","date":"2018-03-27T01:47:39.000Z","volume":500,"label":"X","price":4.325},{"type":"A","date":"2018-03-27T01:47:51.000Z","volume":3500,"label":" ","price":4.34},{"type":"A","date":"2018-03-27T01:47:51.000Z","volume":2500,"label":" ","price":4.34},{"type":"A","date":"2018-03-27T01:48:24.000Z","volume":1000,"label":" ","price":4.34},{"type":"A","date":"2018-03-27T01:51:27.000Z","volume":1000,"label":" ","price":4.34},{"type":"A","date":"2018-03-27T01:51:27.000Z","volume":500,"label":" ","price":4.34},{"type":"A","date":"2018-03-27T01:53:38.000Z","volume":500,"label":" ","price":4.34},{"type":"B","date":"2018-03-27T01:53:39.000Z","volume":50000,"label":" ","price":4.33},{"type":"B","date":"2018-03-27T01:53:39.000Z","volume":15000,"label":" ","price":4.33},{"type":"A","date":"2018-03-27T01:53:39.000Z","volume":1500,"label":" ","price":4.34},{"type":"A","date":"2018-03-27T01:53:42.000Z","volume":3500,"label":" ","price":4.34},{"type":"B","date":"2018-03-27T01:53:43.000Z","volume":8000,"label":" ","price":4.33},{"type":"B","date":"2018-03-27T01:53:43.000Z","volume":13500,"label":" ","price":4.33},{"type":"A","date":"2018-03-27T01:53:44.000Z","volume":500,"label":" ","price":4.33},{"type":"B","date":"2018-03-27T01:53:45.000Z","volume":1500,"label":" ","price":4.32},{"type":"A","date":"2018-03-27T01:54:08.000Z","volume":1000,"label":" ","price":4.33},{"type":"A","date":"2018-03-27T01:54:39.000Z","volume":1500,"label":" ","price":4.33},{"type":"A","date":"2018-03-27T01:55:22.000Z","volume":500,"label":" ","price":4.33},{"type":"A","date":"2018-03-27T01:58:50.000Z","volume":4500,"label":" ","price":4.34},{"type":"A","date":"2018-03-27T01:59:08.000Z","volume":20000,"label":" ","price":4.34},{"type":"A","date":"2018-03-27T01:59:08.000Z","volume":1500,"label":" ","price":4.34},{"type":"A","date":"2018-03-27T01:59:08.000Z","volume":5500,"label":" ","price":4.34},{"type":"A","date":"2018-03-27T01:59:11.000Z","volume":1000,"label":" ","price":4.34},{"type":"A","date":"2018-03-27T01:59:12.000Z","volume":1000,"label":" ","price":4.34},{"type":"A","date":"2018-03-27T01:59:13.000Z","volume":500,"label":" ","price":4.34},{"type":"A","date":"2018-03-27T01:59:24.000Z","volume":10000,"label":" ","price":4.34},{"type":"A","date":"2018-03-27T01:59:25.000Z","volume":1000,"label":" ","price":4.34},{"type":"A","date":"2018-03-27T01:59:28.000Z","volume":3000,"label":" ","price":4.34},{"type":"A","date":"2018-03-27T01:59:29.000Z","volume":500,"label":" ","price":4.34},{"type":"B","date":"2018-03-27T02:02:48.000Z","volume":109000,"label":" ","price":4.33},{"type":"B","date":"2018-03-27T02:02:48.000Z","volume":59000,"label":" ","price":4.32},{"type":"B","date":"2018-03-27T02:02:48.000Z","volume":32000,"label":" ","price":4.31},{"type":"B","date":"2018-03-27T02:02:48.000Z","volume":500,"label":" ","price":4.32},{"type":"B","date":"2018-03-27T02:02:48.000Z","volume":2000,"label":" ","price":4.32},{"type":"A","date":"2018-03-27T02:02:49.000Z","volume":15500,"label":" ","price":4.34},{"type":"A","date":"2018-03-27T02:02:51.000Z","volume":6500,"label":" ","price":4.33},{"type":"A","date":"2018-03-27T02:02:52.000Z","volume":3000,"label":" ","price":4.32},{"type":"A","date":"2018-03-27T02:02:52.000Z","volume":3000,"label":" ","price":4.32},{"type":"B","date":"2018-03-27T02:02:52.000Z","volume":20000,"label":" ","price":4.31},{"type":"B","date":"2018-03-27T02:02:52.000Z","volume":1000,"label":" ","price":4.31},{"type":"B","date":"2018-03-27T02:02:54.000Z","volume":17500,"label":" ","price":4.3},{"type":"B","date":"2018-03-27T02:02:54.000Z","volume":2500,"label":" ","price":4.29},{"type":"B","date":"2018-03-27T02:03:09.000Z","volume":2000,"label":" ","price":4.3},{"type":"B","date":"2018-03-27T02:03:10.000Z","volume":8500,"label":" ","price":4.29},{"type":"U","date":"2018-03-27T02:03:10.000Z","volume":500,"label":"X","price":4.315},{"type":"A","date":"2018-03-27T02:03:10.000Z","volume":2500,"label":" ","price":4.29},{"type":"A","date":"2018-03-27T02:03:16.000Z","volume":7000,"label":" ","price":4.29},{"type":"B","date":"2018-03-27T02:03:20.000Z","volume":4500,"label":" ","price":4.29},{"type":"B","date":"2018-03-27T02:03:38.000Z","volume":1000,"label":" ","price":4.29},{"type":"B","date":"2018-03-27T02:03:42.000Z","volume":4500,"label":" ","price":4.29},{"type":"B","date":"2018-03-27T02:04:42.000Z","volume":4000,"label":" ","price":4.29},{"type":"B","date":"2018-03-27T02:04:55.000Z","volume":9000,"label":" ","price":4.29},{"type":"B","date":"2018-03-27T02:04:58.000Z","volume":5500,"label":" ","price":4.29},{"type":"B","date":"2018-03-27T02:05:07.000Z","volume":60000,"label":" ","price":4.29},{"type":"A","date":"2018-03-27T02:05:37.000Z","volume":500,"label":" ","price":4.29},{"type":"A","date":"2018-03-27T02:05:37.000Z","volume":9500,"label":" ","price":4.29},{"type":"B","date":"2018-03-27T02:05:40.000Z","volume":1500,"label":" ","price":4.29},{"type":"B","date":"2018-03-27T02:06:14.000Z","volume":3500,"label":" ","price":4.29},{"type":"B","date":"2018-03-27T02:06:27.000Z","volume":1000,"label":" ","price":4.29},{"type":"A","date":"2018-03-27T02:07:59.000Z","volume":4000,"label":" ","price":4.31},{"type":"B","date":"2018-03-27T02:08:07.000Z","volume":4500,"label":" ","price":4.29},{"type":"A","date":"2018-03-27T02:08:34.000Z","volume":2000,"label":" ","price":4.3},{"type":"B","date":"2018-03-27T02:09:44.000Z","volume":119500,"label":" ","price":4.29},{"type":"A","date":"2018-03-27T02:09:44.000Z","volume":8500,"label":" ","price":4.29},{"type":"B","date":"2018-03-27T02:09:45.000Z","volume":21500,"label":" ","price":4.28},{"type":"B","date":"2018-03-27T02:09:53.000Z","volume":10000,"label":" ","price":4.28},{"type":"A","date":"2018-03-27T02:09:59.000Z","volume":16500,"label":" ","price":4.29},{"type":"A","date":"2018-03-27T02:09:59.000Z","volume":500,"label":" ","price":4.29},{"type":"B","date":"2018-03-27T02:10:52.000Z","volume":1000,"label":" ","price":4.28},{"type":"B","date":"2018-03-27T02:11:21.000Z","volume":4500,"label":" ","price":4.28},{"type":"B","date":"2018-03-27T02:11:22.000Z","volume":12500,"label":" ","price":4.28},{"type":"A","date":"2018-03-27T02:11:22.000Z","volume":1500,"label":" ","price":4.28},{"type":"A","date":"2018-03-27T02:11:23.000Z","volume":1000,"label":" ","price":4.28},{"type":"A","date":"2018-03-27T02:11:24.000Z","volume":7000,"label":" ","price":4.28},{"type":"B","date":"2018-03-27T02:11:25.000Z","volume":10000,"label":" ","price":4.27},{"type":"A","date":"2018-03-27T02:11:27.000Z","volume":3000,"label":" ","price":4.28},{"type":"B","date":"2018-03-27T02:11:45.000Z","volume":20000,"label":" ","price":4.27},{"type":"B","date":"2018-03-27T02:12:05.000Z","volume":20000,"label":" ","price":4.27},{"type":"B","date":"2018-03-27T02:12:06.000Z","volume":20000,"label":" ","price":4.27},{"type":"B","date":"2018-03-27T02:12:06.000Z","volume":8500,"label":" ","price":4.27},{"type":"B","date":"2018-03-27T02:12:07.000Z","volume":20000,"label":" ","price":4.26},{"type":"B","date":"2018-03-27T02:12:08.000Z","volume":11500,"label":" ","price":4.26},{"type":"B","date":"2018-03-27T02:12:08.000Z","volume":8500,"label":" ","price":4.25},{"type":"B","date":"2018-03-27T02:12:15.000Z","volume":3500,"label":" ","price":4.25},{"type":"A","date":"2018-03-27T02:12:31.000Z","volume":8000,"label":" ","price":4.28},{"type":"A","date":"2018-03-27T02:12:34.000Z","volume":2500,"label":" ","price":4.28},{"type":"A","date":"2018-03-27T02:12:35.000Z","volume":500,"label":" ","price":4.28},{"type":"B","date":"2018-03-27T02:14:46.000Z","volume":2500,"label":" ","price":4.27},{"type":"B","date":"2018-03-27T02:14:46.000Z","volume":3000,"label":" ","price":4.26},{"type":"B","date":"2018-03-27T02:15:00.000Z","volume":4500,"label":" ","price":4.26},{"type":"B","date":"2018-03-27T02:17:04.000Z","volume":5500,"label":" ","price":4.26},{"type":"B","date":"2018-03-27T02:18:04.000Z","volume":4500,"label":" ","price":4.27},{"type":"A","date":"2018-03-27T02:18:04.000Z","volume":9000,"label":" ","price":4.28},{"type":"A","date":"2018-03-27T02:18:04.000Z","volume":9000,"label":" ","price":4.28},{"type":"A","date":"2018-03-27T02:18:12.000Z","volume":1500,"label":" ","price":4.28},{"type":"A","date":"2018-03-27T02:18:17.000Z","volume":500,"label":" ","price":4.28},{"type":"A","date":"2018-03-27T02:18:19.000Z","volume":7500,"label":" ","price":4.28},{"type":"A","date":"2018-03-27T02:18:19.000Z","volume":6500,"label":" ","price":4.28},{"type":"A","date":"2018-03-27T02:18:19.000Z","volume":10000,"label":" ","price":4.28},{"type":"A","date":"2018-03-27T02:18:19.000Z","volume":23000,"label":" ","price":4.28},{"type":"A","date":"2018-03-27T02:18:19.000Z","volume":1500,"label":" ","price":4.28},{"type":"U","date":"2018-03-27T02:19:02.000Z","volume":9500,"label":"X","price":4.28},{"type":"A","date":"2018-03-27T02:19:02.000Z","volume":6000,"label":" ","price":4.28},{"type":"A","date":"2018-03-27T02:19:02.000Z","volume":4500,"label":" ","price":4.28},{"type":"A","date":"2018-03-27T02:19:31.000Z","volume":14000,"label":" ","price":4.28},{"type":"A","date":"2018-03-27T02:19:32.000Z","volume":2500,"label":" ","price":4.28},{"type":"A","date":"2018-03-27T02:19:32.000Z","volume":500,"label":" ","price":4.28},{"type":"B","date":"2018-03-27T02:19:54.000Z","volume":110000,"label":" ","price":4.27},{"type":"B","date":"2018-03-27T02:19:54.000Z","volume":2000,"label":" ","price":4.27},{"type":"B","date":"2018-03-27T02:19:55.000Z","volume":500,"label":" ","price":4.27},{"type":"B","date":"2018-03-27T02:20:06.000Z","volume":20000,"label":" ","price":4.26},{"type":"A","date":"2018-03-27T02:21:36.000Z","volume":32500,"label":" ","price":4.27},{"type":"A","date":"2018-03-27T02:22:12.000Z","volume":500,"label":" ","price":4.28},{"type":"B","date":"2018-03-27T02:25:16.000Z","volume":5500,"label":" ","price":4.27},{"type":"A","date":"2018-03-27T02:25:17.000Z","volume":1500,"label":" ","price":4.28},{"type":"A","date":"2018-03-27T02:25:17.000Z","volume":500,"label":" ","price":4.28},{"type":"B","date":"2018-03-27T02:25:39.000Z","volume":6000,"label":" ","price":4.27},{"type":"B","date":"2018-03-27T02:25:49.000Z","volume":500,"label":" ","price":4.27},{"type":"B","date":"2018-03-27T02:25:52.000Z","volume":7500,"label":" ","price":4.27},{"type":"A","date":"2018-03-27T02:25:54.000Z","volume":2000,"label":" ","price":4.27},{"type":"A","date":"2018-03-27T02:25:55.000Z","volume":500,"label":" ","price":4.27},{"type":"B","date":"2018-03-27T02:26:04.000Z","volume":500,"label":" ","price":4.26},{"type":"A","date":"2018-03-27T02:26:13.000Z","volume":1500,"label":" ","price":4.27},{"type":"A","date":"2018-03-27T02:26:14.000Z","volume":500,"label":" ","price":4.27},{"type":"A","date":"2018-03-27T02:27:14.000Z","volume":12500,"label":" ","price":4.27},{"type":"A","date":"2018-03-27T02:27:14.000Z","volume":2500,"label":" ","price":4.27},{"type":"A","date":"2018-03-27T02:27:14.000Z","volume":4500,"label":" ","price":4.27},{"type":"A","date":"2018-03-27T02:30:36.000Z","volume":1000,"label":" ","price":4.28},{"type":"A","date":"2018-03-27T02:30:41.000Z","volume":7000,"label":" ","price":4.28},{"type":"A","date":"2018-03-27T02:30:49.000Z","volume":500,"label":" ","price":4.27},{"type":"A","date":"2018-03-27T02:31:13.000Z","volume":2000,"label":" ","price":4.28},{"type":"A","date":"2018-03-27T02:31:13.000Z","volume":1000,"label":" ","price":4.28},{"type":"A","date":"2018-03-27T02:39:12.000Z","volume":12000,"label":" ","price":4.28},{"type":"B","date":"2018-03-27T02:39:12.000Z","volume":500,"label":" ","price":4.27},{"type":"A","date":"2018-03-27T02:39:13.000Z","volume":3500,"label":" ","price":4.28},{"type":"A","date":"2018-03-27T02:39:13.000Z","volume":1500,"label":" ","price":4.28},{"type":"B","date":"2018-03-27T02:39:13.000Z","volume":500,"label":" ","price":4.27},{"type":"A","date":"2018-03-27T02:39:16.000Z","volume":14500,"label":" ","price":4.28},{"type":"B","date":"2018-03-27T02:39:16.000Z","volume":1000,"label":" ","price":4.27},{"type":"U","date":"2018-03-27T02:39:16.000Z","volume":1000,"label":"X","price":4.275},{"type":"A","date":"2018-03-27T02:39:16.000Z","volume":3000,"label":" ","price":4.28},{"type":"A","date":"2018-03-27T02:39:16.000Z","volume":1000,"label":" ","price":4.28},{"type":"A","date":"2018-03-27T02:39:57.000Z","volume":1500,"label":" ","price":4.28},{"type":"A","date":"2018-03-27T02:39:57.000Z","volume":1500,"label":" ","price":4.28},{"type":"A","date":"2018-03-27T02:39:57.000Z","volume":8500,"label":" ","price":4.28},{"type":"A","date":"2018-03-27T02:39:57.000Z","volume":1500,"label":" ","price":4.28},{"type":"A","date":"2018-03-27T02:40:30.000Z","volume":10000,"label":" ","price":4.29},{"type":"A","date":"2018-03-27T02:40:31.000Z","volume":1000,"label":" ","price":4.29},{"type":"A","date":"2018-03-27T02:40:31.000Z","volume":9000,"label":" ","price":4.29},{"type":"A","date":"2018-03-27T02:40:31.000Z","volume":1000,"label":" ","price":4.29},{"type":"A","date":"2018-03-27T02:40:34.000Z","volume":3500,"label":" ","price":4.29},{"type":"A","date":"2018-03-27T02:40:34.000Z","volume":1500,"label":" ","price":4.29},{"type":"A","date":"2018-03-27T02:40:36.000Z","volume":500,"label":" ","price":4.29},{"type":"A","date":"2018-03-27T02:40:40.000Z","volume":107500,"label":" ","price":4.29},{"type":"B","date":"2018-03-27T02:40:40.000Z","volume":20000,"label":" ","price":4.29},{"type":"A","date":"2018-03-27T02:40:43.000Z","volume":2500,"label":" ","price":4.3},{"type":"A","date":"2018-03-27T02:40:43.000Z","volume":1000,"label":" ","price":4.31},{"type":"A","date":"2018-03-27T02:40:43.000Z","volume":500,"label":" ","price":4.31},{"type":"A","date":"2018-03-27T02:40:45.000Z","volume":6500,"label":" ","price":4.32},{"type":"A","date":"2018-03-27T02:41:05.000Z","volume":12000,"label":" ","price":4.33},{"type":"B","date":"2018-03-27T02:41:22.000Z","volume":1000,"label":" ","price":4.33},{"type":"B","date":"2018-03-27T02:41:22.000Z","volume":1000,"label":" ","price":4.33},{"type":"B","date":"2018-03-27T02:41:22.000Z","volume":1000,"label":" ","price":4.33},{"type":"B","date":"2018-03-27T02:41:26.000Z","volume":15500,"label":" ","price":4.32},{"type":"B","date":"2018-03-27T02:41:26.000Z","volume":4500,"label":" ","price":4.31},{"type":"B","date":"2018-03-27T02:41:27.000Z","volume":20000,"label":" ","price":4.31},{"type":"A","date":"2018-03-27T02:41:28.000Z","volume":1500,"label":" ","price":4.33},{"type":"B","date":"2018-03-27T02:41:30.000Z","volume":13000,"label":" ","price":4.31},{"type":"B","date":"2018-03-27T02:41:30.000Z","volume":7000,"label":" ","price":4.3},{"type":"B","date":"2018-03-27T02:41:53.000Z","volume":20000,"label":" ","price":4.3},{"type":"B","date":"2018-03-27T02:41:53.000Z","volume":1500,"label":" ","price":4.3},{"type":"A","date":"2018-03-27T02:42:03.000Z","volume":13000,"label":" ","price":4.32},{"type":"A","date":"2018-03-27T02:42:03.000Z","volume":12000,"label":" ","price":4.33},{"type":"U","date":"2018-03-27T02:42:39.000Z","volume":5000,"label":" ","price":4.31},{"type":"A","date":"2018-03-27T02:43:16.000Z","volume":1500,"label":" ","price":4.31},{"type":"U","date":"2018-03-27T02:43:47.000Z","volume":1500,"label":"X","price":4.3},{"type":"U","date":"2018-03-27T02:43:47.000Z","volume":1500,"label":"X","price":4.3},{"type":"A","date":"2018-03-27T02:43:59.000Z","volume":1500,"label":" ","price":4.31},{"type":"A","date":"2018-03-27T02:44:01.000Z","volume":500,"label":" ","price":4.31},{"type":"A","date":"2018-03-27T02:44:30.000Z","volume":2000,"label":" ","price":4.31},{"type":"U","date":"2018-03-27T02:44:54.000Z","volume":2000,"label":"X","price":4.3},{"type":"A","date":"2018-03-27T02:45:30.000Z","volume":2000,"label":" ","price":4.31},{"type":"A","date":"2018-03-27T02:45:31.000Z","volume":500,"label":" ","price":4.31},{"type":"U","date":"2018-03-27T02:46:02.000Z","volume":1000,"label":"X","price":4.3},{"type":"A","date":"2018-03-27T02:46:59.000Z","volume":1500,"label":" ","price":4.31},{"type":"U","date":"2018-03-27T02:47:10.000Z","volume":500,"label":"X","price":4.3},{"type":"A","date":"2018-03-27T02:47:14.000Z","volume":4000,"label":" ","price":4.31},{"type":"B","date":"2018-03-27T02:47:53.000Z","volume":20000,"label":" ","price":4.3},{"type":"B","date":"2018-03-27T02:47:53.000Z","volume":16500,"label":" ","price":4.3},{"type":"B","date":"2018-03-27T02:47:53.000Z","volume":3500,"label":" ","price":4.29},{"type":"A","date":"2018-03-27T02:48:00.000Z","volume":3000,"label":" ","price":4.32},{"type":"A","date":"2018-03-27T02:48:01.000Z","volume":2000,"label":" ","price":4.32},{"type":"U","date":"2018-03-27T02:48:22.000Z","volume":1500,"label":"X","price":4.305},{"type":"A","date":"2018-03-27T02:48:38.000Z","volume":1000,"label":" ","price":4.32},{"type":"A","date":"2018-03-27T02:48:46.000Z","volume":500,"label":" ","price":4.32},{"type":"A","date":"2018-03-27T02:48:47.000Z","volume":500,"label":" ","price":4.32},{"type":"A","date":"2018-03-27T02:50:26.000Z","volume":10000,"label":" ","price":4.32},{"type":"A","date":"2018-03-27T02:50:26.000Z","volume":1500,"label":" ","price":4.32},{"type":"A","date":"2018-03-27T02:50:27.000Z","volume":2500,"label":" ","price":4.32},{"type":"A","date":"2018-03-27T02:50:27.000Z","volume":3500,"label":" ","price":4.32},{"type":"A","date":"2018-03-27T02:50:28.000Z","volume":500,"label":" ","price":4.32},{"type":"A","date":"2018-03-27T02:50:29.000Z","volume":1000,"label":" ","price":4.32},{"type":"B","date":"2018-03-27T02:52:01.000Z","volume":6500,"label":" ","price":4.3},{"type":"B","date":"2018-03-27T02:52:02.000Z","volume":6000,"label":" ","price":4.3},{"type":"U","date":"2018-03-27T02:53:43.000Z","volume":1000,"label":"X","price":4.31},{"type":"B","date":"2018-03-27T02:53:57.000Z","volume":6500,"label":" ","price":4.3},{"type":"B","date":"2018-03-27T02:54:21.000Z","volume":5500,"label":" ","price":4.3},{"type":"B","date":"2018-03-27T02:56:25.000Z","volume":20000,"label":" ","price":4.3},{"type":"B","date":"2018-03-27T02:56:26.000Z","volume":18000,"label":" ","price":4.3},{"type":"B","date":"2018-03-27T02:56:26.000Z","volume":2000,"label":" ","price":4.29},{"type":"B","date":"2018-03-27T02:57:19.000Z","volume":5500,"label":" ","price":4.3},{"type":"B","date":"2018-03-27T02:58:01.000Z","volume":7000,"label":" ","price":4.3},{"type":"A","date":"2018-03-27T02:59:20.000Z","volume":2500,"label":" ","price":4.32},{"type":"A","date":"2018-03-27T02:59:20.000Z","volume":4500,"label":" ","price":4.32},{"type":"B","date":"2018-03-27T02:59:20.000Z","volume":500,"label":" ","price":4.31},{"type":"B","date":"2018-03-27T03:00:20.000Z","volume":7500,"label":" ","price":4.31},{"type":"B","date":"2018-03-27T03:00:20.000Z","volume":1500,"label":" ","price":4.31},{"type":"A","date":"2018-03-27T03:01:24.000Z","volume":10000,"label":" ","price":4.32},{"type":"A","date":"2018-03-27T03:01:25.000Z","volume":3500,"label":" ","price":4.32},{"type":"A","date":"2018-03-27T03:01:25.000Z","volume":500,"label":" ","price":4.32},{"type":"A","date":"2018-03-27T03:03:06.000Z","volume":1500,"label":" ","price":4.32},{"type":"A","date":"2018-03-27T03:03:19.000Z","volume":500,"label":" ","price":4.32},{"type":"A","date":"2018-03-27T03:03:23.000Z","volume":2000,"label":" ","price":4.32},{"type":"A","date":"2018-03-27T03:03:36.000Z","volume":500,"label":" ","price":4.32},{"type":"B","date":"2018-03-27T03:03:39.000Z","volume":7500,"label":" ","price":4.31},{"type":"A","date":"2018-03-27T03:03:41.000Z","volume":500,"label":" ","price":4.32},{"type":"A","date":"2018-03-27T03:03:49.000Z","volume":1000,"label":" ","price":4.32},{"type":"B","date":"2018-03-27T03:06:15.000Z","volume":7000,"label":" ","price":4.31},{"type":"B","date":"2018-03-27T03:07:30.000Z","volume":7000,"label":" ","price":4.32},{"type":"B","date":"2018-03-27T03:08:34.000Z","volume":7500,"label":" ","price":4.32},{"type":"A","date":"2018-03-27T03:09:11.000Z","volume":2000,"label":" ","price":4.33},{"type":"A","date":"2018-03-27T03:09:12.000Z","volume":7000,"label":" ","price":4.33},{"type":"B","date":"2018-03-27T03:10:15.000Z","volume":9500,"label":" ","price":4.32},{"type":"B","date":"2018-03-27T03:13:04.000Z","volume":1000,"label":" ","price":4.32},{"type":"A","date":"2018-03-27T03:13:43.000Z","volume":500,"label":" ","price":4.33},{"type":"A","date":"2018-03-27T03:13:45.000Z","volume":2500,"label":" ","price":4.33},{"type":"A","date":"2018-03-27T03:13:48.000Z","volume":1500,"label":" ","price":4.33},{"type":"A","date":"2018-03-27T03:13:49.000Z","volume":500,"label":" ","price":4.33},{"type":"B","date":"2018-03-27T03:14:10.000Z","volume":9500,"label":" ","price":4.32},{"type":"B","date":"2018-03-27T03:14:12.000Z","volume":500,"label":" ","price":4.32},{"type":"A","date":"2018-03-27T03:15:14.000Z","volume":1500,"label":" ","price":4.33},{"type":"A","date":"2018-03-27T03:15:15.000Z","volume":3000,"label":" ","price":4.33},{"type":"B","date":"2018-03-27T03:15:17.000Z","volume":500,"label":" ","price":4.32},{"type":"A","date":"2018-03-27T03:15:47.000Z","volume":500,"label":" ","price":4.33},{"type":"A","date":"2018-03-27T03:16:11.000Z","volume":1000,"label":" ","price":4.33},{"type":"B","date":"2018-03-27T03:16:12.000Z","volume":500,"label":" ","price":4.32},{"type":"A","date":"2018-03-27T03:16:33.000Z","volume":1000,"label":" ","price":4.33},{"type":"A","date":"2018-03-27T03:16:34.000Z","volume":1000,"label":" ","price":4.33},{"type":"A","date":"2018-03-27T03:16:52.000Z","volume":4500,"label":" ","price":4.33},{"type":"B","date":"2018-03-27T03:16:52.000Z","volume":1000,"label":" ","price":4.32},{"type":"A","date":"2018-03-27T03:16:53.000Z","volume":1500,"label":" ","price":4.33},{"type":"A","date":"2018-03-27T03:16:54.000Z","volume":1500,"label":" ","price":4.33},{"type":"B","date":"2018-03-27T03:16:54.000Z","volume":500,"label":" ","price":4.32},{"type":"B","date":"2018-03-27T03:18:18.000Z","volume":500,"label":" ","price":4.32},{"type":"B","date":"2018-03-27T03:18:24.000Z","volume":24000,"label":" ","price":4.32},{"type":"B","date":"2018-03-27T03:18:24.000Z","volume":3500,"label":" ","price":4.32},{"type":"B","date":"2018-03-27T03:19:20.000Z","volume":22000,"label":" ","price":4.32},{"type":"B","date":"2018-03-27T03:19:20.000Z","volume":3000,"label":" ","price":4.32},{"type":"B","date":"2018-03-27T03:19:20.000Z","volume":31500,"label":" ","price":4.32},{"type":"B","date":"2018-03-27T03:19:20.000Z","volume":16000,"label":" ","price":4.32},{"type":"B","date":"2018-03-27T03:19:20.000Z","volume":500,"label":" ","price":4.32},{"type":"B","date":"2018-03-27T03:19:20.000Z","volume":1000,"label":" ","price":4.31},{"type":"B","date":"2018-03-27T03:19:20.000Z","volume":6500,"label":" ","price":4.31},{"type":"B","date":"2018-03-27T03:19:20.000Z","volume":1500,"label":" ","price":4.31},{"type":"B","date":"2018-03-27T03:19:20.000Z","volume":1000,"label":" ","price":4.31},{"type":"U","date":"2018-03-27T03:19:24.000Z","volume":4000,"label":"X","price":4.32},{"type":"U","date":"2018-03-27T03:19:24.000Z","volume":5000,"label":"X","price":4.32},{"type":"A","date":"2018-03-27T03:19:50.000Z","volume":1500,"label":" ","price":4.32},{"type":"A","date":"2018-03-27T03:19:52.000Z","volume":1500,"label":" ","price":4.32},{"type":"B","date":"2018-03-27T03:20:05.000Z","volume":500,"label":" ","price":4.31},{"type":"B","date":"2018-03-27T03:20:15.000Z","volume":22000,"label":" ","price":4.31},{"type":"B","date":"2018-03-27T03:20:15.000Z","volume":26000,"label":" ","price":4.31},{"type":"B","date":"2018-03-27T03:20:15.000Z","volume":1000,"label":" ","price":4.3},{"type":"B","date":"2018-03-27T03:20:15.000Z","volume":1000,"label":" ","price":4.3},{"type":"A","date":"2018-03-27T03:21:03.000Z","volume":9500,"label":" ","price":4.32},{"type":"A","date":"2018-03-27T03:21:04.000Z","volume":3000,"label":" ","price":4.32},{"type":"B","date":"2018-03-27T03:21:21.000Z","volume":9500,"label":" ","price":4.31},{"type":"B","date":"2018-03-27T03:21:21.000Z","volume":500,"label":" ","price":4.31},{"type":"B","date":"2018-03-27T03:21:21.000Z","volume":500,"label":" ","price":4.31},{"type":"B","date":"2018-03-27T03:21:22.000Z","volume":500,"label":" ","price":4.31},{"type":"B","date":"2018-03-27T03:21:37.000Z","volume":5000,"label":" ","price":4.31},{"type":"B","date":"2018-03-27T03:21:37.000Z","volume":500,"label":" ","price":4.3},{"type":"A","date":"2018-03-27T03:23:47.000Z","volume":500,"label":" ","price":4.31},{"type":"B","date":"2018-03-27T03:24:10.000Z","volume":8500,"label":" ","price":4.3},{"type":"B","date":"2018-03-27T03:24:10.000Z","volume":1500,"label":" ","price":4.3},{"type":"A","date":"2018-03-27T03:24:13.000Z","volume":500,"label":" ","price":4.31},{"type":"B","date":"2018-03-27T03:24:38.000Z","volume":500,"label":" ","price":4.3},{"type":"B","date":"2018-03-27T03:24:49.000Z","volume":1000,"label":" ","price":4.3},{"type":"B","date":"2018-03-27T03:24:49.000Z","volume":7500,"label":" ","price":4.3},{"type":"B","date":"2018-03-27T03:24:49.000Z","volume":1000,"label":" ","price":4.3},{"type":"B","date":"2018-03-27T03:24:49.000Z","volume":500,"label":" ","price":4.3},{"type":"A","date":"2018-03-27T03:24:50.000Z","volume":500,"label":" ","price":4.31},{"type":"A","date":"2018-03-27T03:24:50.000Z","volume":3000,"label":" ","price":4.31},{"type":"A","date":"2018-03-27T03:25:37.000Z","volume":10000,"label":" ","price":4.31},{"type":"A","date":"2018-03-27T03:25:38.000Z","volume":2500,"label":" ","price":4.31},{"type":"A","date":"2018-03-27T03:25:39.000Z","volume":2000,"label":" ","price":4.31},{"type":"B","date":"2018-03-27T03:26:35.000Z","volume":8500,"label":" ","price":4.3},{"type":"B","date":"2018-03-27T03:26:49.000Z","volume":1000,"label":" ","price":4.3},{"type":"B","date":"2018-03-27T03:27:15.000Z","volume":9500,"label":" ","price":4.3},{"type":"A","date":"2018-03-27T03:27:35.000Z","volume":500,"label":"Y","price":4.31},{"type":"A","date":"2018-03-27T03:27:35.000Z","volume":1000,"label":" ","price":4.31},{"type":"B","date":"2018-03-27T03:27:35.000Z","volume":500,"label":" ","price":4.3},{"type":"B","date":"2018-03-27T03:27:46.000Z","volume":5000,"label":" ","price":4.3},{"type":"B","date":"2018-03-27T03:27:46.000Z","volume":45000,"label":" ","price":4.29},{"type":"B","date":"2018-03-27T03:27:46.000Z","volume":4500,"label":" ","price":4.28},{"type":"B","date":"2018-03-27T03:27:47.000Z","volume":500,"label":" ","price":4.28},{"type":"A","date":"2018-03-27T03:28:29.000Z","volume":2000,"label":" ","price":4.3},{"type":"A","date":"2018-03-27T03:35:55.000Z","volume":1000,"label":"Y","price":4.31},{"type":"A","date":"2018-03-27T03:35:55.000Z","volume":2000,"label":" ","price":4.31},{"type":"A","date":"2018-03-27T03:35:55.000Z","volume":500,"label":" ","price":4.31},{"type":"A","date":"2018-03-27T03:36:34.000Z","volume":8000,"label":" ","price":4.31},{"type":"A","date":"2018-03-27T03:36:35.000Z","volume":2000,"label":" ","price":4.31},{"type":"A","date":"2018-03-27T03:36:39.000Z","volume":4000,"label":" ","price":4.31},{"type":"A","date":"2018-03-27T03:36:40.000Z","volume":1000,"label":" ","price":4.31},{"type":"A","date":"2018-03-27T03:36:47.000Z","volume":1500,"label":" ","price":4.31},{"type":"B","date":"2018-03-27T03:40:19.000Z","volume":24000,"label":" ","price":4.31},{"type":"B","date":"2018-03-27T03:40:20.000Z","volume":13000,"label":" ","price":4.31},{"type":"B","date":"2018-03-27T03:40:20.000Z","volume":9000,"label":" ","price":4.3},{"type":"B","date":"2018-03-27T03:40:20.000Z","volume":3000,"label":" ","price":4.3},{"type":"B","date":"2018-03-27T03:42:52.000Z","volume":8500,"label":" ","price":4.3},{"type":"B","date":"2018-03-27T03:42:53.000Z","volume":1000,"label":" ","price":4.3},{"type":"B","date":"2018-03-27T03:43:06.000Z","volume":8000,"label":" ","price":4.3},{"type":"B","date":"2018-03-27T03:43:06.000Z","volume":500,"label":" ","price":4.29},{"type":"B","date":"2018-03-27T03:43:06.000Z","volume":1500,"label":" ","price":4.29},{"type":"A","date":"2018-03-27T03:43:24.000Z","volume":1000,"label":" ","price":4.31},{"type":"A","date":"2018-03-27T03:43:24.000Z","volume":500,"label":" ","price":4.31},{"type":"B","date":"2018-03-27T03:44:26.000Z","volume":9500,"label":" ","price":4.3},{"type":"B","date":"2018-03-27T03:44:26.000Z","volume":1000,"label":" ","price":4.3},{"type":"A","date":"2018-03-27T03:44:26.000Z","volume":1000,"label":" ","price":4.31},{"type":"A","date":"2018-03-27T03:44:27.000Z","volume":1500,"label":" ","price":4.31},{"type":"A","date":"2018-03-27T03:44:31.000Z","volume":500,"label":" ","price":4.31},{"type":"B","date":"2018-03-27T03:45:05.000Z","volume":8500,"label":" ","price":4.3},{"type":"A","date":"2018-03-27T03:45:05.000Z","volume":1500,"label":" ","price":4.31},{"type":"A","date":"2018-03-27T03:45:07.000Z","volume":500,"label":" ","price":4.31},{"type":"A","date":"2018-03-27T03:45:07.000Z","volume":500,"label":" ","price":4.31},{"type":"A","date":"2018-03-27T03:45:12.000Z","volume":500,"label":" ","price":4.31},{"type":"B","date":"2018-03-27T03:45:17.000Z","volume":500,"label":" ","price":4.3},{"type":"A","date":"2018-03-27T03:45:41.000Z","volume":1500,"label":" ","price":4.31},{"type":"A","date":"2018-03-27T03:45:43.000Z","volume":500,"label":" ","price":4.31},{"type":"B","date":"2018-03-27T03:45:47.000Z","volume":9500,"label":" ","price":4.3},{"type":"B","date":"2018-03-27T03:45:47.000Z","volume":500,"label":" ","price":4.3},{"type":"A","date":"2018-03-27T03:45:53.000Z","volume":1000,"label":" ","price":4.31},{"type":"B","date":"2018-03-27T03:46:37.000Z","volume":8500,"label":" ","price":4.3},{"type":"B","date":"2018-03-27T03:46:37.000Z","volume":1500,"label":" ","price":4.3},{"type":"U","date":"2018-03-27T03:46:38.000Z","volume":2500,"label":" ","price":4.31},{"type":"A","date":"2018-03-27T03:46:38.000Z","volume":2000,"label":" ","price":4.31},{"type":"A","date":"2018-03-27T03:46:38.000Z","volume":500,"label":" ","price":4.31},{"type":"A","date":"2018-03-27T03:46:40.000Z","volume":500,"label":" ","price":4.31},{"type":"A","date":"2018-03-27T03:47:26.000Z","volume":3500,"label":" ","price":4.3},{"type":"A","date":"2018-03-27T03:47:27.000Z","volume":1000,"label":" ","price":4.3},{"type":"A","date":"2018-03-27T03:47:34.000Z","volume":500,"label":" ","price":4.3},{"type":"A","date":"2018-03-27T03:47:34.000Z","volume":500,"label":" ","price":4.3},{"type":"A","date":"2018-03-27T03:47:37.000Z","volume":500,"label":" ","price":4.3},{"type":"A","date":"2018-03-27T03:48:22.000Z","volume":3500,"label":" ","price":4.3},{"type":"A","date":"2018-03-27T03:48:33.000Z","volume":1000,"label":" ","price":4.31},{"type":"A","date":"2018-03-27T03:48:38.000Z","volume":1000,"label":" ","price":4.31},{"type":"A","date":"2018-03-27T03:49:53.000Z","volume":2000,"label":" ","price":4.31},{"type":"A","date":"2018-03-27T03:49:54.000Z","volume":500,"label":" ","price":4.31},{"type":"U","date":"2018-03-27T03:50:04.000Z","volume":500,"label":" ","price":4.3},{"type":"A","date":"2018-03-27T03:51:33.000Z","volume":500,"label":"Y","price":4.31},{"type":"A","date":"2018-03-27T03:51:43.000Z","volume":500,"label":" ","price":4.31},{"type":"A","date":"2018-03-27T03:51:44.000Z","volume":500,"label":" ","price":4.31},{"type":"A","date":"2018-03-27T03:52:30.000Z","volume":500,"label":" ","price":4.31},{"type":"A","date":"2018-03-27T03:53:32.000Z","volume":1000,"label":" ","price":4.31},{"type":"A","date":"2018-03-27T03:53:35.000Z","volume":1500,"label":" ","price":4.31},{"type":"A","date":"2018-03-27T03:53:35.000Z","volume":500,"label":" ","price":4.31},{"type":"A","date":"2018-03-27T03:53:35.000Z","volume":500,"label":" ","price":4.31},{"type":"A","date":"2018-03-27T03:54:27.000Z","volume":1500,"label":" ","price":4.31},{"type":"A","date":"2018-03-27T03:56:36.000Z","volume":8500,"label":" ","price":4.32},{"type":"A","date":"2018-03-27T03:56:36.000Z","volume":6500,"label":" ","price":4.32},{"type":"A","date":"2018-03-27T03:56:36.000Z","volume":1000,"label":" ","price":4.32},{"type":"A","date":"2018-03-27T03:56:37.000Z","volume":4500,"label":" ","price":4.32},{"type":"A","date":"2018-03-27T03:56:37.000Z","volume":1000,"label":" ","price":4.32},{"type":"A","date":"2018-03-27T03:56:41.000Z","volume":500,"label":" ","price":4.32},{"type":"A","date":"2018-03-27T03:57:21.000Z","volume":1000,"label":" ","price":4.33},{"type":"A","date":"2018-03-27T03:57:53.000Z","volume":1500,"label":" ","price":4.33},{"type":"A","date":"2018-03-27T03:57:53.000Z","volume":500,"label":" ","price":4.33},{"type":"A","date":"2018-03-27T03:57:54.000Z","volume":500,"label":" ","price":4.33},{"type":"A","date":"2018-03-27T03:58:23.000Z","volume":3000,"label":" ","price":4.33},{"type":"A","date":"2018-03-27T03:58:23.000Z","volume":1000,"label":" ","price":4.33},{"type":"A","date":"2018-03-27T03:58:27.000Z","volume":500,"label":" ","price":4.33},{"type":"A","date":"2018-03-27T03:58:45.000Z","volume":15500,"label":" ","price":4.33},{"type":"A","date":"2018-03-27T03:59:04.000Z","volume":1000,"label":" ","price":4.34},{"type":"A","date":"2018-03-27T03:59:04.000Z","volume":4000,"label":" ","price":4.34},{"type":"A","date":"2018-03-27T03:59:05.000Z","volume":500,"label":" ","price":4.34},{"type":"A","date":"2018-03-27T03:59:08.000Z","volume":500,"label":" ","price":4.34},{"type":"A","date":"2018-03-27T03:59:19.000Z","volume":1000,"label":" ","price":4.34},{"type":"A","date":"2018-03-27T03:59:19.000Z","volume":500,"label":" ","price":4.34},{"type":"A","date":"2018-03-27T03:59:20.000Z","volume":500,"label":" ","price":4.34},{"type":"B","date":"2018-03-27T03:59:39.000Z","volume":25500,"label":" ","price":4.33},{"type":"B","date":"2018-03-27T03:59:40.000Z","volume":10500,"label":" ","price":4.32},{"type":"U","date":"2018-03-27T03:59:40.000Z","volume":500,"label":" ","price":4.32},{"type":"B","date":"2018-03-27T05:00:00.000Z","volume":500,"label":" ","price":4.3},{"type":"B","date":"2018-03-27T05:00:00.000Z","volume":20000,"label":" ","price":4.28},{"type":"A","date":"2018-03-27T05:00:00.000Z","volume":500,"label":" ","price":4.28},{"type":"A","date":"2018-03-27T05:00:01.000Z","volume":2000,"label":" ","price":4.28},{"type":"A","date":"2018-03-27T05:00:01.000Z","volume":2000,"label":" ","price":4.28},{"type":"A","date":"2018-03-27T05:00:01.000Z","volume":2000,"label":" ","price":4.28},{"type":"U","date":"2018-03-27T05:00:02.000Z","volume":1000,"label":" ","price":4.27},{"type":"A","date":"2018-03-27T05:00:02.000Z","volume":1500,"label":" ","price":4.27},{"type":"A","date":"2018-03-27T05:00:03.000Z","volume":1000,"label":" ","price":4.27},{"type":"B","date":"2018-03-27T05:00:03.000Z","volume":2500,"label":" ","price":4.26},{"type":"A","date":"2018-03-27T05:00:04.000Z","volume":500,"label":" ","price":4.27},{"type":"A","date":"2018-03-27T05:00:04.000Z","volume":7000,"label":" ","price":4.28},{"type":"A","date":"2018-03-27T05:00:05.000Z","volume":500,"label":" ","price":4.29},{"type":"A","date":"2018-03-27T05:00:06.000Z","volume":500,"label":" ","price":4.29},{"type":"A","date":"2018-03-27T05:00:18.000Z","volume":1500,"label":" ","price":4.29},{"type":"A","date":"2018-03-27T05:00:54.000Z","volume":1000,"label":" ","price":4.3},{"type":"A","date":"2018-03-27T05:00:56.000Z","volume":500,"label":" ","price":4.3},{"type":"A","date":"2018-03-27T05:00:59.000Z","volume":500,"label":" ","price":4.3},{"type":"A","date":"2018-03-27T05:01:30.000Z","volume":4500,"label":" ","price":4.3},{"type":"A","date":"2018-03-27T05:01:30.000Z","volume":500,"label":" ","price":4.3},{"type":"A","date":"2018-03-27T05:02:03.000Z","volume":1500,"label":" ","price":4.31},{"type":"A","date":"2018-03-27T05:02:37.000Z","volume":500,"label":" ","price":4.31},{"type":"A","date":"2018-03-27T05:03:24.000Z","volume":1000,"label":" ","price":4.31},{"type":"A","date":"2018-03-27T05:04:56.000Z","volume":4500,"label":" ","price":4.32},{"type":"A","date":"2018-03-27T05:08:28.000Z","volume":1000,"label":" ","price":4.33},{"type":"A","date":"2018-03-27T05:08:35.000Z","volume":500,"label":" ","price":4.33},{"type":"A","date":"2018-03-27T05:08:53.000Z","volume":2000,"label":" ","price":4.33},{"type":"A","date":"2018-03-27T05:09:40.000Z","volume":2000,"label":" ","price":4.33},{"type":"A","date":"2018-03-27T05:10:25.000Z","volume":500,"label":" ","price":4.33},{"type":"A","date":"2018-03-27T05:10:39.000Z","volume":2000,"label":" ","price":4.33},{"type":"A","date":"2018-03-27T05:10:42.000Z","volume":25000,"label":" ","price":4.33},{"type":"A","date":"2018-03-27T05:10:42.000Z","volume":3500,"label":" ","price":4.33},{"type":"A","date":"2018-03-27T05:10:42.000Z","volume":12000,"label":" ","price":4.33},{"type":"A","date":"2018-03-27T05:10:42.000Z","volume":3000,"label":" ","price":4.33},{"type":"A","date":"2018-03-27T05:10:43.000Z","volume":500,"label":" ","price":4.33},{"type":"A","date":"2018-03-27T05:11:33.000Z","volume":2000,"label":" ","price":4.34},{"type":"A","date":"2018-03-27T05:11:34.000Z","volume":2000,"label":" ","price":4.34},{"type":"A","date":"2018-03-27T05:11:47.000Z","volume":50000,"label":" ","price":4.34},{"type":"A","date":"2018-03-27T05:11:47.000Z","volume":12500,"label":" ","price":4.34},{"type":"A","date":"2018-03-27T05:11:48.000Z","volume":7500,"label":" ","price":4.34},{"type":"A","date":"2018-03-27T05:11:50.000Z","volume":35000,"label":" ","price":4.34},{"type":"A","date":"2018-03-27T05:11:50.000Z","volume":15000,"label":" ","price":4.35},{"type":"A","date":"2018-03-27T05:11:50.000Z","volume":3000,"label":" ","price":4.34},{"type":"A","date":"2018-03-27T05:12:18.000Z","volume":5000,"label":" ","price":4.35},{"type":"A","date":"2018-03-27T05:12:21.000Z","volume":5000,"label":" ","price":4.35},{"type":"A","date":"2018-03-27T05:12:22.000Z","volume":18000,"label":" ","price":4.35},{"type":"A","date":"2018-03-27T05:12:25.000Z","volume":5000,"label":" ","price":4.35},{"type":"A","date":"2018-03-27T05:12:30.000Z","volume":5000,"label":" ","price":4.35},{"type":"A","date":"2018-03-27T05:12:30.000Z","volume":1000,"label":" ","price":4.35},{"type":"A","date":"2018-03-27T05:12:32.000Z","volume":2500,"label":" ","price":4.35},{"type":"A","date":"2018-03-27T05:12:33.000Z","volume":5000,"label":" ","price":4.35},{"type":"A","date":"2018-03-27T05:12:34.000Z","volume":1500,"label":" ","price":4.35},{"type":"A","date":"2018-03-27T05:12:54.000Z","volume":11000,"label":" ","price":4.35},{"type":"A","date":"2018-03-27T05:12:54.000Z","volume":2500,"label":" ","price":4.35},{"type":"A","date":"2018-03-27T05:12:58.000Z","volume":2000,"label":" ","price":4.35},{"type":"A","date":"2018-03-27T05:13:27.000Z","volume":10000,"label":" ","price":4.35},{"type":"B","date":"2018-03-27T05:13:28.000Z","volume":500,"label":" ","price":4.34},{"type":"A","date":"2018-03-27T05:13:37.000Z","volume":500,"label":" ","price":4.35},{"type":"A","date":"2018-03-27T05:13:38.000Z","volume":3500,"label":" ","price":4.35},{"type":"A","date":"2018-03-27T05:13:39.000Z","volume":25500,"label":" ","price":4.36},{"type":"A","date":"2018-03-27T05:13:39.000Z","volume":6000,"label":" ","price":4.36},{"type":"A","date":"2018-03-27T05:13:48.000Z","volume":17000,"label":" ","price":4.36},{"type":"A","date":"2018-03-27T05:13:48.000Z","volume":2000,"label":" ","price":4.36},{"type":"A","date":"2018-03-27T05:13:49.000Z","volume":5000,"label":" ","price":4.36},{"type":"A","date":"2018-03-27T05:13:52.000Z","volume":1000,"label":" ","price":4.36},{"type":"A","date":"2018-03-27T05:14:13.000Z","volume":2000,"label":" ","price":4.37},{"type":"A","date":"2018-03-27T05:14:23.000Z","volume":20000,"label":" ","price":4.37},{"type":"A","date":"2018-03-27T05:14:25.000Z","volume":5500,"label":" ","price":4.37},{"type":"B","date":"2018-03-27T05:14:34.000Z","volume":50000,"label":" ","price":4.36},{"type":"A","date":"2018-03-27T05:15:02.000Z","volume":3000,"label":" ","price":4.37},{"type":"A","date":"2018-03-27T05:15:41.000Z","volume":1500,"label":" ","price":4.38},{"type":"A","date":"2018-03-27T05:15:42.000Z","volume":11500,"label":" ","price":4.38},{"type":"A","date":"2018-03-27T05:16:22.000Z","volume":2000,"label":" ","price":4.38},{"type":"A","date":"2018-03-27T05:16:29.000Z","volume":296000,"label":" ","price":4.38},{"type":"A","date":"2018-03-27T05:16:38.000Z","volume":43500,"label":" ","price":4.39},{"type":"A","date":"2018-03-27T05:16:38.000Z","volume":212000,"label":" ","price":4.4},{"type":"A","date":"2018-03-27T05:16:38.000Z","volume":138000,"label":" ","price":4.4},{"type":"B","date":"2018-03-27T05:16:43.000Z","volume":7500,"label":" ","price":4.39},{"type":"A","date":"2018-03-27T05:17:09.000Z","volume":1500,"label":" ","price":4.4},{"type":"A","date":"2018-03-27T05:17:16.000Z","volume":70000,"label":" ","price":4.4},{"type":"A","date":"2018-03-27T05:17:16.000Z","volume":4000,"label":" ","price":4.4},{"type":"A","date":"2018-03-27T05:17:17.000Z","volume":10500,"label":" ","price":4.4},{"type":"B","date":"2018-03-27T05:17:17.000Z","volume":3500,"label":" ","price":4.4},{"type":"B","date":"2018-03-27T05:17:17.000Z","volume":46500,"label":" ","price":4.39},{"type":"B","date":"2018-03-27T05:17:20.000Z","volume":7000,"label":" ","price":4.4},{"type":"A","date":"2018-03-27T05:18:22.000Z","volume":1500,"label":" ","price":4.41},{"type":"B","date":"2018-03-27T05:18:48.000Z","volume":500,"label":" ","price":4.4},{"type":"A","date":"2018-03-27T05:19:00.000Z","volume":1500,"label":" ","price":4.41},{"type":"B","date":"2018-03-27T05:19:19.000Z","volume":30000,"label":" ","price":4.4},{"type":"B","date":"2018-03-27T05:19:19.000Z","volume":4500,"label":" ","price":4.4},{"type":"B","date":"2018-03-27T05:19:40.000Z","volume":15500,"label":" ","price":4.39},{"type":"U","date":"2018-03-27T05:20:00.000Z","volume":8500,"label":"X","price":4.4},{"type":"U","date":"2018-03-27T05:20:00.000Z","volume":8500,"label":"X","price":4.4},{"type":"A","date":"2018-03-27T05:20:05.000Z","volume":500,"label":" ","price":4.4},{"type":"A","date":"2018-03-27T05:25:03.000Z","volume":10000,"label":" ","price":4.4},{"type":"A","date":"2018-03-27T05:25:04.000Z","volume":1500,"label":" ","price":4.4},{"type":"A","date":"2018-03-27T05:25:05.000Z","volume":3000,"label":" ","price":4.4},{"type":"A","date":"2018-03-27T05:25:06.000Z","volume":500,"label":" ","price":4.4},{"type":"A","date":"2018-03-27T05:25:08.000Z","volume":1500,"label":" ","price":4.4},{"type":"A","date":"2018-03-27T05:25:09.000Z","volume":500,"label":" ","price":4.4},{"type":"A","date":"2018-03-27T05:26:00.000Z","volume":11000,"label":" ","price":4.4},{"type":"A","date":"2018-03-27T05:26:01.000Z","volume":2000,"label":" ","price":4.4},{"type":"A","date":"2018-03-27T05:26:01.000Z","volume":4000,"label":" ","price":4.4},{"type":"A","date":"2018-03-27T05:26:02.000Z","volume":1000,"label":" ","price":4.4},{"type":"B","date":"2018-03-27T05:26:03.000Z","volume":8000,"label":" ","price":4.4},{"type":"A","date":"2018-03-27T05:26:12.000Z","volume":1500,"label":" ","price":4.41},{"type":"A","date":"2018-03-27T05:26:12.000Z","volume":1500,"label":" ","price":4.41},{"type":"A","date":"2018-03-27T05:28:18.000Z","volume":1000,"label":" ","price":4.42},{"type":"A","date":"2018-03-27T05:28:18.000Z","volume":1000,"label":" ","price":4.42},{"type":"A","date":"2018-03-27T05:28:18.000Z","volume":13000,"label":" ","price":4.43},{"type":"B","date":"2018-03-27T05:28:27.000Z","volume":4500,"label":" ","price":4.41},{"type":"B","date":"2018-03-27T05:28:27.000Z","volume":5500,"label":" ","price":4.4},{"type":"A","date":"2018-03-27T05:28:30.000Z","volume":1500,"label":" ","price":4.43},{"type":"A","date":"2018-03-27T05:29:04.000Z","volume":11000,"label":" ","price":4.41},{"type":"A","date":"2018-03-27T05:29:05.000Z","volume":1000,"label":" ","price":4.42},{"type":"A","date":"2018-03-27T05:29:32.000Z","volume":3500,"label":" ","price":4.43},{"type":"A","date":"2018-03-27T05:29:37.000Z","volume":3000,"label":" ","price":4.43},{"type":"B","date":"2018-03-27T05:29:37.000Z","volume":1000,"label":" ","price":4.43},{"type":"A","date":"2018-03-27T05:30:20.000Z","volume":500,"label":" ","price":4.43},{"type":"B","date":"2018-03-27T05:30:20.000Z","volume":9000,"label":" ","price":4.43},{"type":"A","date":"2018-03-27T05:30:23.000Z","volume":3000,"label":" ","price":4.44},{"type":"A","date":"2018-03-27T05:31:12.000Z","volume":3000,"label":" ","price":4.45},{"type":"A","date":"2018-03-27T05:31:30.000Z","volume":3000,"label":" ","price":4.45},{"type":"A","date":"2018-03-27T05:31:58.000Z","volume":4000,"label":" ","price":4.45},{"type":"A","date":"2018-03-27T05:32:09.000Z","volume":2000,"label":" ","price":4.45},{"type":"A","date":"2018-03-27T05:32:23.000Z","volume":500,"label":" ","price":4.45},{"type":"A","date":"2018-03-27T05:32:58.000Z","volume":2000,"label":" ","price":4.45},{"type":"A","date":"2018-03-27T05:33:14.000Z","volume":3500,"label":" ","price":4.45},{"type":"A","date":"2018-03-27T05:33:34.000Z","volume":9000,"label":" ","price":4.45},{"type":"A","date":"2018-03-27T05:33:38.000Z","volume":2000,"label":" ","price":4.45},{"type":"A","date":"2018-03-27T05:34:15.000Z","volume":1500,"label":" ","price":4.46},{"type":"A","date":"2018-03-27T05:34:46.000Z","volume":4000,"label":" ","price":4.47},{"type":"A","date":"2018-03-27T05:35:14.000Z","volume":2000,"label":" ","price":4.46},{"type":"A","date":"2018-03-27T05:35:19.000Z","volume":500,"label":" ","price":4.46},{"type":"U","date":"2018-03-27T05:35:21.000Z","volume":1500,"label":"X","price":4.455},{"type":"A","date":"2018-03-27T05:35:53.000Z","volume":1500,"label":" ","price":4.46},{"type":"A","date":"2018-03-27T05:35:54.000Z","volume":1000,"label":" ","price":4.46},{"type":"A","date":"2018-03-27T05:36:02.000Z","volume":2000,"label":" ","price":4.47},{"type":"A","date":"2018-03-27T05:36:22.000Z","volume":8000,"label":" ","price":4.47},{"type":"A","date":"2018-03-27T05:36:27.000Z","volume":1000,"label":" ","price":4.47},{"type":"A","date":"2018-03-27T05:36:32.000Z","volume":7500,"label":" ","price":4.47},{"type":"B","date":"2018-03-27T05:36:33.000Z","volume":13500,"label":" ","price":4.47},{"type":"B","date":"2018-03-27T05:36:33.000Z","volume":36500,"label":" ","price":4.46},{"type":"U","date":"2018-03-27T05:36:36.000Z","volume":10000,"label":" ","price":4.47},{"type":"B","date":"2018-03-27T05:36:40.000Z","volume":1500,"label":" ","price":4.47},{"type":"A","date":"2018-03-27T05:36:50.000Z","volume":500,"label":" ","price":4.48},{"type":"A","date":"2018-03-27T05:37:03.000Z","volume":15500,"label":" ","price":4.48},{"type":"A","date":"2018-03-27T05:37:04.000Z","volume":6000,"label":" ","price":4.48},{"type":"A","date":"2018-03-27T05:37:07.000Z","volume":2000,"label":" ","price":4.48},{"type":"U","date":"2018-03-27T05:37:25.000Z","volume":1500,"label":"X","price":4.475},{"type":"A","date":"2018-03-27T05:38:08.000Z","volume":6000,"label":" ","price":4.48},{"type":"A","date":"2018-03-27T05:38:38.000Z","volume":5000,"label":" ","price":4.48},{"type":"A","date":"2018-03-27T05:38:45.000Z","volume":1500,"label":" ","price":4.48},{"type":"A","date":"2018-03-27T05:38:45.000Z","volume":500,"label":" ","price":4.48},{"type":"A","date":"2018-03-27T05:38:48.000Z","volume":500,"label":" ","price":4.48},{"type":"A","date":"2018-03-27T05:39:03.000Z","volume":5000,"label":" ","price":4.48},{"type":"A","date":"2018-03-27T05:39:10.000Z","volume":4000,"label":" ","price":4.48},{"type":"A","date":"2018-03-27T05:39:37.000Z","volume":11500,"label":" ","price":4.49},{"type":"B","date":"2018-03-27T05:39:38.000Z","volume":10500,"label":" ","price":4.49},{"type":"A","date":"2018-03-27T05:39:47.000Z","volume":500,"label":" ","price":4.49},{"type":"A","date":"2018-03-27T05:39:58.000Z","volume":500,"label":" ","price":4.5},{"type":"A","date":"2018-03-27T05:40:24.000Z","volume":50000,"label":" ","price":4.5},{"type":"A","date":"2018-03-27T05:40:31.000Z","volume":50000,"label":" ","price":4.5},{"type":"A","date":"2018-03-27T05:40:49.000Z","volume":20000,"label":" ","price":4.5},{"type":"A","date":"2018-03-27T05:40:49.000Z","volume":20000,"label":" ","price":4.5},{"type":"A","date":"2018-03-27T05:40:49.000Z","volume":4000,"label":" ","price":4.5},{"type":"A","date":"2018-03-27T05:40:51.000Z","volume":500,"label":" ","price":4.5},{"type":"A","date":"2018-03-27T05:40:51.000Z","volume":1500,"label":" ","price":4.5},{"type":"A","date":"2018-03-27T05:41:05.000Z","volume":5000,"label":" ","price":4.51},{"type":"U","date":"2018-03-27T05:41:26.000Z","volume":1500,"label":"X","price":4.505},{"type":"B","date":"2018-03-27T05:41:28.000Z","volume":27000,"label":" ","price":4.5},{"type":"A","date":"2018-03-27T05:41:38.000Z","volume":4500,"label":" ","price":4.51},{"type":"A","date":"2018-03-27T05:41:38.000Z","volume":21500,"label":" ","price":4.52},{"type":"B","date":"2018-03-27T05:41:39.000Z","volume":64500,"label":" ","price":4.52},{"type":"B","date":"2018-03-27T05:41:40.000Z","volume":8000,"label":" ","price":4.52},{"type":"B","date":"2018-03-27T05:41:42.000Z","volume":12500,"label":" ","price":4.52},{"type":"U","date":"2018-03-27T05:41:51.000Z","volume":8500,"label":"X","price":4.52},{"type":"B","date":"2018-03-27T05:42:16.000Z","volume":22000,"label":" ","price":4.51},{"type":"B","date":"2018-03-27T05:42:16.000Z","volume":1000,"label":" ","price":4.51},{"type":"B","date":"2018-03-27T05:42:20.000Z","volume":1500,"label":" ","price":4.5},{"type":"B","date":"2018-03-27T05:42:23.000Z","volume":500,"label":" ","price":4.5},{"type":"B","date":"2018-03-27T05:42:26.000Z","volume":500,"label":" ","price":4.5},{"type":"B","date":"2018-03-27T05:43:40.000Z","volume":500,"label":"Y","price":4.48},{"type":"B","date":"2018-03-27T05:43:50.000Z","volume":5000,"label":" ","price":4.48},{"type":"B","date":"2018-03-27T05:44:06.000Z","volume":1500,"label":" ","price":4.48},{"type":"B","date":"2018-03-27T05:44:06.000Z","volume":48500,"label":" ","price":4.47},{"type":"B","date":"2018-03-27T05:44:14.000Z","volume":3000,"label":" ","price":4.47},{"type":"B","date":"2018-03-27T05:45:11.000Z","volume":11500,"label":" ","price":4.46},{"type":"B","date":"2018-03-27T05:45:11.000Z","volume":4000,"label":" ","price":4.45},{"type":"B","date":"2018-03-27T05:45:11.000Z","volume":5000,"label":" ","price":4.44},{"type":"B","date":"2018-03-27T05:45:11.000Z","volume":500,"label":" ","price":4.43},{"type":"B","date":"2018-03-27T05:45:11.000Z","volume":4000,"label":" ","price":4.42},{"type":"A","date":"2018-03-27T05:45:41.000Z","volume":500,"label":" ","price":4.45},{"type":"B","date":"2018-03-27T05:45:48.000Z","volume":3500,"label":" ","price":4.44},{"type":"A","date":"2018-03-27T05:45:49.000Z","volume":3500,"label":" ","price":4.45},{"type":"B","date":"2018-03-27T05:46:00.000Z","volume":5000,"label":" ","price":4.45},{"type":"B","date":"2018-03-27T05:46:13.000Z","volume":4000,"label":" ","price":4.45},{"type":"A","date":"2018-03-27T05:46:20.000Z","volume":1000,"label":" ","price":4.45},{"type":"B","date":"2018-03-27T05:46:26.000Z","volume":2000,"label":" ","price":4.45},{"type":"B","date":"2018-03-27T05:46:30.000Z","volume":3500,"label":" ","price":4.44},{"type":"B","date":"2018-03-27T05:46:41.000Z","volume":3000,"label":" ","price":4.44},{"type":"B","date":"2018-03-27T05:46:43.000Z","volume":1000,"label":"Y","price":4.42},{"type":"B","date":"2018-03-27T05:46:43.000Z","volume":3500,"label":" ","price":4.42},{"type":"A","date":"2018-03-27T05:46:43.000Z","volume":500,"label":" ","price":4.42},{"type":"A","date":"2018-03-27T05:46:51.000Z","volume":2000,"label":" ","price":4.44},{"type":"B","date":"2018-03-27T05:47:03.000Z","volume":2000,"label":" ","price":4.44},{"type":"B","date":"2018-03-27T05:47:10.000Z","volume":4000,"label":" ","price":4.44},{"type":"A","date":"2018-03-27T05:47:17.000Z","volume":6000,"label":" ","price":4.44},{"type":"A","date":"2018-03-27T05:47:17.000Z","volume":4000,"label":" ","price":4.45},{"type":"A","date":"2018-03-27T05:47:41.000Z","volume":19000,"label":" ","price":4.44},{"type":"A","date":"2018-03-27T05:47:41.000Z","volume":3000,"label":" ","price":4.44},{"type":"B","date":"2018-03-27T05:48:14.000Z","volume":14500,"label":" ","price":4.43},{"type":"B","date":"2018-03-27T05:49:57.000Z","volume":9500,"label":" ","price":4.43},{"type":"B","date":"2018-03-27T05:49:57.000Z","volume":5000,"label":" ","price":4.42},{"type":"B","date":"2018-03-27T05:49:57.000Z","volume":500,"label":" ","price":4.42},{"type":"A","date":"2018-03-27T05:50:19.000Z","volume":6000,"label":" ","price":4.42},{"type":"A","date":"2018-03-27T05:51:22.000Z","volume":1500,"label":" ","price":4.43},{"type":"A","date":"2018-03-27T05:52:17.000Z","volume":1500,"label":" ","price":4.44},{"type":"B","date":"2018-03-27T05:52:17.000Z","volume":4000,"label":" ","price":4.44},{"type":"B","date":"2018-03-27T05:52:17.000Z","volume":6500,"label":" ","price":4.44},{"type":"B","date":"2018-03-27T05:53:04.000Z","volume":61000,"label":" ","price":4.43},{"type":"B","date":"2018-03-27T05:53:11.000Z","volume":9000,"label":" ","price":4.43},{"type":"A","date":"2018-03-27T05:53:15.000Z","volume":1000,"label":" ","price":4.43},{"type":"B","date":"2018-03-27T05:54:47.000Z","volume":14000,"label":" ","price":4.43},{"type":"B","date":"2018-03-27T05:56:50.000Z","volume":7500,"label":" ","price":4.43},{"type":"A","date":"2018-03-27T05:56:51.000Z","volume":3500,"label":" ","price":4.43},{"type":"A","date":"2018-03-27T05:56:57.000Z","volume":3500,"label":" ","price":4.43},{"type":"B","date":"2018-03-27T05:57:05.000Z","volume":23000,"label":" ","price":4.42},{"type":"A","date":"2018-03-27T05:57:50.000Z","volume":3500,"label":" ","price":4.43},{"type":"A","date":"2018-03-27T05:57:57.000Z","volume":1500,"label":" ","price":4.43},{"type":"B","date":"2018-03-27T05:58:07.000Z","volume":17000,"label":" ","price":4.42},{"type":"A","date":"2018-03-27T05:59:56.000Z","volume":3500,"label":" ","price":4.43},{"type":"A","date":"2018-03-27T06:00:34.000Z","volume":1000,"label":" ","price":4.43},{"type":"A","date":"2018-03-27T06:00:40.000Z","volume":500,"label":" ","price":4.43},{"type":"A","date":"2018-03-27T06:00:45.000Z","volume":1500,"label":" ","price":4.43},{"type":"B","date":"2018-03-27T06:05:34.000Z","volume":40000,"label":" ","price":4.42},{"type":"A","date":"2018-03-27T06:05:34.000Z","volume":13000,"label":" ","price":4.42},{"type":"A","date":"2018-03-27T06:06:34.000Z","volume":3500,"label":" ","price":4.42},{"type":"A","date":"2018-03-27T06:06:37.000Z","volume":1500,"label":" ","price":4.42},{"type":"A","date":"2018-03-27T06:07:37.000Z","volume":13000,"label":" ","price":4.42},{"type":"A","date":"2018-03-27T06:07:37.000Z","volume":4000,"label":" ","price":4.42},{"type":"A","date":"2018-03-27T06:07:40.000Z","volume":8500,"label":" ","price":4.42},{"type":"A","date":"2018-03-27T06:07:40.000Z","volume":4000,"label":" ","price":4.42},{"type":"A","date":"2018-03-27T06:07:40.000Z","volume":500,"label":" ","price":4.42},{"type":"A","date":"2018-03-27T06:07:44.000Z","volume":500,"label":" ","price":4.42},{"type":"A","date":"2018-03-27T06:07:46.000Z","volume":4000,"label":" ","price":4.42},{"type":"A","date":"2018-03-27T06:08:03.000Z","volume":2000,"label":" ","price":4.42},{"type":"A","date":"2018-03-27T06:08:11.000Z","volume":4000,"label":" ","price":4.42},{"type":"A","date":"2018-03-27T06:08:23.000Z","volume":3000,"label":" ","price":4.42},{"type":"A","date":"2018-03-27T06:08:41.000Z","volume":8000,"label":" ","price":4.43},{"type":"B","date":"2018-03-27T06:08:41.000Z","volume":500,"label":" ","price":4.42},{"type":"U","date":"2018-03-27T06:08:41.000Z","volume":3500,"label":"X","price":4.425},{"type":"B","date":"2018-03-27T06:09:03.000Z","volume":55000,"label":" ","price":4.42},{"type":"B","date":"2018-03-27T06:09:16.000Z","volume":4500,"label":" ","price":4.42},{"type":"B","date":"2018-03-27T06:09:16.000Z","volume":500,"label":" ","price":4.41},{"type":"B","date":"2018-03-27T06:09:56.000Z","volume":5000,"label":" ","price":4.41},{"type":"B","date":"2018-03-27T06:09:56.000Z","volume":500,"label":" ","price":4.41},{"type":"A","date":"2018-03-27T06:13:14.000Z","volume":1500,"label":" ","price":4.42},{"type":"A","date":"2018-03-27T06:13:27.000Z","volume":500,"label":" ","price":4.42},{"type":"A","date":"2018-03-27T06:13:57.000Z","volume":500,"label":" ","price":4.42},{"type":"B","date":"2018-03-27T06:13:57.000Z","volume":500,"label":" ","price":4.42},{"type":"A","date":"2018-03-27T06:14:58.000Z","volume":500,"label":" ","price":4.43},{"type":"A","date":"2018-03-27T06:15:05.000Z","volume":3500,"label":" ","price":4.43},{"type":"A","date":"2018-03-27T06:16:37.000Z","volume":1000,"label":" ","price":4.43},{"type":"A","date":"2018-03-27T06:16:43.000Z","volume":5000,"label":"Y","price":4.43},{"type":"A","date":"2018-03-27T06:17:15.000Z","volume":1500,"label":" ","price":4.43},{"type":"A","date":"2018-03-27T06:19:07.000Z","volume":2000,"label":" ","price":4.43},{"type":"B","date":"2018-03-27T06:19:21.000Z","volume":82000,"label":" ","price":4.42},{"type":"B","date":"2018-03-27T06:19:21.000Z","volume":17000,"label":" ","price":4.41},{"type":"B","date":"2018-03-27T06:19:21.000Z","volume":18500,"label":" ","price":4.39},{"type":"B","date":"2018-03-27T06:19:21.000Z","volume":1500,"label":" ","price":4.39},{"type":"B","date":"2018-03-27T06:19:21.000Z","volume":2000,"label":" ","price":4.39},{"type":"B","date":"2018-03-27T06:19:21.000Z","volume":1500,"label":" ","price":4.38},{"type":"U","date":"2018-03-27T06:19:21.000Z","volume":1000,"label":" ","price":4.4},{"type":"U","date":"2018-03-27T06:19:21.000Z","volume":6500,"label":"X","price":4.405},{"type":"A","date":"2018-03-27T06:19:25.000Z","volume":500,"label":" ","price":4.41},{"type":"B","date":"2018-03-27T06:19:26.000Z","volume":500,"label":" ","price":4.4},{"type":"A","date":"2018-03-27T06:19:27.000Z","volume":500,"label":" ","price":4.41},{"type":"A","date":"2018-03-27T06:19:36.000Z","volume":4000,"label":" ","price":4.41},{"type":"B","date":"2018-03-27T06:19:40.000Z","volume":8500,"label":" ","price":4.4},{"type":"B","date":"2018-03-27T06:19:40.000Z","volume":2000,"label":" ","price":4.4},{"type":"B","date":"2018-03-27T06:21:11.000Z","volume":23500,"label":" ","price":4.4},{"type":"B","date":"2018-03-27T06:21:11.000Z","volume":1500,"label":" ","price":4.39},{"type":"B","date":"2018-03-27T06:21:11.000Z","volume":3000,"label":" ","price":4.39},{"type":"B","date":"2018-03-27T06:21:11.000Z","volume":1500,"label":" ","price":4.39},{"type":"B","date":"2018-03-27T06:21:12.000Z","volume":500,"label":" ","price":4.38},{"type":"B","date":"2018-03-27T06:21:24.000Z","volume":8500,"label":" ","price":4.38},{"type":"B","date":"2018-03-27T06:21:24.000Z","volume":500,"label":" ","price":4.38},{"type":"B","date":"2018-03-27T06:21:24.000Z","volume":500,"label":" ","price":4.37},{"type":"B","date":"2018-03-27T06:21:24.000Z","volume":1000,"label":" ","price":4.36},{"type":"A","date":"2018-03-27T06:21:36.000Z","volume":1500,"label":" ","price":4.37},{"type":"A","date":"2018-03-27T06:21:36.000Z","volume":500,"label":" ","price":4.37},{"type":"B","date":"2018-03-27T06:21:36.000Z","volume":500,"label":" ","price":4.37},{"type":"A","date":"2018-03-27T06:21:48.000Z","volume":1500,"label":" ","price":4.38},{"type":"A","date":"2018-03-27T06:21:48.000Z","volume":500,"label":" ","price":4.38},{"type":"B","date":"2018-03-27T06:21:51.000Z","volume":3500,"label":" ","price":4.38},{"type":"B","date":"2018-03-27T06:21:51.000Z","volume":3500,"label":" ","price":4.37},{"type":"B","date":"2018-03-27T06:21:51.000Z","volume":2500,"label":" ","price":4.36},{"type":"B","date":"2018-03-27T06:21:52.000Z","volume":1000,"label":" ","price":4.36},{"type":"A","date":"2018-03-27T06:22:06.000Z","volume":1500,"label":" ","price":4.37},{"type":"A","date":"2018-03-27T06:22:06.000Z","volume":500,"label":" ","price":4.37},{"type":"A","date":"2018-03-27T06:22:30.000Z","volume":1500,"label":" ","price":4.38},{"type":"B","date":"2018-03-27T06:22:30.000Z","volume":500,"label":" ","price":4.38},{"type":"B","date":"2018-03-27T06:23:00.000Z","volume":8500,"label":" ","price":4.38},{"type":"B","date":"2018-03-27T06:23:00.000Z","volume":6500,"label":" ","price":4.37},{"type":"B","date":"2018-03-27T06:23:00.000Z","volume":1000,"label":" ","price":4.37},{"type":"B","date":"2018-03-27T06:23:00.000Z","volume":1500,"label":" ","price":4.36},{"type":"B","date":"2018-03-27T06:23:50.000Z","volume":8500,"label":" ","price":4.36},{"type":"B","date":"2018-03-27T06:23:50.000Z","volume":2500,"label":" ","price":4.36},{"type":"A","date":"2018-03-27T06:23:51.000Z","volume":2500,"label":" ","price":4.38},{"type":"B","date":"2018-03-27T06:23:51.000Z","volume":1000,"label":" ","price":4.38},{"type":"B","date":"2018-03-27T06:23:53.000Z","volume":3000,"label":" ","price":4.38},{"type":"B","date":"2018-03-27T06:23:53.000Z","volume":2500,"label":" ","price":4.37},{"type":"B","date":"2018-03-27T06:23:53.000Z","volume":4000,"label":" ","price":4.36},{"type":"B","date":"2018-03-27T06:23:53.000Z","volume":1500,"label":" ","price":4.37},{"type":"B","date":"2018-03-27T06:24:59.000Z","volume":9500,"label":" ","price":4.37},{"type":"B","date":"2018-03-27T06:25:00.000Z","volume":8500,"label":" ","price":4.37},{"type":"B","date":"2018-03-27T06:25:00.000Z","volume":1000,"label":" ","price":4.37},{"type":"B","date":"2018-03-27T06:25:00.000Z","volume":2000,"label":" ","price":4.36},{"type":"B","date":"2018-03-27T06:25:00.000Z","volume":2000,"label":" ","price":4.36},{"type":"U","date":"2018-03-27T06:25:06.000Z","volume":8500,"label":"X","price":4.375},{"type":"A","date":"2018-03-27T06:26:32.000Z","volume":4000,"label":" ","price":4.38},{"type":"B","date":"2018-03-27T06:26:32.000Z","volume":1500,"label":" ","price":4.38},{"type":"A","date":"2018-03-27T06:26:49.000Z","volume":1000,"label":" ","price":4.39},{"type":"A","date":"2018-03-27T06:27:08.000Z","volume":1000,"label":" ","price":4.39},{"type":"A","date":"2018-03-27T06:27:16.000Z","volume":22500,"label":" ","price":4.39},{"type":"A","date":"2018-03-27T06:27:16.000Z","volume":2500,"label":" ","price":4.39},{"type":"A","date":"2018-03-27T06:27:16.000Z","volume":500,"label":" ","price":4.39},{"type":"A","date":"2018-03-27T06:27:16.000Z","volume":5500,"label":" ","price":4.39},{"type":"A","date":"2018-03-27T06:27:52.000Z","volume":14500,"label":" ","price":4.39},{"type":"B","date":"2018-03-27T06:28:01.000Z","volume":7500,"label":" ","price":4.39},{"type":"B","date":"2018-03-27T06:28:32.000Z","volume":66000,"label":" ","price":4.38},{"type":"A","date":"2018-03-27T06:29:14.000Z","volume":1000,"label":" ","price":4.39},{"type":"A","date":"2018-03-27T06:29:18.000Z","volume":500,"label":" ","price":4.39},{"type":"A","date":"2018-03-27T06:29:37.000Z","volume":500,"label":" ","price":4.39},{"type":"A","date":"2018-03-27T06:29:48.000Z","volume":500,"label":" ","price":4.39},{"type":"A","date":"2018-03-27T06:29:55.000Z","volume":500,"label":" ","price":4.39},{"type":"A","date":"2018-03-27T06:29:55.000Z","volume":1000,"label":" ","price":4.4},{"type":"A","date":"2018-03-27T06:29:55.000Z","volume":2000,"label":" ","price":4.4},{"type":"A","date":"2018-03-27T06:29:59.000Z","volume":500,"label":" ","price":4.39},{"type":"A","date":"2018-03-27T06:29:59.000Z","volume":500,"label":" ","price":4.39},{"type":"B","date":"2018-03-27T06:32:23.000Z","volume":8500,"label":" ","price":4.38},{"type":"A","date":"2018-03-27T06:32:59.000Z","volume":500,"label":" ","price":4.39},{"type":"A","date":"2018-03-27T06:33:17.000Z","volume":500,"label":" ","price":4.39},{"type":"B","date":"2018-03-27T06:33:17.000Z","volume":500,"label":" ","price":4.39},{"type":"B","date":"2018-03-27T06:33:19.000Z","volume":9000,"label":" ","price":4.39},{"type":"A","date":"2018-03-27T06:36:19.000Z","volume":500,"label":" ","price":4.4},{"type":"A","date":"2018-03-27T06:36:23.000Z","volume":3000,"label":" ","price":4.4},{"type":"B","date":"2018-03-27T06:36:29.000Z","volume":32000,"label":" ","price":4.39},{"type":"B","date":"2018-03-27T06:36:29.000Z","volume":6000,"label":" ","price":4.39},{"type":"B","date":"2018-03-27T06:36:29.000Z","volume":500,"label":" ","price":4.39},{"type":"B","date":"2018-03-27T06:39:17.000Z","volume":9500,"label":" ","price":4.39},{"type":"B","date":"2018-03-27T06:39:17.000Z","volume":2500,"label":" ","price":4.39},{"type":"A","date":"2018-03-27T06:40:46.000Z","volume":17000,"label":" ","price":4.4},{"type":"A","date":"2018-03-27T06:40:47.000Z","volume":5500,"label":" ","price":4.4},{"type":"A","date":"2018-03-27T06:40:47.000Z","volume":2000,"label":" ","price":4.4},{"type":"A","date":"2018-03-27T06:40:48.000Z","volume":500,"label":" ","price":4.4},{"type":"A","date":"2018-03-27T06:40:52.000Z","volume":500,"label":" ","price":4.4},{"type":"B","date":"2018-03-27T06:40:52.000Z","volume":500,"label":" ","price":4.4},{"type":"A","date":"2018-03-27T06:40:55.000Z","volume":1500,"label":" ","price":4.41},{"type":"B","date":"2018-03-27T06:41:29.000Z","volume":500,"label":" ","price":4.4},{"type":"U","date":"2018-03-27T06:41:31.000Z","volume":3000,"label":"X","price":4.405},{"type":"A","date":"2018-03-27T06:42:05.000Z","volume":5500,"label":" ","price":4.41},{"type":"B","date":"2018-03-27T06:42:05.000Z","volume":1000,"label":" ","price":4.41},{"type":"A","date":"2018-03-27T06:42:05.000Z","volume":500,"label":" ","price":4.41},{"type":"B","date":"2018-03-27T06:42:05.000Z","volume":500,"label":" ","price":4.41},{"type":"A","date":"2018-03-27T06:42:17.000Z","volume":1500,"label":" ","price":4.42},{"type":"A","date":"2018-03-27T06:42:31.000Z","volume":3000,"label":" ","price":4.42},{"type":"A","date":"2018-03-27T06:42:49.000Z","volume":500,"label":" ","price":4.42},{"type":"U","date":"2018-03-27T06:43:32.000Z","volume":1500,"label":"X","price":4.415},{"type":"B","date":"2018-03-27T06:44:05.000Z","volume":500,"label":" ","price":4.41},{"type":"A","date":"2018-03-27T06:44:07.000Z","volume":4500,"label":" ","price":4.42},{"type":"A","date":"2018-03-27T06:44:40.000Z","volume":1500,"label":" ","price":4.42},{"type":"B","date":"2018-03-27T06:44:49.000Z","volume":20000,"label":" ","price":4.41},{"type":"B","date":"2018-03-27T06:44:49.000Z","volume":31500,"label":" ","price":4.41},{"type":"B","date":"2018-03-27T06:44:49.000Z","volume":500,"label":" ","price":4.4},{"type":"U","date":"2018-03-27T06:44:49.000Z","volume":500,"label":" ","price":4.41},{"type":"B","date":"2018-03-27T06:44:49.000Z","volume":500,"label":" ","price":4.4},{"type":"B","date":"2018-03-27T06:45:05.000Z","volume":23500,"label":" ","price":4.4},{"type":"B","date":"2018-03-27T06:45:05.000Z","volume":500,"label":" ","price":4.39},{"type":"B","date":"2018-03-27T06:45:05.000Z","volume":2500,"label":" ","price":4.38},{"type":"B","date":"2018-03-27T06:45:05.000Z","volume":3000,"label":" ","price":4.38},{"type":"B","date":"2018-03-27T06:45:05.000Z","volume":2500,"label":" ","price":4.37},{"type":"B","date":"2018-03-27T06:45:05.000Z","volume":5000,"label":" ","price":4.37},{"type":"A","date":"2018-03-27T06:45:05.000Z","volume":3000,"label":" ","price":4.38},{"type":"B","date":"2018-03-27T06:45:05.000Z","volume":500,"label":" ","price":4.37},{"type":"A","date":"2018-03-27T06:45:05.000Z","volume":1000,"label":" ","price":4.38},{"type":"A","date":"2018-03-27T06:45:06.000Z","volume":500,"label":" ","price":4.38},{"type":"B","date":"2018-03-27T06:45:06.000Z","volume":500,"label":" ","price":4.37},{"type":"A","date":"2018-03-27T06:45:07.000Z","volume":500,"label":" ","price":4.38},{"type":"B","date":"2018-03-27T06:45:07.000Z","volume":500,"label":" ","price":4.38},{"type":"A","date":"2018-03-27T06:45:31.000Z","volume":500,"label":" ","price":4.4},{"type":"A","date":"2018-03-27T06:45:32.000Z","volume":4000,"label":" ","price":4.4},{"type":"A","date":"2018-03-27T06:49:44.000Z","volume":500,"label":" ","price":4.39},{"type":"A","date":"2018-03-27T06:49:49.000Z","volume":1000,"label":" ","price":4.39},{"type":"A","date":"2018-03-27T06:49:52.000Z","volume":1000,"label":" ","price":4.39},{"type":"B","date":"2018-03-27T06:49:52.000Z","volume":500,"label":" ","price":4.39},{"type":"B","date":"2018-03-27T06:50:28.000Z","volume":8500,"label":" ","price":4.39},{"type":"B","date":"2018-03-27T06:50:44.000Z","volume":15000,"label":" ","price":4.39},{"type":"B","date":"2018-03-27T06:50:44.000Z","volume":3500,"label":" ","price":4.39},{"type":"B","date":"2018-03-27T06:50:44.000Z","volume":500,"label":" ","price":4.39},{"type":"B","date":"2018-03-27T06:50:50.000Z","volume":8500,"label":" ","price":4.39},{"type":"B","date":"2018-03-27T06:50:50.000Z","volume":3500,"label":" ","price":4.39},{"type":"B","date":"2018-03-27T06:50:50.000Z","volume":3000,"label":" ","price":4.38},{"type":"U","date":"2018-03-27T06:50:58.000Z","volume":8500,"label":"X","price":4.39},{"type":"B","date":"2018-03-27T06:54:46.000Z","volume":18000,"label":" ","price":4.38},{"type":"B","date":"2018-03-27T06:54:47.000Z","volume":4500,"label":" ","price":4.38},{"type":"B","date":"2018-03-27T06:54:47.000Z","volume":500,"label":" ","price":4.38},{"type":"B","date":"2018-03-27T06:56:29.000Z","volume":9500,"label":" ","price":4.38},{"type":"B","date":"2018-03-27T06:56:32.000Z","volume":2500,"label":" ","price":4.38},{"type":"B","date":"2018-03-27T06:56:33.000Z","volume":8500,"label":" ","price":4.38},{"type":"B","date":"2018-03-27T06:56:34.000Z","volume":2000,"label":" ","price":4.38},{"type":"B","date":"2018-03-27T06:56:39.000Z","volume":9500,"label":" ","price":4.38},{"type":"B","date":"2018-03-27T06:56:39.000Z","volume":2500,"label":" ","price":4.38},{"type":"B","date":"2018-03-27T06:56:42.000Z","volume":2500,"label":" ","price":4.38},{"type":"B","date":"2018-03-27T06:57:50.000Z","volume":9500,"label":" ","price":4.38},{"type":"B","date":"2018-03-27T06:58:00.000Z","volume":500,"label":" ","price":4.38},{"type":"B","date":"2018-03-27T06:58:00.000Z","volume":8000,"label":" ","price":4.37},{"type":"B","date":"2018-03-27T06:58:00.000Z","volume":1500,"label":" ","price":4.37},{"type":"B","date":"2018-03-27T06:58:00.000Z","volume":1000,"label":" ","price":4.37},{"type":"B","date":"2018-03-27T06:58:15.000Z","volume":5000,"label":" ","price":4.37},{"type":"B","date":"2018-03-27T06:58:15.000Z","volume":1000,"label":" ","price":4.37},{"type":"B","date":"2018-03-27T06:58:15.000Z","volume":2000,"label":" ","price":4.37},{"type":"A","date":"2018-03-27T06:58:43.000Z","volume":500,"label":" ","price":4.38},{"type":"A","date":"2018-03-27T06:58:44.000Z","volume":2500,"label":" ","price":4.38},{"type":"A","date":"2018-03-27T06:58:46.000Z","volume":1500,"label":" ","price":4.38},{"type":"A","date":"2018-03-27T06:58:47.000Z","volume":500,"label":" ","price":4.38},{"type":"B","date":"2018-03-27T06:58:47.000Z","volume":500,"label":" ","price":4.38},{"type":"B","date":"2018-03-27T06:59:04.000Z","volume":8000,"label":" ","price":4.37},{"type":"B","date":"2018-03-27T06:59:04.000Z","volume":500,"label":" ","price":4.36},{"type":"B","date":"2018-03-27T07:05:06.000Z","volume":9500,"label":" ","price":4.37},{"type":"B","date":"2018-03-27T07:05:06.000Z","volume":1500,"label":" ","price":4.37},{"type":"B","date":"2018-03-27T07:05:08.000Z","volume":8500,"label":" ","price":4.37},{"type":"B","date":"2018-03-27T07:05:08.000Z","volume":2000,"label":" ","price":4.37},{"type":"B","date":"2018-03-27T07:05:08.000Z","volume":7000,"label":" ","price":4.37},{"type":"B","date":"2018-03-27T07:05:08.000Z","volume":2000,"label":" ","price":4.36},{"type":"A","date":"2018-03-27T07:06:19.000Z","volume":12500,"label":" ","price":4.38},{"type":"B","date":"2018-03-27T07:06:19.000Z","volume":3000,"label":" ","price":4.37},{"type":"U","date":"2018-03-27T07:06:33.000Z","volume":1500,"label":"X","price":4.375},{"type":"A","date":"2018-03-27T07:06:39.000Z","volume":4000,"label":" ","price":4.38},{"type":"B","date":"2018-03-27T07:06:39.000Z","volume":1500,"label":" ","price":4.37},{"type":"A","date":"2018-03-27T07:06:39.000Z","volume":1000,"label":" ","price":4.38},{"type":"A","date":"2018-03-27T07:06:39.000Z","volume":3000,"label":" ","price":4.38},{"type":"A","date":"2018-03-27T07:06:39.000Z","volume":1500,"label":" ","price":4.38},{"type":"A","date":"2018-03-27T07:06:39.000Z","volume":500,"label":" ","price":4.38},{"type":"A","date":"2018-03-27T07:06:39.000Z","volume":1500,"label":" ","price":4.38},{"type":"A","date":"2018-03-27T07:06:39.000Z","volume":500,"label":" ","price":4.38},{"type":"A","date":"2018-03-27T07:06:39.000Z","volume":500,"label":" ","price":4.38},{"type":"A","date":"2018-03-27T07:06:39.000Z","volume":500,"label":" ","price":4.38},{"type":"A","date":"2018-03-27T07:06:43.000Z","volume":2500,"label":"Y","price":4.38},{"type":"A","date":"2018-03-27T07:06:43.000Z","volume":2500,"label":" ","price":4.38},{"type":"B","date":"2018-03-27T07:06:44.000Z","volume":1500,"label":" ","price":4.38},{"type":"A","date":"2018-03-27T07:06:44.000Z","volume":500,"label":" ","price":4.38},{"type":"A","date":"2018-03-27T07:06:46.000Z","volume":500,"label":" ","price":4.38},{"type":"A","date":"2018-03-27T07:07:08.000Z","volume":500,"label":" ","price":4.38},{"type":"B","date":"2018-03-27T07:07:08.000Z","volume":500,"label":" ","price":4.38},{"type":"B","date":"2018-03-27T07:08:07.000Z","volume":9500,"label":" ","price":4.38},{"type":"B","date":"2018-03-27T07:09:02.000Z","volume":8500,"label":" ","price":4.38},{"type":"B","date":"2018-03-27T07:10:01.000Z","volume":63500,"label":" ","price":4.38},{"type":"B","date":"2018-03-27T07:10:01.000Z","volume":29500,"label":" ","price":4.37},{"type":"B","date":"2018-03-27T07:10:01.000Z","volume":2500,"label":" ","price":4.36},{"type":"B","date":"2018-03-27T07:10:01.000Z","volume":11500,"label":" ","price":4.35},{"type":"B","date":"2018-03-27T07:10:01.000Z","volume":4500,"label":" ","price":4.35},{"type":"B","date":"2018-03-27T07:10:01.000Z","volume":1000,"label":" ","price":4.34},{"type":"A","date":"2018-03-27T07:10:01.000Z","volume":6000,"label":" ","price":4.37},{"type":"B","date":"2018-03-27T07:10:01.000Z","volume":1000,"label":" ","price":4.34},{"type":"U","date":"2018-03-27T07:10:03.000Z","volume":500,"label":" ","price":4.34},{"type":"A","date":"2018-03-27T07:13:03.000Z","volume":1500,"label":" ","price":4.37},{"type":"A","date":"2018-03-27T07:13:22.000Z","volume":500,"label":" ","price":4.37},{"type":"A","date":"2018-03-27T07:13:23.000Z","volume":500,"label":" ","price":4.37},{"type":"A","date":"2018-03-27T07:13:53.000Z","volume":1500,"label":" ","price":4.37},{"type":"B","date":"2018-03-27T07:14:19.000Z","volume":8500,"label":" ","price":4.34},{"type":"B","date":"2018-03-27T07:14:23.000Z","volume":8500,"label":" ","price":4.35},{"type":"B","date":"2018-03-27T07:14:23.000Z","volume":1500,"label":" ","price":4.35},{"type":"B","date":"2018-03-27T07:14:23.000Z","volume":500,"label":" ","price":4.35},{"type":"U","date":"2018-03-27T07:14:27.000Z","volume":2000,"label":"X","price":4.36},{"type":"A","date":"2018-03-27T07:15:12.000Z","volume":10500,"label":" ","price":4.37},{"type":"A","date":"2018-03-27T07:15:12.000Z","volume":500,"label":" ","price":4.37},{"type":"A","date":"2018-03-27T07:15:12.000Z","volume":6500,"label":" ","price":4.37},{"type":"A","date":"2018-03-27T07:15:12.000Z","volume":500,"label":" ","price":4.37},{"type":"A","date":"2018-03-27T07:15:12.000Z","volume":2000,"label":" ","price":4.37},{"type":"A","date":"2018-03-27T07:15:14.000Z","volume":1000,"label":" ","price":4.37},{"type":"A","date":"2018-03-27T07:15:16.000Z","volume":500,"label":" ","price":4.37},{"type":"B","date":"2018-03-27T07:15:16.000Z","volume":500,"label":" ","price":4.37},{"type":"A","date":"2018-03-27T07:15:30.000Z","volume":500,"label":" ","price":4.38},{"type":"A","date":"2018-03-27T07:15:30.000Z","volume":49500,"label":" ","price":4.39},{"type":"B","date":"2018-03-27T07:15:30.000Z","volume":5000,"label":" ","price":4.37},{"type":"A","date":"2018-03-27T07:15:31.000Z","volume":500,"label":" ","price":4.38},{"type":"A","date":"2018-03-27T07:15:32.000Z","volume":500,"label":" ","price":4.38},{"type":"A","date":"2018-03-27T07:15:34.000Z","volume":500,"label":" ","price":4.38},{"type":"A","date":"2018-03-27T07:15:36.000Z","volume":500,"label":" ","price":4.38},{"type":"A","date":"2018-03-27T07:15:40.000Z","volume":500,"label":" ","price":4.38},{"type":"A","date":"2018-03-27T07:15:42.000Z","volume":500,"label":" ","price":4.38},{"type":"A","date":"2018-03-27T07:15:44.000Z","volume":500,"label":" ","price":4.38},{"type":"A","date":"2018-03-27T07:15:50.000Z","volume":500,"label":" ","price":4.38},{"type":"A","date":"2018-03-27T07:15:50.000Z","volume":500,"label":" ","price":4.38},{"type":"A","date":"2018-03-27T07:15:54.000Z","volume":500,"label":" ","price":4.38},{"type":"A","date":"2018-03-27T07:15:54.000Z","volume":500,"label":" ","price":4.38},{"type":"B","date":"2018-03-27T07:15:56.000Z","volume":18000,"label":" ","price":4.38},{"type":"A","date":"2018-03-27T07:15:56.000Z","volume":500,"label":" ","price":4.38},{"type":"B","date":"2018-03-27T07:16:11.000Z","volume":9500,"label":" ","price":4.37},{"type":"A","date":"2018-03-27T07:16:11.000Z","volume":9500,"label":" ","price":4.38},{"type":"B","date":"2018-03-27T07:16:11.000Z","volume":1500,"label":" ","price":4.37},{"type":"B","date":"2018-03-27T07:16:11.000Z","volume":2500,"label":" ","price":4.37},{"type":"B","date":"2018-03-27T07:16:56.000Z","volume":33000,"label":" ","price":4.37},{"type":"A","date":"2018-03-27T07:17:39.000Z","volume":500,"label":" ","price":4.37},{"type":"U","date":"2018-03-27T07:18:17.000Z","volume":500,"label":"X","price":4.37},{"type":"A","date":"2018-03-27T07:18:19.000Z","volume":500,"label":" ","price":4.37},{"type":"A","date":"2018-03-27T07:18:26.000Z","volume":16000,"label":" ","price":4.37},{"type":"A","date":"2018-03-27T07:18:27.000Z","volume":4000,"label":" ","price":4.37},{"type":"A","date":"2018-03-27T07:18:27.000Z","volume":12000,"label":" ","price":4.37},{"type":"B","date":"2018-03-27T07:19:04.000Z","volume":8500,"label":" ","price":4.36},{"type":"B","date":"2018-03-27T07:19:51.000Z","volume":35000,"label":" ","price":4.36},{"type":"B","date":"2018-03-27T07:19:51.000Z","volume":1000,"label":" ","price":4.36},{"type":"A","date":"2018-03-27T07:19:59.000Z","volume":500,"label":" ","price":4.36},{"type":"A","date":"2018-03-27T07:20:00.000Z","volume":3500,"label":" ","price":4.36},{"type":"A","date":"2018-03-27T07:20:00.000Z","volume":1000,"label":" ","price":4.36},{"type":"A","date":"2018-03-27T07:20:25.000Z","volume":5000,"label":" ","price":4.36},{"type":"A","date":"2018-03-27T07:20:56.000Z","volume":1500,"label":" ","price":4.37},{"type":"A","date":"2018-03-27T07:20:56.000Z","volume":2000,"label":" ","price":4.37},{"type":"A","date":"2018-03-27T07:20:56.000Z","volume":1000,"label":" ","price":4.37},{"type":"A","date":"2018-03-27T07:21:05.000Z","volume":500,"label":" ","price":4.37},{"type":"A","date":"2018-03-27T07:21:25.000Z","volume":6000,"label":" ","price":4.37},{"type":"B","date":"2018-03-27T07:21:26.000Z","volume":9500,"label":" ","price":4.36},{"type":"A","date":"2018-03-27T07:23:06.000Z","volume":500,"label":" ","price":4.37},{"type":"A","date":"2018-03-27T07:23:07.000Z","volume":2500,"label":" ","price":4.37},{"type":"A","date":"2018-03-27T07:23:18.000Z","volume":5500,"label":" ","price":4.37},{"type":"B","date":"2018-03-27T07:23:18.000Z","volume":3500,"label":" ","price":4.37},{"type":"A","date":"2018-03-27T07:23:18.000Z","volume":1500,"label":" ","price":4.37},{"type":"A","date":"2018-03-27T07:23:18.000Z","volume":1500,"label":" ","price":4.37},{"type":"A","date":"2018-03-27T07:23:18.000Z","volume":1500,"label":" ","price":4.37},{"type":"A","date":"2018-03-27T07:23:19.000Z","volume":8000,"label":" ","price":4.37},{"type":"A","date":"2018-03-27T07:23:22.000Z","volume":2500,"label":" ","price":4.37},{"type":"A","date":"2018-03-27T07:23:22.000Z","volume":6000,"label":" ","price":4.37},{"type":"A","date":"2018-03-27T07:23:37.000Z","volume":1000,"label":" ","price":4.37},{"type":"U","date":"2018-03-27T07:23:37.000Z","volume":8500,"label":"X","price":4.375},{"type":"A","date":"2018-03-27T07:23:37.000Z","volume":2500,"label":" ","price":4.37},{"type":"A","date":"2018-03-27T07:23:39.000Z","volume":1000,"label":" ","price":4.37},{"type":"A","date":"2018-03-27T07:23:42.000Z","volume":9500,"label":" ","price":4.37},{"type":"A","date":"2018-03-27T07:23:42.000Z","volume":1500,"label":" ","price":4.37},{"type":"A","date":"2018-03-27T07:23:44.000Z","volume":1500,"label":" ","price":4.37},{"type":"A","date":"2018-03-27T07:23:45.000Z","volume":1000,"label":" ","price":4.37},{"type":"A","date":"2018-03-27T07:23:56.000Z","volume":5000,"label":" ","price":4.37},{"type":"A","date":"2018-03-27T07:23:56.000Z","volume":500,"label":" ","price":4.37},{"type":"A","date":"2018-03-27T07:23:57.000Z","volume":1500,"label":" ","price":4.37},{"type":"A","date":"2018-03-27T07:23:57.000Z","volume":1000,"label":" ","price":4.37},{"type":"A","date":"2018-03-27T07:24:13.000Z","volume":500,"label":" ","price":4.37},{"type":"B","date":"2018-03-27T07:24:20.000Z","volume":8500,"label":" ","price":4.36},{"type":"A","date":"2018-03-27T07:24:21.000Z","volume":21000,"label":" ","price":4.37},{"type":"U","date":"2018-03-27T07:24:21.000Z","volume":9000,"label":"X","price":4.37},{"type":"A","date":"2018-03-27T07:24:21.000Z","volume":1500,"label":" ","price":4.37},{"type":"A","date":"2018-03-27T07:24:22.000Z","volume":8000,"label":" ","price":4.37},{"type":"A","date":"2018-03-27T07:24:25.000Z","volume":1500,"label":" ","price":4.37},{"type":"A","date":"2018-03-27T07:24:26.000Z","volume":3500,"label":" ","price":4.37},{"type":"B","date":"2018-03-27T07:24:26.000Z","volume":2000,"label":" ","price":4.37},{"type":"A","date":"2018-03-27T07:24:26.000Z","volume":1000,"label":" ","price":4.37},{"type":"A","date":"2018-03-27T07:24:27.000Z","volume":1500,"label":" ","price":4.37},{"type":"A","date":"2018-03-27T07:24:27.000Z","volume":1000,"label":" ","price":4.37},{"type":"A","date":"2018-03-27T07:24:27.000Z","volume":2000,"label":" ","price":4.37},{"type":"A","date":"2018-03-27T07:24:27.000Z","volume":3500,"label":" ","price":4.37},{"type":"A","date":"2018-03-27T07:24:44.000Z","volume":1000,"label":" ","price":4.37},{"type":"A","date":"2018-03-27T07:25:05.000Z","volume":500,"label":" ","price":4.37},{"type":"B","date":"2018-03-27T07:25:06.000Z","volume":34000,"label":" ","price":4.36},{"type":"B","date":"2018-03-27T07:25:11.000Z","volume":32000,"label":" ","price":4.36},{"type":"B","date":"2018-03-27T07:25:27.000Z","volume":32000,"label":" ","price":4.36},{"type":"B","date":"2018-03-27T07:25:32.000Z","volume":7000,"label":" ","price":4.36},{"type":"U","date":"2018-03-27T07:27:56.000Z","volume":1000,"label":"X","price":4.37},{"type":"A","date":"2018-03-27T07:29:06.000Z","volume":10500,"label":" ","price":4.37},{"type":"A","date":"2018-03-27T07:29:07.000Z","volume":3000,"label":" ","price":4.37},{"type":"B","date":"2018-03-27T07:29:40.000Z","volume":9500,"label":" ","price":4.36},{"type":"A","date":"2018-03-27T07:29:41.000Z","volume":3000,"label":" ","price":4.37},{"type":"A","date":"2018-03-27T07:29:42.000Z","volume":3000,"label":" ","price":4.37},{"type":"U","date":"2018-03-27T07:29:42.000Z","volume":500,"label":"X","price":4.37},{"type":"A","date":"2018-03-27T07:29:45.000Z","volume":4500,"label":" ","price":4.37},{"type":"B","date":"2018-03-27T07:29:56.000Z","volume":9500,"label":" ","price":4.36},{"type":"B","date":"2018-03-27T07:29:59.000Z","volume":24000,"label":" ","price":4.36},{"type":"B","date":"2018-03-27T07:30:00.000Z","volume":28000,"label":" ","price":4.36},{"type":"B","date":"2018-03-27T07:30:30.000Z","volume":8500,"label":" ","price":4.36},{"type":"A","date":"2018-03-27T07:31:43.000Z","volume":50000,"label":" ","price":4.37},{"type":"U","date":"2018-03-27T07:31:43.000Z","volume":5000,"label":"X","price":4.37},{"type":"U","date":"2018-03-27T07:31:43.000Z","volume":3500,"label":"X","price":4.37},{"type":"U","date":"2018-03-27T07:31:43.000Z","volume":500,"label":"X","price":4.37},{"type":"U","date":"2018-03-27T07:31:45.000Z","volume":7500,"label":"X","price":4.37},{"type":"A","date":"2018-03-27T07:31:45.000Z","volume":10500,"label":" ","price":4.37},{"type":"B","date":"2018-03-27T07:31:56.000Z","volume":8000,"label":" ","price":4.36},{"type":"U","date":"2018-03-27T07:31:56.000Z","volume":6000,"label":"X","price":4.37},{"type":"A","date":"2018-03-27T07:31:56.000Z","volume":2000,"label":" ","price":4.37},{"type":"B","date":"2018-03-27T07:32:24.000Z","volume":9000,"label":" ","price":4.36},{"type":"U","date":"2018-03-27T07:32:39.000Z","volume":4500,"label":"X","price":4.37},{"type":"A","date":"2018-03-27T07:32:40.000Z","volume":2000,"label":" ","price":4.37},{"type":"A","date":"2018-03-27T07:32:48.000Z","volume":500,"label":" ","price":4.37},{"type":"B","date":"2018-03-27T07:33:30.000Z","volume":8000,"label":" ","price":4.36},{"type":"B","date":"2018-03-27T07:34:06.000Z","volume":28000,"label":" ","price":4.36},{"type":"A","date":"2018-03-27T07:34:21.000Z","volume":1000,"label":" ","price":4.37},{"type":"A","date":"2018-03-27T07:34:45.000Z","volume":500,"label":" ","price":4.37},{"type":"U","date":"2018-03-27T07:34:45.000Z","volume":1500,"label":"X","price":4.37},{"type":"B","date":"2018-03-27T07:34:47.000Z","volume":9000,"label":" ","price":4.36},{"type":"B","date":"2018-03-27T07:35:25.000Z","volume":6500,"label":" ","price":4.36},{"type":"B","date":"2018-03-27T07:36:08.000Z","volume":6500,"label":" ","price":4.36},{"type":"A","date":"2018-03-27T07:36:13.000Z","volume":8000,"label":" ","price":4.37},{"type":"A","date":"2018-03-27T07:36:17.000Z","volume":4500,"label":" ","price":4.37},{"type":"B","date":"2018-03-27T07:36:51.000Z","volume":7500,"label":" ","price":4.36},{"type":"A","date":"2018-03-27T07:37:15.000Z","volume":17500,"label":" ","price":4.37},{"type":"A","date":"2018-03-27T07:37:15.000Z","volume":1000,"label":" ","price":4.37},{"type":"U","date":"2018-03-27T07:37:15.000Z","volume":1000,"label":"X","price":4.37},{"type":"A","date":"2018-03-27T07:37:16.000Z","volume":3500,"label":" ","price":4.37},{"type":"A","date":"2018-03-27T07:37:20.000Z","volume":3500,"label":" ","price":4.37},{"type":"B","date":"2018-03-27T07:37:29.000Z","volume":35000,"label":" ","price":4.36},{"type":"B","date":"2018-03-27T07:37:31.000Z","volume":24000,"label":" ","price":4.36},{"type":"B","date":"2018-03-27T07:38:26.000Z","volume":6500,"label":" ","price":4.36},{"type":"B","date":"2018-03-27T07:38:44.000Z","volume":25000,"label":" ","price":4.36},{"type":"U","date":"2018-03-27T07:38:44.000Z","volume":1000,"label":"X","price":4.37},{"type":"B","date":"2018-03-27T07:38:58.000Z","volume":500,"label":" ","price":4.36},{"type":"B","date":"2018-03-27T07:39:04.000Z","volume":2000,"label":" ","price":4.36},{"type":"B","date":"2018-03-27T07:39:10.000Z","volume":5000,"label":" ","price":4.36},{"type":"B","date":"2018-03-27T07:39:14.000Z","volume":2000,"label":" ","price":4.36},{"type":"B","date":"2018-03-27T07:39:20.000Z","volume":5000,"label":" ","price":4.36},{"type":"B","date":"2018-03-27T07:39:24.000Z","volume":5000,"label":" ","price":4.36},{"type":"B","date":"2018-03-27T07:39:31.000Z","volume":7500,"label":" ","price":4.36},{"type":"B","date":"2018-03-27T07:39:57.000Z","volume":6500,"label":" ","price":4.36},{"type":"B","date":"2018-03-27T07:40:19.000Z","volume":28000,"label":" ","price":4.36},{"type":"B","date":"2018-03-27T07:40:19.000Z","volume":11500,"label":" ","price":4.36},{"type":"B","date":"2018-03-27T07:42:54.000Z","volume":7500,"label":" ","price":4.34},{"type":"B","date":"2018-03-27T07:43:30.000Z","volume":6500,"label":" ","price":4.34},{"type":"A","date":"2018-03-27T07:44:28.000Z","volume":500,"label":" ","price":4.37},{"type":"A","date":"2018-03-27T07:44:56.000Z","volume":37000,"label":" ","price":4.37},{"type":"A","date":"2018-03-27T07:44:56.000Z","volume":6500,"label":" ","price":4.37},{"type":"A","date":"2018-03-27T07:44:56.000Z","volume":3500,"label":" ","price":4.37},{"type":"A","date":"2018-03-27T07:44:56.000Z","volume":5500,"label":" ","price":4.37},{"type":"U","date":"2018-03-27T07:44:56.000Z","volume":9000,"label":"X","price":4.375},{"type":"A","date":"2018-03-27T07:44:56.000Z","volume":5500,"label":" ","price":4.37},{"type":"U","date":"2018-03-27T07:44:57.000Z","volume":2500,"label":"X","price":4.37},{"type":"A","date":"2018-03-27T07:44:57.000Z","volume":500,"label":" ","price":4.37},{"type":"A","date":"2018-03-27T07:44:57.000Z","volume":2500,"label":" ","price":4.37},{"type":"A","date":"2018-03-27T07:45:00.000Z","volume":4500,"label":" ","price":4.39},{"type":"A","date":"2018-03-27T07:45:05.000Z","volume":3000,"label":" ","price":4.39},{"type":"A","date":"2018-03-27T07:45:06.000Z","volume":500,"label":" ","price":4.39},{"type":"A","date":"2018-03-27T07:45:07.000Z","volume":500,"label":" ","price":4.39},{"type":"A","date":"2018-03-27T07:45:08.000Z","volume":3000,"label":" ","price":4.39},{"type":"A","date":"2018-03-27T07:45:11.000Z","volume":500,"label":" ","price":4.39},{"type":"A","date":"2018-03-27T07:45:12.000Z","volume":500,"label":" ","price":4.39},{"type":"U","date":"2018-03-27T07:45:13.000Z","volume":8500,"label":"X","price":4.385},{"type":"B","date":"2018-03-27T07:45:14.000Z","volume":28000,"label":" ","price":4.38},{"type":"B","date":"2018-03-27T07:45:15.000Z","volume":10000,"label":" ","price":4.38},{"type":"B","date":"2018-03-27T07:45:15.000Z","volume":6000,"label":" ","price":4.37},{"type":"B","date":"2018-03-27T07:45:15.000Z","volume":8000,"label":" ","price":4.36},{"type":"B","date":"2018-03-27T07:45:15.000Z","volume":3500,"label":" ","price":4.36},{"type":"B","date":"2018-03-27T07:45:15.000Z","volume":500,"label":" ","price":4.36},{"type":"B","date":"2018-03-27T07:45:15.000Z","volume":1000,"label":" ","price":4.36},{"type":"B","date":"2018-03-27T07:45:15.000Z","volume":500,"label":" ","price":4.36},{"type":"B","date":"2018-03-27T07:45:21.000Z","volume":30000,"label":" ","price":4.38},{"type":"B","date":"2018-03-27T07:45:23.000Z","volume":6500,"label":" ","price":4.38},{"type":"B","date":"2018-03-27T07:45:23.000Z","volume":6500,"label":" ","price":4.36},{"type":"B","date":"2018-03-27T07:45:23.000Z","volume":1000,"label":" ","price":4.36},{"type":"A","date":"2018-03-27T07:45:25.000Z","volume":500,"label":" ","price":4.38},{"type":"A","date":"2018-03-27T07:45:25.000Z","volume":500,"label":" ","price":4.38},{"type":"U","date":"2018-03-27T07:45:29.000Z","volume":7500,"label":"X","price":4.37},{"type":"U","date":"2018-03-27T07:45:29.000Z","volume":1000,"label":"X","price":4.375},{"type":"B","date":"2018-03-27T07:45:56.000Z","volume":7500,"label":" ","price":4.37},{"type":"B","date":"2018-03-27T07:45:59.000Z","volume":2000,"label":" ","price":4.37},{"type":"B","date":"2018-03-27T07:46:10.000Z","volume":6500,"label":" ","price":4.37},{"type":"B","date":"2018-03-27T07:46:10.000Z","volume":3000,"label":" ","price":4.37},{"type":"B","date":"2018-03-27T07:47:34.000Z","volume":28000,"label":" ","price":4.37},{"type":"B","date":"2018-03-27T07:47:34.000Z","volume":11500,"label":" ","price":4.37},{"type":"U","date":"2018-03-27T07:47:34.000Z","volume":1000,"label":"X","price":4.375},{"type":"B","date":"2018-03-27T07:47:34.000Z","volume":36500,"label":" ","price":4.37},{"type":"A","date":"2018-03-27T07:47:45.000Z","volume":1000,"label":" ","price":4.37},{"type":"B","date":"2018-03-27T07:47:49.000Z","volume":500,"label":" ","price":4.35},{"type":"A","date":"2018-03-27T07:49:18.000Z","volume":2000,"label":" ","price":4.36},{"type":"B","date":"2018-03-27T07:49:20.000Z","volume":500,"label":" ","price":4.35},{"type":"A","date":"2018-03-27T07:49:46.000Z","volume":500,"label":" ","price":4.36},{"type":"A","date":"2018-03-27T07:49:48.000Z","volume":1500,"label":" ","price":4.36},{"type":"U","date":"2018-03-27T07:49:50.000Z","volume":500,"label":" ","price":4.35},{"type":"B","date":"2018-03-27T07:50:01.000Z","volume":5000,"label":" ","price":4.34},{"type":"A","date":"2018-03-27T07:50:18.000Z","volume":2000,"label":" ","price":4.36},{"type":"A","date":"2018-03-27T07:50:20.000Z","volume":500,"label":" ","price":4.36},{"type":"A","date":"2018-03-27T07:50:52.000Z","volume":500,"label":" ","price":4.36},{"type":"A","date":"2018-03-27T07:50:59.000Z","volume":35500,"label":" ","price":4.36},{"type":"A","date":"2018-03-27T07:51:00.000Z","volume":500,"label":" ","price":4.36},{"type":"A","date":"2018-03-27T07:51:02.000Z","volume":500,"label":" ","price":4.36},{"type":"U","date":"2018-03-27T07:51:02.000Z","volume":5000,"label":" ","price":4.35},{"type":"A","date":"2018-03-27T07:51:02.000Z","volume":500,"label":" ","price":4.36},{"type":"B","date":"2018-03-27T07:51:02.000Z","volume":1500,"label":" ","price":4.35},{"type":"A","date":"2018-03-27T07:51:11.000Z","volume":500,"label":" ","price":4.36},{"type":"U","date":"2018-03-27T07:51:11.000Z","volume":2000,"label":"X","price":4.37},{"type":"A","date":"2018-03-27T07:51:11.000Z","volume":500,"label":" ","price":4.36},{"type":"U","date":"2018-03-27T07:51:11.000Z","volume":500,"label":" ","price":4.36},{"type":"A","date":"2018-03-27T07:51:11.000Z","volume":8500,"label":" ","price":4.37},{"type":"A","date":"2018-03-27T07:51:14.000Z","volume":8000,"label":" ","price":4.37},{"type":"B","date":"2018-03-27T07:51:14.000Z","volume":500,"label":" ","price":4.35},{"type":"B","date":"2018-03-27T07:51:14.000Z","volume":2000,"label":" ","price":4.35},{"type":"B","date":"2018-03-27T07:51:16.000Z","volume":2500,"label":" ","price":4.35},{"type":"U","date":"2018-03-27T07:51:41.000Z","volume":7000,"label":"X","price":4.36},{"type":"A","date":"2018-03-27T07:51:42.000Z","volume":6000,"label":" ","price":4.37},{"type":"A","date":"2018-03-27T07:51:58.000Z","volume":30500,"label":" ","price":4.37},{"type":"U","date":"2018-03-27T07:51:58.000Z","volume":2000,"label":"X","price":4.375},{"type":"A","date":"2018-03-27T07:51:58.000Z","volume":500,"label":" ","price":4.37},{"type":"A","date":"2018-03-27T07:51:59.000Z","volume":500,"label":" ","price":4.37},{"type":"A","date":"2018-03-27T07:51:59.000Z","volume":500,"label":" ","price":4.37},{"type":"B","date":"2018-03-27T07:52:18.000Z","volume":7500,"label":" ","price":4.37},{"type":"A","date":"2018-03-27T07:52:30.000Z","volume":1000,"label":" ","price":4.38},{"type":"B","date":"2018-03-27T07:52:31.000Z","volume":6500,"label":" ","price":4.37},{"type":"A","date":"2018-03-27T07:52:31.000Z","volume":10000,"label":" ","price":4.38},{"type":"A","date":"2018-03-27T07:52:31.000Z","volume":1000,"label":" ","price":4.38},{"type":"U","date":"2018-03-27T07:52:35.000Z","volume":8500,"label":"X","price":4.375},{"type":"B","date":"2018-03-27T07:52:45.000Z","volume":28000,"label":" ","price":4.37},{"type":"B","date":"2018-03-27T07:52:45.000Z","volume":7000,"label":" ","price":4.37},{"type":"B","date":"2018-03-27T07:52:45.000Z","volume":500,"label":" ","price":4.37},{"type":"B","date":"2018-03-27T07:52:45.000Z","volume":11000,"label":" ","price":4.37},{"type":"U","date":"2018-03-27T07:52:45.000Z","volume":1000,"label":"X","price":4.375},{"type":"B","date":"2018-03-27T07:52:45.000Z","volume":4500,"label":" ","price":4.37},{"type":"B","date":"2018-03-27T07:52:45.000Z","volume":23000,"label":" ","price":4.37},{"type":"A","date":"2018-03-27T07:52:52.000Z","volume":36000,"label":" ","price":4.35},{"type":"A","date":"2018-03-27T07:53:05.000Z","volume":500,"label":" ","price":4.37},{"type":"A","date":"2018-03-27T07:53:21.000Z","volume":1000,"label":" ","price":4.37},{"type":"A","date":"2018-03-27T07:53:38.000Z","volume":1000,"label":" ","price":4.37},{"type":"A","date":"2018-03-27T07:53:40.000Z","volume":500,"label":" ","price":4.37},{"type":"A","date":"2018-03-27T07:53:56.000Z","volume":1000,"label":" ","price":4.37},{"type":"A","date":"2018-03-27T07:54:15.000Z","volume":1000,"label":" ","price":4.37},{"type":"A","date":"2018-03-27T07:54:15.000Z","volume":500,"label":" ","price":4.37},{"type":"A","date":"2018-03-27T07:54:22.000Z","volume":500,"label":" ","price":4.37},{"type":"U","date":"2018-03-27T07:54:22.000Z","volume":9000,"label":"X","price":4.375},{"type":"B","date":"2018-03-27T07:54:22.000Z","volume":500,"label":" ","price":4.37},{"type":"B","date":"2018-03-27T07:54:22.000Z","volume":1500,"label":" ","price":4.37},{"type":"B","date":"2018-03-27T07:54:22.000Z","volume":500,"label":" ","price":4.37},{"type":"A","date":"2018-03-27T07:54:31.000Z","volume":500,"label":" ","price":4.38},{"type":"A","date":"2018-03-27T07:54:34.000Z","volume":500,"label":" ","price":4.38},{"type":"A","date":"2018-03-27T07:54:43.000Z","volume":500,"label":" ","price":4.38},{"type":"A","date":"2018-03-27T07:54:47.000Z","volume":1000,"label":" ","price":4.38},{"type":"A","date":"2018-03-27T07:54:47.000Z","volume":500,"label":" ","price":4.38},{"type":"B","date":"2018-03-27T07:54:52.000Z","volume":6500,"label":" ","price":4.37},{"type":"B","date":"2018-03-27T07:54:52.000Z","volume":22000,"label":" ","price":4.37}