[{"type":"A","date":"2018-03-29T01:32:38.000Z","volume":32000,"label":" ","price":5.86},{"type":"A","date":"2018-03-29T01:34:23.000Z","volume":16000,"label":" ","price":5.86},{"type":"A","date":"2018-03-29T01:55:16.000Z","volume":28000,"label":" ","price":5.79},{"type":"A","date":"2018-03-29T01:55:48.000Z","volume":4000,"label":" ","price":5.79},{"type":"B","date":"2018-03-29T02:00:18.000Z","volume":4000,"label":" ","price":5.74},{"type":"B","date":"2018-03-29T02:00:18.000Z","volume":4000,"label":" ","price":5.73},{"type":"B","date":"2018-03-29T02:17:29.000Z","volume":4000,"label":" ","price":5.73},{"type":"B","date":"2018-03-29T02:17:29.000Z","volume":8000,"label":" ","price":5.73},{"type":"B","date":"2018-03-29T02:19:45.000Z","volume":4000,"label":" ","price":5.71},{"type":"A","date":"2018-03-29T02:19:49.000Z","volume":28000,"label":" ","price":5.78},{"type":"A","date":"2018-03-29T02:23:01.000Z","volume":20000,"label":" ","price":5.79},{"type":"A","date":"2018-03-29T02:28:11.000Z","volume":8000,"label":" ","price":5.79},{"type":"A","date":"2018-03-29T02:28:16.000Z","volume":20000,"label":" ","price":5.79},{"type":"A","date":"2018-03-29T02:50:50.000Z","volume":48000,"label":" ","price":5.78},{"type":"A","date":"2018-03-29T02:54:32.000Z","volume":4000,"label":" ","price":5.8},{"type":"A","date":"2018-03-29T03:20:12.000Z","volume":48000,"label":" ","price":5.79},{"type":"A","date":"2018-03-29T03:37:51.000Z","volume":32000,"label":" ","price":5.78},{"type":"A","date":"2018-03-29T03:50:02.000Z","volume":16000,"label":" ","price":5.79},{"type":"A","date":"2018-03-29T05:11:17.000Z","volume":4000,"label":" ","price":5.79},{"type":"A","date":"2018-03-29T05:11:38.000Z","volume":28000,"label":" ","price":5.79},{"type":"A","date":"2018-03-29T05:21:47.000Z","volume":4000,"label":" ","price":5.8},{"type":"A","date":"2018-03-29T05:36:27.000Z","volume":48000,"label":" ","price":5.78},{"type":"A","date":"2018-03-29T06:07:18.000Z","volume":32000,"label":" ","price":5.75},{"type":"A","date":"2018-03-29T06:07:18.000Z","volume":16000,"label":" ","price":5.75},{"type":"A","date":"2018-03-29T06:21:06.000Z","volume":32000,"label":" ","price":5.79},{"type":"B","date":"2018-03-29T06:26:18.000Z","volume":4000,"label":" ","price":5.75},{"type":"B","date":"2018-03-29T06:26:44.000Z","volume":4000,"label":" ","price":5.75},{"type":"B","date":"2018-03-29T06:26:44.000Z","volume":4000,"label":" ","price":5.75},{"type":"A","date":"2018-03-29T06:54:06.000Z","volume":40000,"label":" ","price":5.8},{"type":"A","date":"2018-03-29T06:54:29.000Z","volume":20000,"label":" ","price":5.81},{"type":"A","date":"2018-03-29T06:54:59.000Z","volume":28000,"label":" ","price":5.82},{"type":"A","date":"2018-03-29T06:56:53.000Z","volume":4000,"label":" ","price":5.8},{"type":"A","date":"2018-03-29T06:57:40.000Z","volume":8000,"label":" ","price":5.8},{"type":"A","date":"2018-03-29T07:21:37.000Z","volume":8000,"label":" ","price":5.8},{"type":"A","date":"2018-03-29T07:28:46.000Z","volume":28000,"label":" ","price":5.8},{"type":"A","date":"2018-03-29T07:29:10.000Z","volume":20000,"label":" ","price":5.81},{"type":"A","date":"2018-03-29T07:29:44.000Z","volume":20000,"label":" ","price":5.82},{"type":"A","date":"2018-03-29T07:30:05.000Z","volume":24000,"label":" ","price":5.83},{"type":"A","date":"2018-03-29T07:38:56.000Z","volume":20000,"label":" ","price":5.8},{"type":"A","date":"2018-03-29T07:42:33.000Z","volume":4000,"label":" ","price":5.81},{"type":"A","date":"2018-03-29T07:45:31.000Z","volume":16000,"label":" ","price":5.81},{"type":"A","date":"2018-03-29T07:46:19.000Z","volume":8000,"label":" ","price":5.82},{"type":"A","date":"2018-03-29T07:46:26.000Z","volume":8000,"label":" ","price":5.82},{"type":"A","date":"2018-03-29T07:46:34.000Z","volume":4000,"label":" ","price":5.82},{"type":"A","date":"2018-03-29T07:47:20.000Z","volume":12000,"label":" ","price":5.83},{"type":"A","date":"2018-03-29T07:47:43.000Z","volume":8000,"label":" ","price":5.83},{"type":"A","date":"2018-03-29T07:48:16.000Z","volume":4000,"label":" ","price":5.83},{"type":"A","date":"2018-03-29T07:48:55.000Z","volume":8000,"label":" ","price":5.83},{"type":"A","date":"2018-03-29T07:49:04.000Z","volume":4000,"label":" ","price":5.83},{"type":"A","date":"2018-03-29T07:49:19.000Z","volume":4000,"label":" ","price":5.83},{"type":"A","date":"2018-03-29T07:49:19.000Z","volume":20000,"label":" ","price":5.84},{"type":"A","date":"2018-03-29T07:49:19.000Z","volume":4000,"label":" ","price":5.85},{"type":"A","date":"2018-03-29T07:49:40.000Z","volume":16000,"label":" ","price":5.85},{"type":"A","date":"2018-03-29T07:49:53.000Z","volume":4000,"label":" ","price":5.88},{"type":"A","date":"2018-03-29T07:50:19.000Z","volume":4000,"label":" ","price":5.88},{"type":"B","date":"2018-03-29T07:50:19.000Z","volume":4000,"label":" ","price":5.84},{"type":"B","date":"2018-03-29T07:50:19.000Z","volume":4000,"label":" ","price":5.83},{"type":"A","date":"2018-03-29T07:50:23.000Z","volume":4000,"label":" ","price":5.83},{"type":"A","date":"2018-03-29T07:52:46.000Z","volume":24000,"label":" ","price":5.83},{"type":"A","date":"2018-03-29T07:52:54.000Z","volume":20000,"label":" ","price":5.83},{"type":"A","date":"2018-03-29T07:53:04.000Z","volume":20000,"label":" ","price":5.84},{"type":"A","date":"2018-03-29T07:53:09.000Z","volume":20000,"label":" ","price":5.85},{"type":"A","date":"2018-03-29T07:53:22.000Z","volume":16000,"label":" ","price":5.86},{"type":"A","date":"2018-03-29T07:53:32.000Z","volume":12000,"label":" ","price":5.8},{"type":"A","date":"2018-03-29T07:53:41.000Z","volume":16000,"label":" ","price":5.86},{"type":"A","date":"2018-03-29T07:53:50.000Z","volume":16000,"label":" ","price":5.87},{"type":"B","date":"2018-03-29T07:53:57.000Z","volume":4000,"label":" ","price":5.83},{"type":"A","date":"2018-03-29T07:54:12.000Z","volume":8000,"label":" ","price":5.83},{"type":"B","date":"2018-03-29T07:54:35.000Z","volume":4000,"label":" ","price":5.84},{"type":"A","date":"2018-03-29T07:54:48.000Z","volume":8000,"label":" ","price":5.83},{"type":"A","date":"2018-03-29T07:54:56.000Z","volume":24000,"label":" ","price":5.87},{"type":"A","date":"2018-03-29T07:55:01.000Z","volume":32000,"label":" ","price":5.88},{"type":"A","date":"2018-03-29T07:55:07.000Z","volume":28000,"label":" ","price":5.86},{"type":"A","date":"2018-03-29T07:57:42.000Z","volume":8000,"label":" ","price":5.83},{"type":"A","date":"2018-03-29T07:57:46.000Z","volume":12000,"label":" ","price":5.84},{"type":"A","date":"2018-03-29T07:58:09.000Z","volume":16000,"label":" ","price":5.85},{"type":"A","date":"2018-03-29T07:58:09.000Z","volume":8000,"label":" ","price":5.86},{"type":"A","date":"2018-03-29T07:58:31.000Z","volume":8000,"label":" ","price":5.99},{"type":"B","date":"2018-03-29T07:58:55.000Z","volume":8000,"label":" ","price":5.86},{"type":"B","date":"2018-03-29T07:59:08.000Z","volume":4000,"label":" ","price":5.95},{"type":"A","date":"2018-03-29T07:59:08.000Z","volume":8000,"label":" ","price":5.99},{"type":"B","date":"2018-03-29T07:59:11.000Z","volume":8000,"label":" ","price":5.86},{"type":"A","date":"2018-03-29T07:59:23.000Z","volume":4000,"label":" ","price":5.99},{"type":"B","date":"2018-03-29T07:59:31.000Z","volume":4000,"label":" ","price":5.95},{"type":"A","date":"2018-03-29T07:59:34.000Z","volume":4000,"label":" ","price":6},{"type":"A","date":"2018-03-29T07:59:35.000Z","volume":12000,"label":" ","price":6},{"type":"A","date":"2018-03-29T07:59:37.000Z","volume":4000,"label":" ","price":6},{"type":"A","date":"2018-03-29T07:59:47.000Z","volume":4000,"label":" ","price":6}]