[{"type":"B","date":"2018-04-11T01:31:04.000Z","volume":8000,"label":" ","price":4.6},{"type":"A","date":"2018-04-11T01:31:04.000Z","volume":2000,"label":" ","price":4.64},{"type":"A","date":"2018-04-11T01:31:04.000Z","volume":4500,"label":" ","price":4.65},{"type":"A","date":"2018-04-11T01:31:04.000Z","volume":15500,"label":" ","price":4.65},{"type":"A","date":"2018-04-11T01:31:06.000Z","volume":2500,"label":" ","price":4.66},{"type":"A","date":"2018-04-11T01:31:07.000Z","volume":1000,"label":" ","price":4.68},{"type":"A","date":"2018-04-11T01:31:08.000Z","volume":4000,"label":" ","price":4.68},{"type":"A","date":"2018-04-11T01:31:08.000Z","volume":3500,"label":" ","price":4.68},{"type":"A","date":"2018-04-11T01:31:09.000Z","volume":500,"label":" ","price":4.68},{"type":"A","date":"2018-04-11T01:31:09.000Z","volume":1500,"label":" ","price":4.68},{"type":"A","date":"2018-04-11T01:31:12.000Z","volume":500,"label":" ","price":4.68},{"type":"A","date":"2018-04-11T01:31:17.000Z","volume":500,"label":" ","price":4.68},{"type":"A","date":"2018-04-11T01:31:19.000Z","volume":500,"label":" ","price":4.68},{"type":"A","date":"2018-04-11T01:31:32.000Z","volume":500,"label":" ","price":4.68},{"type":"A","date":"2018-04-11T01:33:20.000Z","volume":17500,"label":" ","price":4.68},{"type":"A","date":"2018-04-11T01:33:20.000Z","volume":500,"label":" ","price":4.7},{"type":"A","date":"2018-04-11T01:33:20.000Z","volume":1500,"label":" ","price":4.7},{"type":"A","date":"2018-04-11T01:33:20.000Z","volume":4500,"label":" ","price":4.7},{"type":"A","date":"2018-04-11T01:33:20.000Z","volume":14500,"label":" ","price":4.7},{"type":"A","date":"2018-04-11T01:33:20.000Z","volume":500,"label":" ","price":4.71},{"type":"A","date":"2018-04-11T01:33:20.000Z","volume":3500,"label":" ","price":4.71},{"type":"A","date":"2018-04-11T01:33:22.000Z","volume":1000,"label":" ","price":4.71},{"type":"A","date":"2018-04-11T01:33:23.000Z","volume":1000,"label":" ","price":4.75},{"type":"A","date":"2018-04-11T01:33:23.000Z","volume":5500,"label":" ","price":4.78},{"type":"A","date":"2018-04-11T01:33:23.000Z","volume":1500,"label":" ","price":4.78},{"type":"A","date":"2018-04-11T01:33:24.000Z","volume":1500,"label":" ","price":4.77},{"type":"A","date":"2018-04-11T01:33:24.000Z","volume":1000,"label":" ","price":4.77},{"type":"A","date":"2018-04-11T01:33:25.000Z","volume":500,"label":" ","price":4.77},{"type":"A","date":"2018-04-11T01:33:28.000Z","volume":1000,"label":" ","price":4.78},{"type":"A","date":"2018-04-11T01:33:28.000Z","volume":500,"label":" ","price":4.78},{"type":"A","date":"2018-04-11T01:33:29.000Z","volume":1500,"label":" ","price":4.78},{"type":"A","date":"2018-04-11T01:33:33.000Z","volume":500,"label":" ","price":4.78},{"type":"A","date":"2018-04-11T01:33:35.000Z","volume":500,"label":" ","price":4.78},{"type":"A","date":"2018-04-11T01:33:44.000Z","volume":1500,"label":" ","price":4.78},{"type":"A","date":"2018-04-11T01:33:44.000Z","volume":5000,"label":" ","price":4.78},{"type":"A","date":"2018-04-11T01:33:44.000Z","volume":1000,"label":" ","price":4.78},{"type":"A","date":"2018-04-11T01:33:45.000Z","volume":4000,"label":" ","price":4.78},{"type":"A","date":"2018-04-11T01:33:45.000Z","volume":4000,"label":" ","price":4.78},{"type":"U","date":"2018-04-11T01:33:45.000Z","volume":3000,"label":" ","price":4.78},{"type":"B","date":"2018-04-11T01:33:45.000Z","volume":2500,"label":" ","price":4.77},{"type":"B","date":"2018-04-11T01:33:45.000Z","volume":500,"label":" ","price":4.77},{"type":"B","date":"2018-04-11T01:33:45.000Z","volume":2000,"label":" ","price":4.77},{"type":"A","date":"2018-04-11T01:33:47.000Z","volume":4000,"label":" ","price":4.8},{"type":"U","date":"2018-04-11T01:33:48.000Z","volume":2000,"label":" ","price":4.77},{"type":"U","date":"2018-04-11T01:33:48.000Z","volume":4500,"label":" ","price":4.77},{"type":"U","date":"2018-04-11T01:33:48.000Z","volume":500,"label":" ","price":4.77},{"type":"B","date":"2018-04-11T01:33:48.000Z","volume":4500,"label":" ","price":4.76},{"type":"U","date":"2018-04-11T01:33:48.000Z","volume":1500,"label":" ","price":4.76},{"type":"A","date":"2018-04-11T01:33:48.000Z","volume":1500,"label":" ","price":4.8},{"type":"A","date":"2018-04-11T01:33:51.000Z","volume":3000,"label":" ","price":4.8},{"type":"A","date":"2018-04-11T01:33:53.000Z","volume":500,"label":" ","price":4.8},{"type":"A","date":"2018-04-11T01:33:56.000Z","volume":500,"label":" ","price":4.8},{"type":"B","date":"2018-04-11T01:34:05.000Z","volume":32500,"label":" ","price":4.77},{"type":"A","date":"2018-04-11T01:34:05.000Z","volume":1500,"label":" ","price":4.8},{"type":"B","date":"2018-04-11T01:34:05.000Z","volume":9500,"label":" ","price":4.76},{"type":"B","date":"2018-04-11T01:34:05.000Z","volume":500,"label":" ","price":4.76},{"type":"B","date":"2018-04-11T01:34:05.000Z","volume":500,"label":" ","price":4.76},{"type":"B","date":"2018-04-11T01:34:05.000Z","volume":1500,"label":" ","price":4.75},{"type":"B","date":"2018-04-11T01:34:05.000Z","volume":500,"label":" ","price":4.75},{"type":"U","date":"2018-04-11T01:34:07.000Z","volume":1000,"label":" ","price":4.75},{"type":"A","date":"2018-04-11T01:34:26.000Z","volume":500,"label":" ","price":4.77},{"type":"A","date":"2018-04-11T01:34:48.000Z","volume":5500,"label":" ","price":4.77},{"type":"U","date":"2018-04-11T01:34:48.000Z","volume":3000,"label":" ","price":4.75},{"type":"A","date":"2018-04-11T01:34:51.000Z","volume":500,"label":" ","price":4.77},{"type":"A","date":"2018-04-11T01:35:00.000Z","volume":3500,"label":" ","price":4.77},{"type":"A","date":"2018-04-11T01:35:03.000Z","volume":500,"label":" ","price":4.77},{"type":"A","date":"2018-04-11T01:35:17.000Z","volume":1000,"label":" ","price":4.77},{"type":"A","date":"2018-04-11T01:35:17.000Z","volume":7000,"label":" ","price":4.77},{"type":"A","date":"2018-04-11T01:35:17.000Z","volume":500,"label":" ","price":4.77},{"type":"B","date":"2018-04-11T01:35:18.000Z","volume":36500,"label":" ","price":4.75},{"type":"U","date":"2018-04-11T01:35:18.000Z","volume":1000,"label":" ","price":4.75},{"type":"B","date":"2018-04-11T01:35:18.000Z","volume":5500,"label":" ","price":4.74},{"type":"U","date":"2018-04-11T01:35:18.000Z","volume":500,"label":" ","price":4.75},{"type":"B","date":"2018-04-11T01:35:31.000Z","volume":33500,"label":" ","price":4.73},{"type":"B","date":"2018-04-11T01:35:31.000Z","volume":31000,"label":" ","price":4.73},{"type":"B","date":"2018-04-11T01:35:31.000Z","volume":13500,"label":" ","price":4.72},{"type":"A","date":"2018-04-11T01:35:32.000Z","volume":2000,"label":" ","price":4.72},{"type":"B","date":"2018-04-11T01:35:47.000Z","volume":2000,"label":" ","price":4.71},{"type":"B","date":"2018-04-11T01:35:53.000Z","volume":1000,"label":" ","price":4.71},{"type":"A","date":"2018-04-11T01:36:05.000Z","volume":4500,"label":" ","price":4.72},{"type":"A","date":"2018-04-11T01:36:05.000Z","volume":1000,"label":" ","price":4.72},{"type":"B","date":"2018-04-11T01:36:09.000Z","volume":3500,"label":" ","price":4.72},{"type":"A","date":"2018-04-11T01:36:33.000Z","volume":100000,"label":" ","price":4.74},{"type":"A","date":"2018-04-11T01:36:33.000Z","volume":8000,"label":" ","price":4.74},{"type":"A","date":"2018-04-11T01:36:33.000Z","volume":1500,"label":" ","price":4.74},{"type":"A","date":"2018-04-11T01:36:33.000Z","volume":1500,"label":" ","price":4.74},{"type":"A","date":"2018-04-11T01:36:35.000Z","volume":7000,"label":" ","price":4.78},{"type":"A","date":"2018-04-11T01:36:35.000Z","volume":8000,"label":" ","price":4.78},{"type":"A","date":"2018-04-11T01:36:35.000Z","volume":3500,"label":" ","price":4.78},{"type":"A","date":"2018-04-11T01:36:35.000Z","volume":1000,"label":" ","price":4.78},{"type":"A","date":"2018-04-11T01:36:35.000Z","volume":2000,"label":" ","price":4.78},{"type":"A","date":"2018-04-11T01:36:36.000Z","volume":500,"label":" ","price":4.78},{"type":"A","date":"2018-04-11T01:36:36.000Z","volume":5000,"label":" ","price":4.79},{"type":"A","date":"2018-04-11T01:36:37.000Z","volume":18000,"label":" ","price":4.79},{"type":"A","date":"2018-04-11T01:36:37.000Z","volume":1500,"label":" ","price":4.79},{"type":"A","date":"2018-04-11T01:36:40.000Z","volume":500,"label":" ","price":4.79},{"type":"B","date":"2018-04-11T01:36:43.000Z","volume":6000,"label":" ","price":4.75},{"type":"A","date":"2018-04-11T01:36:44.000Z","volume":1500,"label":" ","price":4.79},{"type":"A","date":"2018-04-11T01:36:44.000Z","volume":1500,"label":" ","price":4.79},{"type":"A","date":"2018-04-11T01:36:47.000Z","volume":3000,"label":" ","price":4.79},{"type":"A","date":"2018-04-11T01:36:48.000Z","volume":1000,"label":" ","price":4.79},{"type":"A","date":"2018-04-11T01:36:52.000Z","volume":500,"label":" ","price":4.79},{"type":"A","date":"2018-04-11T01:36:56.000Z","volume":1000,"label":" ","price":4.79},{"type":"A","date":"2018-04-11T01:36:58.000Z","volume":10000,"label":" ","price":4.79},{"type":"A","date":"2018-04-11T01:36:58.000Z","volume":2000,"label":" ","price":4.79},{"type":"A","date":"2018-04-11T01:37:01.000Z","volume":500,"label":" ","price":4.79},{"type":"A","date":"2018-04-11T01:37:03.000Z","volume":34500,"label":" ","price":4.79},{"type":"A","date":"2018-04-11T01:37:03.000Z","volume":15500,"label":" ","price":4.79},{"type":"A","date":"2018-04-11T01:37:03.000Z","volume":12500,"label":" ","price":4.8},{"type":"A","date":"2018-04-11T01:37:05.000Z","volume":12000,"label":" ","price":4.8},{"type":"A","date":"2018-04-11T01:37:05.000Z","volume":1500,"label":" ","price":4.8},{"type":"A","date":"2018-04-11T01:37:07.000Z","volume":3500,"label":" ","price":4.8},{"type":"A","date":"2018-04-11T01:37:11.000Z","volume":500,"label":" ","price":4.79},{"type":"U","date":"2018-04-11T01:37:17.000Z","volume":3000,"label":" ","price":4.78},{"type":"A","date":"2018-04-11T01:37:17.000Z","volume":500,"label":" ","price":4.79},{"type":"A","date":"2018-04-11T01:37:18.000Z","volume":11500,"label":" ","price":4.79},{"type":"A","date":"2018-04-11T01:37:18.000Z","volume":38500,"label":" ","price":4.79},{"type":"A","date":"2018-04-11T01:37:20.000Z","volume":8500,"label":" ","price":4.8},{"type":"A","date":"2018-04-11T01:37:21.000Z","volume":14500,"label":" ","price":4.8},{"type":"A","date":"2018-04-11T01:37:22.000Z","volume":1500,"label":" ","price":4.8},{"type":"A","date":"2018-04-11T01:37:23.000Z","volume":500,"label":" ","price":4.8},{"type":"A","date":"2018-04-11T01:37:23.000Z","volume":16000,"label":" ","price":4.8},{"type":"A","date":"2018-04-11T01:37:27.000Z","volume":5500,"label":" ","price":4.85},{"type":"A","date":"2018-04-11T01:37:27.000Z","volume":4000,"label":" ","price":4.85},{"type":"A","date":"2018-04-11T01:37:30.000Z","volume":1500,"label":" ","price":4.85},{"type":"B","date":"2018-04-11T01:37:35.000Z","volume":50000,"label":" ","price":4.8},{"type":"A","date":"2018-04-11T01:37:37.000Z","volume":9000,"label":" ","price":4.85},{"type":"B","date":"2018-04-11T01:37:39.000Z","volume":6000,"label":" ","price":4.8},{"type":"A","date":"2018-04-11T01:37:41.000Z","volume":1500,"label":" ","price":4.85},{"type":"A","date":"2018-04-11T01:37:57.000Z","volume":1500,"label":" ","price":4.85},{"type":"A","date":"2018-04-11T01:38:08.000Z","volume":1000,"label":" ","price":4.85},{"type":"A","date":"2018-04-11T01:38:19.000Z","volume":1500,"label":" ","price":4.85},{"type":"U","date":"2018-04-11T01:38:48.000Z","volume":18000,"label":" ","price":4.82},{"type":"U","date":"2018-04-11T01:38:48.000Z","volume":500,"label":" ","price":4.82},{"type":"A","date":"2018-04-11T01:38:49.000Z","volume":5000,"label":" ","price":4.84},{"type":"A","date":"2018-04-11T01:38:56.000Z","volume":3000,"label":" ","price":4.84},{"type":"A","date":"2018-04-11T01:39:15.000Z","volume":6000,"label":" ","price":4.84},{"type":"A","date":"2018-04-11T01:39:15.000Z","volume":500,"label":" ","price":4.85},{"type":"A","date":"2018-04-11T01:39:18.000Z","volume":500,"label":" ","price":4.85},{"type":"U","date":"2018-04-11T01:39:57.000Z","volume":4000,"label":" ","price":4.83},{"type":"A","date":"2018-04-11T01:39:58.000Z","volume":500,"label":" ","price":4.85},{"type":"A","date":"2018-04-11T01:39:58.000Z","volume":2500,"label":" ","price":4.85},{"type":"B","date":"2018-04-11T01:39:59.000Z","volume":500,"label":" ","price":4.82},{"type":"B","date":"2018-04-11T01:39:59.000Z","volume":4000,"label":" ","price":4.82},{"type":"A","date":"2018-04-11T01:40:00.000Z","volume":1000,"label":" ","price":4.85},{"type":"B","date":"2018-04-11T01:40:00.000Z","volume":42500,"label":" ","price":4.82},{"type":"B","date":"2018-04-11T01:40:00.000Z","volume":33500,"label":" ","price":4.82},{"type":"A","date":"2018-04-11T01:40:00.000Z","volume":5500,"label":" ","price":4.85},{"type":"B","date":"2018-04-11T01:40:00.000Z","volume":10000,"label":" ","price":4.81},{"type":"B","date":"2018-04-11T01:40:01.000Z","volume":5500,"label":" ","price":4.81},{"type":"B","date":"2018-04-11T01:40:09.000Z","volume":20500,"label":" ","price":4.8},{"type":"B","date":"2018-04-11T01:40:09.000Z","volume":1000,"label":" ","price":4.79},{"type":"B","date":"2018-04-11T01:40:10.000Z","volume":6000,"label":" ","price":4.77},{"type":"B","date":"2018-04-11T01:40:17.000Z","volume":500,"label":" ","price":4.77},{"type":"B","date":"2018-04-11T01:40:22.000Z","volume":4500,"label":" ","price":4.78},{"type":"B","date":"2018-04-11T01:40:28.000Z","volume":2000,"label":" ","price":4.78},{"type":"A","date":"2018-04-11T01:40:29.000Z","volume":5500,"label":" ","price":4.8},{"type":"A","date":"2018-04-11T01:40:31.000Z","volume":4500,"label":" ","price":4.8},{"type":"A","date":"2018-04-11T01:40:31.000Z","volume":4500,"label":" ","price":4.81},{"type":"B","date":"2018-04-11T01:40:31.000Z","volume":2000,"label":" ","price":4.79},{"type":"A","date":"2018-04-11T01:40:33.000Z","volume":3500,"label":" ","price":4.8},{"type":"A","date":"2018-04-11T01:40:33.000Z","volume":2500,"label":" ","price":4.8},{"type":"B","date":"2018-04-11T01:40:59.000Z","volume":2500,"label":" ","price":4.81},{"type":"B","date":"2018-04-11T01:41:01.000Z","volume":8000,"label":" ","price":4.81},{"type":"B","date":"2018-04-11T01:41:02.000Z","volume":1500,"label":" ","price":4.82},{"type":"B","date":"2018-04-11T01:41:03.000Z","volume":2000,"label":" ","price":4.82},{"type":"A","date":"2018-04-11T01:41:09.000Z","volume":10000,"label":" ","price":4.84},{"type":"B","date":"2018-04-11T01:41:13.000Z","volume":5000,"label":" ","price":4.82},{"type":"B","date":"2018-04-11T01:41:15.000Z","volume":10000,"label":" ","price":4.82},{"type":"U","date":"2018-04-11T01:41:15.000Z","volume":4500,"label":" ","price":4.83},{"type":"A","date":"2018-04-11T01:41:15.000Z","volume":2500,"label":" ","price":4.83},{"type":"A","date":"2018-04-11T01:41:16.000Z","volume":6000,"label":" ","price":4.83},{"type":"A","date":"2018-04-11T01:41:25.000Z","volume":10000,"label":" ","price":4.83},{"type":"A","date":"2018-04-11T01:41:30.000Z","volume":1500,"label":" ","price":4.83},{"type":"B","date":"2018-04-11T01:41:31.000Z","volume":6000,"label":" ","price":4.82},{"type":"B","date":"2018-04-11T01:41:31.000Z","volume":6000,"label":" ","price":4.82},{"type":"B","date":"2018-04-11T01:41:31.000Z","volume":1500,"label":" ","price":4.81},{"type":"B","date":"2018-04-11T01:41:31.000Z","volume":1500,"label":" ","price":4.81},{"type":"B","date":"2018-04-11T01:41:49.000Z","volume":2000,"label":" ","price":4.81},{"type":"B","date":"2018-04-11T01:41:58.000Z","volume":5000,"label":" ","price":4.81},{"type":"B","date":"2018-04-11T01:42:12.000Z","volume":10000,"label":" ","price":4.81},{"type":"B","date":"2018-04-11T01:42:15.000Z","volume":3500,"label":" ","price":4.82},{"type":"B","date":"2018-04-11T01:42:20.000Z","volume":3000,"label":" ","price":4.82},{"type":"B","date":"2018-04-11T01:42:25.000Z","volume":3000,"label":" ","price":4.82},{"type":"B","date":"2018-04-11T01:42:25.000Z","volume":3500,"label":" ","price":4.82},{"type":"B","date":"2018-04-11T01:42:26.000Z","volume":1000,"label":" ","price":4.82},{"type":"B","date":"2018-04-11T01:42:27.000Z","volume":2500,"label":" ","price":4.82},{"type":"B","date":"2018-04-11T01:42:30.000Z","volume":500,"label":" ","price":4.81},{"type":"B","date":"2018-04-11T01:42:42.000Z","volume":2000,"label":" ","price":4.81},{"type":"A","date":"2018-04-11T01:43:10.000Z","volume":500,"label":" ","price":4.82},{"type":"A","date":"2018-04-11T01:43:11.000Z","volume":3500,"label":" ","price":4.82},{"type":"A","date":"2018-04-11T01:43:11.000Z","volume":6000,"label":" ","price":4.82},{"type":"A","date":"2018-04-11T01:43:13.000Z","volume":2000,"label":" ","price":4.82},{"type":"B","date":"2018-04-11T01:43:21.000Z","volume":5000,"label":" ","price":4.81},{"type":"U","date":"2018-04-11T01:43:22.000Z","volume":1000,"label":" ","price":4.82},{"type":"A","date":"2018-04-11T01:43:26.000Z","volume":1000,"label":" ","price":4.84},{"type":"A","date":"2018-04-11T01:43:44.000Z","volume":8000,"label":" ","price":4.83},{"type":"A","date":"2018-04-11T01:43:51.000Z","volume":1000,"label":" ","price":4.83},{"type":"A","date":"2018-04-11T01:44:17.000Z","volume":10000,"label":" ","price":4.83},{"type":"A","date":"2018-04-11T01:44:18.000Z","volume":4000,"label":" ","price":4.83},{"type":"A","date":"2018-04-11T01:44:23.000Z","volume":4000,"label":" ","price":4.83},{"type":"A","date":"2018-04-11T01:45:07.000Z","volume":500,"label":" ","price":4.83},{"type":"A","date":"2018-04-11T01:45:07.000Z","volume":2000,"label":" ","price":4.83},{"type":"A","date":"2018-04-11T01:45:07.000Z","volume":500,"label":" ","price":4.83},{"type":"A","date":"2018-04-11T01:45:07.000Z","volume":500,"label":" ","price":4.83},{"type":"A","date":"2018-04-11T01:45:08.000Z","volume":2500,"label":" ","price":4.83},{"type":"A","date":"2018-04-11T01:45:33.000Z","volume":500,"label":" ","price":4.83},{"type":"B","date":"2018-04-11T01:45:42.000Z","volume":3000,"label":" ","price":4.82},{"type":"A","date":"2018-04-11T01:45:43.000Z","volume":1000,"label":" ","price":4.83},{"type":"A","date":"2018-04-11T01:45:58.000Z","volume":500,"label":" ","price":4.83},{"type":"A","date":"2018-04-11T01:46:02.000Z","volume":9500,"label":" ","price":4.83},{"type":"A","date":"2018-04-11T01:46:02.000Z","volume":500,"label":" ","price":4.83},{"type":"B","date":"2018-04-11T01:46:02.000Z","volume":10000,"label":" ","price":4.82},{"type":"B","date":"2018-04-11T01:46:03.000Z","volume":5000,"label":" ","price":4.82},{"type":"A","date":"2018-04-11T01:46:06.000Z","volume":1000,"label":" ","price":4.83},{"type":"A","date":"2018-04-11T01:46:08.000Z","volume":1500,"label":" ","price":4.83},{"type":"B","date":"2018-04-11T01:46:08.000Z","volume":12000,"label":" ","price":4.82},{"type":"A","date":"2018-04-11T01:46:14.000Z","volume":7500,"label":" ","price":4.84},{"type":"B","date":"2018-04-11T01:46:16.000Z","volume":1500,"label":" ","price":4.83},{"type":"A","date":"2018-04-11T01:46:19.000Z","volume":500,"label":" ","price":4.84},{"type":"A","date":"2018-04-11T01:46:19.000Z","volume":500,"label":" ","price":4.84},{"type":"A","date":"2018-04-11T01:46:20.000Z","volume":5500,"label":" ","price":4.84},{"type":"A","date":"2018-04-11T01:46:20.000Z","volume":2500,"label":" ","price":4.84},{"type":"A","date":"2018-04-11T01:46:50.000Z","volume":6500,"label":" ","price":4.84},{"type":"A","date":"2018-04-11T01:46:50.000Z","volume":1000,"label":" ","price":4.85},{"type":"A","date":"2018-04-11T01:46:50.000Z","volume":1500,"label":" ","price":4.85},{"type":"A","date":"2018-04-11T01:46:51.000Z","volume":11500,"label":" ","price":4.85},{"type":"A","date":"2018-04-11T01:46:52.000Z","volume":1500,"label":" ","price":4.85},{"type":"A","date":"2018-04-11T01:46:52.000Z","volume":500,"label":" ","price":4.85},{"type":"A","date":"2018-04-11T01:47:00.000Z","volume":122000,"label":" ","price":4.85},{"type":"B","date":"2018-04-11T01:47:00.000Z","volume":3500,"label":" ","price":4.85},{"type":"A","date":"2018-04-11T01:47:02.000Z","volume":5000,"label":" ","price":4.87},{"type":"A","date":"2018-04-11T01:47:02.000Z","volume":500,"label":" ","price":4.88},{"type":"A","date":"2018-04-11T01:47:02.000Z","volume":1000,"label":" ","price":4.88},{"type":"A","date":"2018-04-11T01:47:06.000Z","volume":1000,"label":" ","price":4.88},{"type":"A","date":"2018-04-11T01:47:06.000Z","volume":1000,"label":" ","price":4.88},{"type":"U","date":"2018-04-11T01:47:09.000Z","volume":500,"label":" ","price":4.88},{"type":"U","date":"2018-04-11T01:47:09.000Z","volume":1000,"label":" ","price":4.88},{"type":"A","date":"2018-04-11T01:47:13.000Z","volume":2000,"label":" ","price":4.88},{"type":"A","date":"2018-04-11T01:47:13.000Z","volume":2500,"label":" ","price":4.88},{"type":"A","date":"2018-04-11T01:47:13.000Z","volume":1000,"label":" ","price":4.89},{"type":"B","date":"2018-04-11T01:47:13.000Z","volume":4500,"label":" ","price":4.88},{"type":"A","date":"2018-04-11T01:47:14.000Z","volume":500,"label":" ","price":4.89},{"type":"A","date":"2018-04-11T01:47:14.000Z","volume":2500,"label":" ","price":4.89},{"type":"A","date":"2018-04-11T01:47:14.000Z","volume":6000,"label":" ","price":4.89},{"type":"A","date":"2018-04-11T01:47:17.000Z","volume":14500,"label":" ","price":4.89},{"type":"A","date":"2018-04-11T01:47:17.000Z","volume":4000,"label":" ","price":4.89},{"type":"B","date":"2018-04-11T01:47:31.000Z","volume":15000,"label":" ","price":4.88},{"type":"A","date":"2018-04-11T01:47:33.000Z","volume":5500,"label":" ","price":4.9},{"type":"A","date":"2018-04-11T01:47:35.000Z","volume":7000,"label":" ","price":4.9},{"type":"A","date":"2018-04-11T01:47:39.000Z","volume":3500,"label":" ","price":4.9},{"type":"A","date":"2018-04-11T01:47:42.000Z","volume":4000,"label":" ","price":4.9},{"type":"A","date":"2018-04-11T01:47:42.000Z","volume":3500,"label":" ","price":4.9},{"type":"U","date":"2018-04-11T01:47:42.000Z","volume":500,"label":" ","price":4.9},{"type":"A","date":"2018-04-11T01:47:44.000Z","volume":6500,"label":" ","price":4.91},{"type":"B","date":"2018-04-11T01:47:51.000Z","volume":2000,"label":" ","price":4.9},{"type":"B","date":"2018-04-11T01:47:57.000Z","volume":50000,"label":" ","price":4.9},{"type":"B","date":"2018-04-11T01:47:57.000Z","volume":25000,"label":" ","price":4.9},{"type":"B","date":"2018-04-11T01:47:57.000Z","volume":3500,"label":" ","price":4.89},{"type":"B","date":"2018-04-11T01:47:57.000Z","volume":1500,"label":" ","price":4.89},{"type":"B","date":"2018-04-11T01:47:57.000Z","volume":4000,"label":" ","price":4.89},{"type":"A","date":"2018-04-11T01:47:57.000Z","volume":2500,"label":" ","price":4.91},{"type":"U","date":"2018-04-11T01:47:57.000Z","volume":3500,"label":" ","price":4.9},{"type":"B","date":"2018-04-11T01:47:58.000Z","volume":2500,"label":" ","price":4.89},{"type":"A","date":"2018-04-11T01:48:02.000Z","volume":3000,"label":" ","price":4.92},{"type":"B","date":"2018-04-11T01:48:03.000Z","volume":1500,"label":" ","price":4.9},{"type":"A","date":"2018-04-11T01:48:22.000Z","volume":5000,"label":" ","price":4.92},{"type":"B","date":"2018-04-11T01:48:22.000Z","volume":5000,"label":" ","price":4.92},{"type":"U","date":"2018-04-11T01:48:22.000Z","volume":500,"label":" ","price":4.92},{"type":"B","date":"2018-04-11T01:48:24.000Z","volume":6500,"label":" ","price":4.92},{"type":"B","date":"2018-04-11T01:48:24.000Z","volume":15000,"label":" ","price":4.92},{"type":"U","date":"2018-04-11T01:48:24.000Z","volume":7500,"label":" ","price":4.92},{"type":"A","date":"2018-04-11T01:49:02.000Z","volume":36000,"label":" ","price":4.93},{"type":"A","date":"2018-04-11T01:49:02.000Z","volume":6500,"label":" ","price":4.93},{"type":"A","date":"2018-04-11T01:49:05.000Z","volume":2500,"label":" ","price":4.94},{"type":"U","date":"2018-04-11T01:49:14.000Z","volume":9000,"label":" ","price":4.94},{"type":"U","date":"2018-04-11T01:49:14.000Z","volume":1000,"label":" ","price":4.94},{"type":"U","date":"2018-04-11T01:49:14.000Z","volume":2000,"label":" ","price":4.94},{"type":"U","date":"2018-04-11T01:49:14.000Z","volume":1000,"label":" ","price":4.94},{"type":"B","date":"2018-04-11T01:49:14.000Z","volume":4500,"label":" ","price":4.94},{"type":"B","date":"2018-04-11T01:49:14.000Z","volume":41500,"label":" ","price":4.94},{"type":"B","date":"2018-04-11T01:49:14.000Z","volume":2000,"label":" ","price":4.94},{"type":"A","date":"2018-04-11T01:49:20.000Z","volume":2500,"label":" ","price":4.94},{"type":"A","date":"2018-04-11T01:49:26.000Z","volume":8000,"label":" ","price":4.94},{"type":"B","date":"2018-04-11T01:49:34.000Z","volume":6000,"label":" ","price":4.94},{"type":"A","date":"2018-04-11T01:49:34.000Z","volume":3000,"label":" ","price":4.95},{"type":"A","date":"2018-04-11T01:49:34.000Z","volume":28000,"label":" ","price":4.95},{"type":"A","date":"2018-04-11T01:49:35.000Z","volume":6500,"label":" ","price":4.95},{"type":"B","date":"2018-04-11T01:49:37.000Z","volume":1000,"label":" ","price":4.95},{"type":"B","date":"2018-04-11T01:49:40.000Z","volume":6000,"label":" ","price":4.95},{"type":"B","date":"2018-04-11T01:49:40.000Z","volume":7000,"label":" ","price":4.95},{"type":"B","date":"2018-04-11T01:49:40.000Z","volume":30500,"label":" ","price":4.95},{"type":"B","date":"2018-04-11T01:49:40.000Z","volume":20500,"label":" ","price":4.94},{"type":"A","date":"2018-04-11T01:49:40.000Z","volume":2500,"label":" ","price":4.95},{"type":"B","date":"2018-04-11T01:49:47.000Z","volume":500,"label":" ","price":4.92},{"type":"B","date":"2018-04-11T01:49:47.000Z","volume":1000,"label":" ","price":4.92},{"type":"A","date":"2018-04-11T01:49:48.000Z","volume":3000,"label":" ","price":4.93},{"type":"B","date":"2018-04-11T01:50:19.000Z","volume":28500,"label":" ","price":4.91},{"type":"B","date":"2018-04-11T01:50:22.000Z","volume":8000,"label":" ","price":4.91},{"type":"B","date":"2018-04-11T01:50:22.000Z","volume":13000,"label":" ","price":4.9},{"type":"B","date":"2018-04-11T01:50:22.000Z","volume":21500,"label":" ","price":4.88},{"type":"B","date":"2018-04-11T01:50:22.000Z","volume":7500,"label":" ","price":4.88},{"type":"A","date":"2018-04-11T01:50:23.000Z","volume":3500,"label":" ","price":4.91},{"type":"B","date":"2018-04-11T01:50:37.000Z","volume":5000,"label":" ","price":4.88},{"type":"B","date":"2018-04-11T01:51:10.000Z","volume":1500,"label":" ","price":4.89},{"type":"A","date":"2018-04-11T01:51:11.000Z","volume":6500,"label":" ","price":4.9},{"type":"B","date":"2018-04-11T01:51:27.000Z","volume":500,"label":" ","price":4.89},{"type":"B","date":"2018-04-11T01:51:37.000Z","volume":10000,"label":" ","price":4.89},{"type":"A","date":"2018-04-11T01:51:41.000Z","volume":10000,"label":"Y","price":4.9},{"type":"B","date":"2018-04-11T01:51:52.000Z","volume":16000,"label":" ","price":4.89},{"type":"B","date":"2018-04-11T01:51:52.000Z","volume":7000,"label":" ","price":4.89},{"type":"B","date":"2018-04-11T01:52:10.000Z","volume":9500,"label":" ","price":4.88},{"type":"A","date":"2018-04-11T01:52:10.000Z","volume":4000,"label":" ","price":4.89},{"type":"B","date":"2018-04-11T01:52:13.000Z","volume":15000,"label":" ","price":4.88},{"type":"B","date":"2018-04-11T01:52:13.000Z","volume":6500,"label":" ","price":4.88},{"type":"A","date":"2018-04-11T01:52:20.000Z","volume":500,"label":" ","price":4.88},{"type":"A","date":"2018-04-11T01:52:38.000Z","volume":4000,"label":" ","price":4.89},{"type":"B","date":"2018-04-11T01:52:55.000Z","volume":30000,"label":" ","price":4.88},{"type":"B","date":"2018-04-11T01:52:55.000Z","volume":3000,"label":" ","price":4.88},{"type":"U","date":"2018-04-11T01:53:19.000Z","volume":7000,"label":" ","price":4.89},{"type":"B","date":"2018-04-11T01:53:24.000Z","volume":15000,"label":" ","price":4.88},{"type":"B","date":"2018-04-11T01:53:24.000Z","volume":2000,"label":" ","price":4.88},{"type":"B","date":"2018-04-11T01:53:24.000Z","volume":4500,"label":" ","price":4.88},{"type":"B","date":"2018-04-11T01:53:38.000Z","volume":2500,"label":" ","price":4.87},{"type":"B","date":"2018-04-11T01:53:43.000Z","volume":3000,"label":" ","price":4.87},{"type":"B","date":"2018-04-11T01:53:48.000Z","volume":3500,"label":" ","price":4.87},{"type":"B","date":"2018-04-11T01:53:48.000Z","volume":4000,"label":" ","price":4.87},{"type":"A","date":"2018-04-11T01:53:50.000Z","volume":4000,"label":" ","price":4.88},{"type":"A","date":"2018-04-11T01:53:53.000Z","volume":500,"label":" ","price":4.89},{"type":"A","date":"2018-04-11T01:54:02.000Z","volume":4500,"label":" ","price":4.89},{"type":"A","date":"2018-04-11T01:54:16.000Z","volume":1000,"label":" ","price":4.89},{"type":"B","date":"2018-04-11T01:54:22.000Z","volume":3000,"label":" ","price":4.88},{"type":"A","date":"2018-04-11T01:54:25.000Z","volume":4000,"label":" ","price":4.89},{"type":"A","date":"2018-04-11T01:54:26.000Z","volume":1000,"label":" ","price":4.89},{"type":"B","date":"2018-04-11T01:54:27.000Z","volume":10000,"label":" ","price":4.88},{"type":"B","date":"2018-04-11T01:55:21.000Z","volume":31000,"label":" ","price":4.88},{"type":"A","date":"2018-04-11T01:55:58.000Z","volume":3500,"label":" ","price":4.89},{"type":"A","date":"2018-04-11T01:56:36.000Z","volume":500,"label":" ","price":4.89},{"type":"A","date":"2018-04-11T01:56:39.000Z","volume":10000,"label":"Y","price":4.89},{"type":"A","date":"2018-04-11T01:56:41.000Z","volume":7500,"label":" ","price":4.89},{"type":"A","date":"2018-04-11T01:56:41.000Z","volume":62500,"label":" ","price":4.89},{"type":"A","date":"2018-04-11T01:56:43.000Z","volume":20000,"label":" ","price":4.9},{"type":"A","date":"2018-04-11T01:56:48.000Z","volume":10500,"label":" ","price":4.91},{"type":"A","date":"2018-04-11T01:56:56.000Z","volume":3500,"label":" ","price":4.91},{"type":"A","date":"2018-04-11T01:56:56.000Z","volume":12000,"label":" ","price":4.93},{"type":"A","date":"2018-04-11T01:57:15.000Z","volume":500,"label":" ","price":4.93},{"type":"B","date":"2018-04-11T01:57:24.000Z","volume":4000,"label":" ","price":4.9},{"type":"B","date":"2018-04-11T01:58:00.000Z","volume":6500,"label":" ","price":4.9},{"type":"B","date":"2018-04-11T01:58:05.000Z","volume":2000,"label":" ","price":4.9},{"type":"A","date":"2018-04-11T01:58:14.000Z","volume":5000,"label":" ","price":4.93},{"type":"B","date":"2018-04-11T01:58:14.000Z","volume":5000,"label":" ","price":4.9},{"type":"B","date":"2018-04-11T01:58:45.000Z","volume":500,"label":" ","price":4.91},{"type":"B","date":"2018-04-11T01:58:50.000Z","volume":7000,"label":" ","price":4.91},{"type":"B","date":"2018-04-11T01:59:25.000Z","volume":4000,"label":" ","price":4.91},{"type":"A","date":"2018-04-11T01:59:54.000Z","volume":11500,"label":" ","price":4.94},{"type":"A","date":"2018-04-11T01:59:55.000Z","volume":5000,"label":" ","price":4.95},{"type":"A","date":"2018-04-11T01:59:59.000Z","volume":2000,"label":" ","price":4.95},{"type":"B","date":"2018-04-11T01:59:59.000Z","volume":3500,"label":" ","price":4.92},{"type":"A","date":"2018-04-11T02:00:02.000Z","volume":2000,"label":" ","price":4.95},{"type":"B","date":"2018-04-11T02:00:04.000Z","volume":7500,"label":" ","price":4.92},{"type":"B","date":"2018-04-11T02:00:10.000Z","volume":3500,"label":" ","price":4.92},{"type":"B","date":"2018-04-11T02:00:14.000Z","volume":98500,"label":" ","price":4.92},{"type":"A","date":"2018-04-11T02:00:14.000Z","volume":3500,"label":" ","price":4.92},{"type":"A","date":"2018-04-11T02:00:19.000Z","volume":6000,"label":" ","price":4.92},{"type":"A","date":"2018-04-11T02:00:20.000Z","volume":1000,"label":" ","price":4.92},{"type":"B","date":"2018-04-11T02:00:27.000Z","volume":70000,"label":" ","price":4.91},{"type":"B","date":"2018-04-11T02:00:35.000Z","volume":1000,"label":" ","price":4.91},{"type":"B","date":"2018-04-11T02:00:44.000Z","volume":10000,"label":" ","price":4.91},{"type":"B","date":"2018-04-11T02:00:48.000Z","volume":7500,"label":" ","price":4.9},{"type":"B","date":"2018-04-11T02:00:49.000Z","volume":2000,"label":" ","price":4.88},{"type":"B","date":"2018-04-11T02:01:03.000Z","volume":21500,"label":" ","price":4.85},{"type":"B","date":"2018-04-11T02:01:03.000Z","volume":2000,"label":" ","price":4.84},{"type":"B","date":"2018-04-11T02:01:23.000Z","volume":24000,"label":" ","price":4.84},{"type":"A","date":"2018-04-11T02:01:26.000Z","volume":2000,"label":" ","price":4.85},{"type":"A","date":"2018-04-11T02:01:27.000Z","volume":2000,"label":" ","price":4.85},{"type":"B","date":"2018-04-11T02:01:42.000Z","volume":22000,"label":" ","price":4.83},{"type":"B","date":"2018-04-11T02:01:42.000Z","volume":500,"label":" ","price":4.83},{"type":"B","date":"2018-04-11T02:02:03.000Z","volume":24000,"label":" ","price":4.82},{"type":"B","date":"2018-04-11T02:02:04.000Z","volume":22000,"label":" ","price":4.82},{"type":"A","date":"2018-04-11T02:02:06.000Z","volume":77000,"label":" ","price":4.85},{"type":"B","date":"2018-04-11T02:02:10.000Z","volume":2500,"label":" ","price":4.83},{"type":"B","date":"2018-04-11T02:02:10.000Z","volume":2500,"label":" ","price":4.83},{"type":"B","date":"2018-04-11T02:02:25.000Z","volume":2500,"label":" ","price":4.83},{"type":"B","date":"2018-04-11T02:02:37.000Z","volume":24000,"label":" ","price":4.83},{"type":"A","date":"2018-04-11T02:02:44.000Z","volume":2000,"label":" ","price":4.86},{"type":"B","date":"2018-04-11T02:02:53.000Z","volume":28000,"label":" ","price":4.83},{"type":"B","date":"2018-04-11T02:03:03.000Z","volume":3000,"label":" ","price":4.83},{"type":"A","date":"2018-04-11T02:03:08.000Z","volume":5000,"label":" ","price":4.85},{"type":"U","date":"2018-04-11T02:03:27.000Z","volume":13500,"label":" ","price":4.85},{"type":"A","date":"2018-04-11T02:03:41.000Z","volume":1000,"label":" ","price":4.86},{"type":"A","date":"2018-04-11T02:03:44.000Z","volume":500,"label":" ","price":4.87},{"type":"B","date":"2018-04-11T02:04:09.000Z","volume":4500,"label":" ","price":4.85},{"type":"A","date":"2018-04-11T02:04:33.000Z","volume":50000,"label":" ","price":4.87},{"type":"B","date":"2018-04-11T02:04:49.000Z","volume":7000,"label":"Y","price":4.86},{"type":"B","date":"2018-04-11T02:04:54.000Z","volume":10000,"label":" ","price":4.86},{"type":"B","date":"2018-04-11T02:04:59.000Z","volume":34000,"label":" ","price":4.86},{"type":"A","date":"2018-04-11T02:05:13.000Z","volume":50000,"label":" ","price":4.88},{"type":"A","date":"2018-04-11T02:05:19.000Z","volume":2000,"label":" ","price":4.88},{"type":"A","date":"2018-04-11T02:05:19.000Z","volume":2500,"label":" ","price":4.9},{"type":"B","date":"2018-04-11T02:05:44.000Z","volume":28000,"label":" ","price":4.86},{"type":"B","date":"2018-04-11T02:06:07.000Z","volume":24000,"label":" ","price":4.86},{"type":"B","date":"2018-04-11T02:06:21.000Z","volume":3000,"label":" ","price":4.86},{"type":"B","date":"2018-04-11T02:06:26.000Z","volume":7500,"label":" ","price":4.86},{"type":"B","date":"2018-04-11T02:06:33.000Z","volume":34000,"label":" ","price":4.86},{"type":"A","date":"2018-04-11T02:06:33.000Z","volume":2500,"label":" ","price":4.87},{"type":"B","date":"2018-04-11T02:06:41.000Z","volume":5000,"label":" ","price":4.86},{"type":"B","date":"2018-04-11T02:06:57.000Z","volume":19000,"label":" ","price":4.86},{"type":"A","date":"2018-04-11T02:06:57.000Z","volume":6500,"label":" ","price":4.86},{"type":"B","date":"2018-04-11T02:07:11.000Z","volume":4000,"label":" ","price":4.85},{"type":"U","date":"2018-04-11T02:07:30.000Z","volume":4500,"label":" ","price":4.84},{"type":"B","date":"2018-04-11T02:07:44.000Z","volume":5000,"label":" ","price":4.83},{"type":"A","date":"2018-04-11T02:08:03.000Z","volume":500,"label":" ","price":4.85},{"type":"A","date":"2018-04-11T02:08:10.000Z","volume":2000,"label":" ","price":4.85},{"type":"A","date":"2018-04-11T02:08:10.000Z","volume":2500,"label":" ","price":4.86},{"type":"A","date":"2018-04-11T02:08:10.000Z","volume":1000,"label":" ","price":4.87},{"type":"U","date":"2018-04-11T02:09:57.000Z","volume":5000,"label":" ","price":4.84},{"type":"B","date":"2018-04-11T02:10:03.000Z","volume":8500,"label":" ","price":4.83},{"type":"B","date":"2018-04-11T02:10:04.000Z","volume":5000,"label":" ","price":4.83},{"type":"A","date":"2018-04-11T02:10:34.000Z","volume":2000,"label":" ","price":4.85},{"type":"A","date":"2018-04-11T02:10:34.000Z","volume":148500,"label":" ","price":4.85},{"type":"A","date":"2018-04-11T02:10:35.000Z","volume":2000,"label":" ","price":4.87},{"type":"A","date":"2018-04-11T02:10:53.000Z","volume":2000,"label":" ","price":4.87},{"type":"B","date":"2018-04-11T02:10:58.000Z","volume":6000,"label":" ","price":4.84},{"type":"A","date":"2018-04-11T02:11:01.000Z","volume":21500,"label":" ","price":4.87},{"type":"B","date":"2018-04-11T02:11:39.000Z","volume":7500,"label":" ","price":4.84},{"type":"B","date":"2018-04-11T02:11:41.000Z","volume":8500,"label":" ","price":4.84},{"type":"B","date":"2018-04-11T02:12:12.000Z","volume":10000,"label":" ","price":4.84},{"type":"B","date":"2018-04-11T02:12:38.000Z","volume":500,"label":" ","price":4.84},{"type":"B","date":"2018-04-11T02:12:43.000Z","volume":31500,"label":" ","price":4.84},{"type":"B","date":"2018-04-11T02:12:46.000Z","volume":5000,"label":" ","price":4.84},{"type":"B","date":"2018-04-11T02:13:11.000Z","volume":4000,"label":" ","price":4.84},{"type":"B","date":"2018-04-11T02:13:16.000Z","volume":4000,"label":" ","price":4.84},{"type":"B","date":"2018-04-11T02:14:00.000Z","volume":7500,"label":" ","price":4.85},{"type":"A","date":"2018-04-11T02:14:03.000Z","volume":2000,"label":" ","price":4.87},{"type":"B","date":"2018-04-11T02:14:41.000Z","volume":1000,"label":" ","price":4.85},{"type":"B","date":"2018-04-11T02:14:46.000Z","volume":12500,"label":" ","price":4.85},{"type":"A","date":"2018-04-11T02:15:07.000Z","volume":1000,"label":" ","price":4.87},{"type":"B","date":"2018-04-11T02:15:21.000Z","volume":126500,"label":" ","price":4.85},{"type":"B","date":"2018-04-11T02:15:21.000Z","volume":23500,"label":" ","price":4.84},{"type":"B","date":"2018-04-11T02:17:41.000Z","volume":99000,"label":" ","price":4.84},{"type":"A","date":"2018-04-11T02:17:41.000Z","volume":1000,"label":" ","price":4.84},{"type":"A","date":"2018-04-11T02:17:55.000Z","volume":3000,"label":" ","price":4.86},{"type":"A","date":"2018-04-11T02:17:55.000Z","volume":5500,"label":" ","price":4.86},{"type":"B","date":"2018-04-11T02:20:09.000Z","volume":8500,"label":" ","price":4.84},{"type":"A","date":"2018-04-11T02:20:11.000Z","volume":18500,"label":" ","price":4.86},{"type":"A","date":"2018-04-11T02:20:11.000Z","volume":1500,"label":" ","price":4.86},{"type":"B","date":"2018-04-11T02:20:27.000Z","volume":7500,"label":" ","price":4.85},{"type":"A","date":"2018-04-11T02:20:27.000Z","volume":1000,"label":" ","price":4.86},{"type":"A","date":"2018-04-11T02:20:41.000Z","volume":26500,"label":" ","price":4.87},{"type":"A","date":"2018-04-11T02:20:44.000Z","volume":3000,"label":" ","price":4.88},{"type":"B","date":"2018-04-11T02:20:44.000Z","volume":34000,"label":" ","price":4.87},{"type":"B","date":"2018-04-11T02:20:44.000Z","volume":18500,"label":" ","price":4.87},{"type":"A","date":"2018-04-11T02:20:45.000Z","volume":16000,"label":" ","price":4.87},{"type":"B","date":"2018-04-11T02:20:45.000Z","volume":2000,"label":" ","price":4.85},{"type":"B","date":"2018-04-11T02:20:45.000Z","volume":2000,"label":" ","price":4.84},{"type":"A","date":"2018-04-11T02:20:46.000Z","volume":4500,"label":" ","price":4.83},{"type":"A","date":"2018-04-11T02:20:46.000Z","volume":19500,"label":" ","price":4.83},{"type":"A","date":"2018-04-11T02:21:10.000Z","volume":500,"label":" ","price":4.85},{"type":"B","date":"2018-04-11T02:22:06.000Z","volume":28000,"label":" ","price":4.85},{"type":"B","date":"2018-04-11T02:22:06.000Z","volume":8500,"label":" ","price":4.85},{"type":"A","date":"2018-04-11T02:22:06.000Z","volume":2500,"label":" ","price":4.85},{"type":"A","date":"2018-04-11T02:22:07.000Z","volume":3500,"label":" ","price":4.85},{"type":"A","date":"2018-04-11T02:23:02.000Z","volume":20500,"label":" ","price":4.86},{"type":"A","date":"2018-04-11T02:23:04.000Z","volume":6500,"label":" ","price":4.86},{"type":"A","date":"2018-04-11T02:23:23.000Z","volume":11000,"label":" ","price":4.87},{"type":"A","date":"2018-04-11T02:23:25.000Z","volume":5000,"label":" ","price":4.87},{"type":"A","date":"2018-04-11T02:23:33.000Z","volume":2000,"label":" ","price":4.87},{"type":"B","date":"2018-04-11T02:23:47.000Z","volume":34000,"label":" ","price":4.86},{"type":"B","date":"2018-04-11T02:23:47.000Z","volume":22500,"label":" ","price":4.86},{"type":"A","date":"2018-04-11T02:24:33.000Z","volume":500,"label":" ","price":4.86},{"type":"U","date":"2018-04-11T02:24:57.000Z","volume":7000,"label":" ","price":4.86},{"type":"A","date":"2018-04-11T02:24:58.000Z","volume":10500,"label":" ","price":4.87},{"type":"B","date":"2018-04-11T02:25:13.000Z","volume":7500,"label":" ","price":4.85},{"type":"A","date":"2018-04-11T02:25:13.000Z","volume":500,"label":"Y","price":4.86},{"type":"A","date":"2018-04-11T02:25:13.000Z","volume":2500,"label":" ","price":4.86},{"type":"A","date":"2018-04-11T02:26:16.000Z","volume":10000,"label":" ","price":4.87},{"type":"A","date":"2018-04-11T02:27:19.000Z","volume":1000,"label":" ","price":4.87},{"type":"A","date":"2018-04-11T02:27:19.000Z","volume":500,"label":" ","price":4.87},{"type":"A","date":"2018-04-11T02:27:19.000Z","volume":500,"label":" ","price":4.87},{"type":"A","date":"2018-04-11T02:29:32.000Z","volume":500,"label":" ","price":4.87},{"type":"B","date":"2018-04-11T02:31:07.000Z","volume":8500,"label":" ","price":4.85},{"type":"B","date":"2018-04-11T02:32:46.000Z","volume":7500,"label":" ","price":4.85},{"type":"A","date":"2018-04-11T02:33:19.000Z","volume":7000,"label":" ","price":4.86},{"type":"A","date":"2018-04-11T02:33:19.000Z","volume":3000,"label":" ","price":4.86},{"type":"A","date":"2018-04-11T02:34:20.000Z","volume":3000,"label":" ","price":4.87},{"type":"B","date":"2018-04-11T02:34:27.000Z","volume":30000,"label":" ","price":4.86},{"type":"B","date":"2018-04-11T02:34:27.000Z","volume":2000,"label":" ","price":4.86},{"type":"A","date":"2018-04-11T02:34:28.000Z","volume":2000,"label":"Y","price":4.86},{"type":"A","date":"2018-04-11T02:34:30.000Z","volume":2000,"label":" ","price":4.86},{"type":"A","date":"2018-04-11T02:34:51.000Z","volume":500,"label":" ","price":4.87},{"type":"B","date":"2018-04-11T02:37:06.000Z","volume":4000,"label":" ","price":4.85},{"type":"A","date":"2018-04-11T02:37:07.000Z","volume":3000,"label":" ","price":4.86},{"type":"A","date":"2018-04-11T02:37:13.000Z","volume":8000,"label":" ","price":4.87},{"type":"B","date":"2018-04-11T02:37:36.000Z","volume":2500,"label":" ","price":4.85},{"type":"B","date":"2018-04-11T02:37:41.000Z","volume":7000,"label":" ","price":4.86},{"type":"B","date":"2018-04-11T02:37:46.000Z","volume":3500,"label":" ","price":4.86},{"type":"B","date":"2018-04-11T02:37:51.000Z","volume":2000,"label":" ","price":4.86},{"type":"B","date":"2018-04-11T02:37:56.000Z","volume":5000,"label":" ","price":4.86},{"type":"A","date":"2018-04-11T02:37:56.000Z","volume":7500,"label":" ","price":4.86},{"type":"A","date":"2018-04-11T02:37:56.000Z","volume":2500,"label":" ","price":4.86},{"type":"A","date":"2018-04-11T02:38:02.000Z","volume":3000,"label":" ","price":4.86},{"type":"B","date":"2018-04-11T02:38:35.000Z","volume":2500,"label":" ","price":4.85},{"type":"B","date":"2018-04-11T02:38:40.000Z","volume":5000,"label":" ","price":4.85},{"type":"B","date":"2018-04-11T02:38:45.000Z","volume":2000,"label":" ","price":4.85},{"type":"B","date":"2018-04-11T02:38:50.000Z","volume":1000,"label":" ","price":4.85},{"type":"B","date":"2018-04-11T02:38:50.000Z","volume":1500,"label":" ","price":4.85},{"type":"B","date":"2018-04-11T02:38:55.000Z","volume":7000,"label":" ","price":4.84},{"type":"U","date":"2018-04-11T02:39:00.000Z","volume":2500,"label":" ","price":4.85},{"type":"B","date":"2018-04-11T02:39:00.000Z","volume":2000,"label":" ","price":4.85},{"type":"B","date":"2018-04-11T02:39:00.000Z","volume":4000,"label":" ","price":4.84},{"type":"B","date":"2018-04-11T02:39:05.000Z","volume":6000,"label":" ","price":4.84},{"type":"B","date":"2018-04-11T02:39:09.000Z","volume":8500,"label":" ","price":4.85},{"type":"B","date":"2018-04-11T02:39:09.000Z","volume":3000,"label":" ","price":4.85},{"type":"B","date":"2018-04-11T02:39:10.000Z","volume":500,"label":" ","price":4.83},{"type":"B","date":"2018-04-11T02:39:15.000Z","volume":500,"label":" ","price":4.84},{"type":"B","date":"2018-04-11T02:39:20.000Z","volume":500,"label":" ","price":4.83},{"type":"B","date":"2018-04-11T02:39:25.000Z","volume":2000,"label":" ","price":4.82},{"type":"B","date":"2018-04-11T02:39:30.000Z","volume":17500,"label":" ","price":4.82},{"type":"B","date":"2018-04-11T02:39:35.000Z","volume":500,"label":" ","price":4.82},{"type":"B","date":"2018-04-11T02:39:40.000Z","volume":8500,"label":" ","price":4.82},{"type":"B","date":"2018-04-11T02:39:48.000Z","volume":2000,"label":" ","price":4.82},{"type":"B","date":"2018-04-11T02:39:53.000Z","volume":70000,"label":" ","price":4.82},{"type":"A","date":"2018-04-11T02:40:23.000Z","volume":1000,"label":" ","price":4.84},{"type":"A","date":"2018-04-11T02:40:23.000Z","volume":3000,"label":" ","price":4.84},{"type":"B","date":"2018-04-11T02:40:45.000Z","volume":19000,"label":" ","price":4.82},{"type":"B","date":"2018-04-11T02:40:45.000Z","volume":11500,"label":" ","price":4.81},{"type":"B","date":"2018-04-11T02:40:45.000Z","volume":29000,"label":" ","price":4.8},{"type":"A","date":"2018-04-11T02:40:45.000Z","volume":5000,"label":" ","price":4.8},{"type":"A","date":"2018-04-11T02:40:45.000Z","volume":42000,"label":" ","price":4.8},{"type":"A","date":"2018-04-11T02:40:50.000Z","volume":2000,"label":" ","price":4.84},{"type":"A","date":"2018-04-11T02:40:50.000Z","volume":3000,"label":" ","price":4.84},{"type":"A","date":"2018-04-11T02:40:50.000Z","volume":10500,"label":" ","price":4.84},{"type":"A","date":"2018-04-11T02:41:01.000Z","volume":17000,"label":" ","price":4.85},{"type":"A","date":"2018-04-11T02:41:15.000Z","volume":3000,"label":" ","price":4.85},{"type":"A","date":"2018-04-11T02:41:44.000Z","volume":1000,"label":" ","price":4.85},{"type":"B","date":"2018-04-11T02:42:27.000Z","volume":1000,"label":" ","price":4.85},{"type":"B","date":"2018-04-11T02:43:01.000Z","volume":7500,"label":" ","price":4.85},{"type":"A","date":"2018-04-11T02:43:02.000Z","volume":1000,"label":" ","price":4.87},{"type":"A","date":"2018-04-11T02:43:10.000Z","volume":6000,"label":" ","price":4.87},{"type":"B","date":"2018-04-11T02:43:38.000Z","volume":8500,"label":" ","price":4.85},{"type":"B","date":"2018-04-11T02:43:50.000Z","volume":3500,"label":" ","price":4.85},{"type":"B","date":"2018-04-11T02:43:55.000Z","volume":3000,"label":" ","price":4.85},{"type":"B","date":"2018-04-11T02:44:17.000Z","volume":45000,"label":" ","price":4.85},{"type":"A","date":"2018-04-11T02:44:18.000Z","volume":6000,"label":" ","price":4.86},{"type":"A","date":"2018-04-11T02:44:20.000Z","volume":2500,"label":" ","price":4.86},{"type":"B","date":"2018-04-11T02:44:21.000Z","volume":500,"label":" ","price":4.86},{"type":"B","date":"2018-04-11T02:44:24.000Z","volume":8500,"label":" ","price":4.86},{"type":"B","date":"2018-04-11T02:44:25.000Z","volume":7500,"label":" ","price":4.86},{"type":"B","date":"2018-04-11T02:44:25.000Z","volume":11500,"label":" ","price":4.86},{"type":"A","date":"2018-04-11T02:44:26.000Z","volume":3000,"label":" ","price":4.86},{"type":"B","date":"2018-04-11T02:44:26.000Z","volume":3000,"label":" ","price":4.83},{"type":"B","date":"2018-04-11T02:44:31.000Z","volume":3500,"label":" ","price":4.83},{"type":"B","date":"2018-04-11T02:44:36.000Z","volume":5000,"label":" ","price":4.83},{"type":"B","date":"2018-04-11T02:44:41.000Z","volume":4500,"label":" ","price":4.83},{"type":"B","date":"2018-04-11T02:44:46.000Z","volume":1500,"label":" ","price":4.83},{"type":"B","date":"2018-04-11T02:44:51.000Z","volume":1000,"label":" ","price":4.83},{"type":"B","date":"2018-04-11T02:44:56.000Z","volume":500,"label":" ","price":4.83},{"type":"B","date":"2018-04-11T02:45:01.000Z","volume":500,"label":" ","price":4.83},{"type":"B","date":"2018-04-11T02:45:06.000Z","volume":1500,"label":" ","price":4.82},{"type":"B","date":"2018-04-11T02:45:11.000Z","volume":2500,"label":" ","price":4.82},{"type":"B","date":"2018-04-11T02:45:16.000Z","volume":2000,"label":" ","price":4.82},{"type":"B","date":"2018-04-11T02:45:21.000Z","volume":2500,"label":" ","price":4.82},{"type":"B","date":"2018-04-11T02:45:26.000Z","volume":1500,"label":" ","price":4.82},{"type":"B","date":"2018-04-11T02:45:31.000Z","volume":1500,"label":" ","price":4.83},{"type":"B","date":"2018-04-11T02:45:36.000Z","volume":1000,"label":" ","price":4.83},{"type":"B","date":"2018-04-11T02:45:41.000Z","volume":500,"label":" ","price":4.83},{"type":"B","date":"2018-04-11T02:45:46.000Z","volume":500,"label":" ","price":4.83},{"type":"B","date":"2018-04-11T02:45:51.000Z","volume":3000,"label":" ","price":4.82},{"type":"B","date":"2018-04-11T02:45:56.000Z","volume":500,"label":" ","price":4.82},{"type":"B","date":"2018-04-11T02:45:58.000Z","volume":6000,"label":" ","price":4.83},{"type":"B","date":"2018-04-11T02:46:01.000Z","volume":2000,"label":" ","price":4.83},{"type":"B","date":"2018-04-11T02:46:06.000Z","volume":4000,"label":" ","price":4.81},{"type":"B","date":"2018-04-11T02:46:11.000Z","volume":2000,"label":" ","price":4.81},{"type":"B","date":"2018-04-11T02:46:16.000Z","volume":1000,"label":" ","price":4.81},{"type":"B","date":"2018-04-11T02:46:21.000Z","volume":500,"label":" ","price":4.81},{"type":"B","date":"2018-04-11T02:46:26.000Z","volume":500,"label":" ","price":4.81},{"type":"B","date":"2018-04-11T02:46:30.000Z","volume":20000,"label":" ","price":4.81},{"type":"B","date":"2018-04-11T02:46:31.000Z","volume":2000,"label":" ","price":4.81},{"type":"A","date":"2018-04-11T02:46:36.000Z","volume":4500,"label":" ","price":4.84},{"type":"B","date":"2018-04-11T02:46:37.000Z","volume":7500,"label":" ","price":4.81},{"type":"B","date":"2018-04-11T02:46:39.000Z","volume":7500,"label":" ","price":4.81},{"type":"B","date":"2018-04-11T02:46:45.000Z","volume":8500,"label":" ","price":4.81},{"type":"B","date":"2018-04-11T02:46:51.000Z","volume":1500,"label":" ","price":4.81},{"type":"B","date":"2018-04-11T02:46:56.000Z","volume":500,"label":" ","price":4.81},{"type":"B","date":"2018-04-11T02:47:01.000Z","volume":500,"label":" ","price":4.81},{"type":"B","date":"2018-04-11T02:47:21.000Z","volume":500,"label":" ","price":4.81},{"type":"B","date":"2018-04-11T02:47:32.000Z","volume":1500,"label":" ","price":4.8},{"type":"B","date":"2018-04-11T02:47:37.000Z","volume":1000,"label":" ","price":4.8},{"type":"B","date":"2018-04-11T02:47:42.000Z","volume":2000,"label":" ","price":4.8},{"type":"B","date":"2018-04-11T02:47:47.000Z","volume":1500,"label":" ","price":4.8},{"type":"B","date":"2018-04-11T02:47:52.000Z","volume":500,"label":" ","price":4.8},{"type":"B","date":"2018-04-11T02:47:57.000Z","volume":500,"label":" ","price":4.8},{"type":"B","date":"2018-04-11T02:48:00.000Z","volume":500,"label":" ","price":4.8},{"type":"B","date":"2018-04-11T02:48:00.000Z","volume":1500,"label":" ","price":4.79},{"type":"B","date":"2018-04-11T02:48:00.000Z","volume":18000,"label":" ","price":4.78},{"type":"B","date":"2018-04-11T02:48:02.000Z","volume":2500,"label":" ","price":4.79},{"type":"B","date":"2018-04-11T02:48:05.000Z","volume":7000,"label":" ","price":4.79},{"type":"B","date":"2018-04-11T02:48:05.000Z","volume":500,"label":" ","price":4.78},{"type":"B","date":"2018-04-11T02:48:07.000Z","volume":11000,"label":" ","price":4.78},{"type":"B","date":"2018-04-11T02:48:12.000Z","volume":7500,"label":" ","price":4.77},{"type":"B","date":"2018-04-11T02:48:16.000Z","volume":34000,"label":" ","price":4.77},{"type":"A","date":"2018-04-11T02:48:19.000Z","volume":2000,"label":" ","price":4.82},{"type":"B","date":"2018-04-11T02:48:28.000Z","volume":8500,"label":" ","price":4.77},{"type":"A","date":"2018-04-11T02:48:48.000Z","volume":1500,"label":" ","price":4.8},{"type":"A","date":"2018-04-11T02:48:49.000Z","volume":1000,"label":" ","price":4.8},{"type":"A","date":"2018-04-11T02:48:53.000Z","volume":500,"label":" ","price":4.8},{"type":"A","date":"2018-04-11T02:48:57.000Z","volume":500,"label":" ","price":4.8},{"type":"A","date":"2018-04-11T02:48:59.000Z","volume":3000,"label":" ","price":4.8},{"type":"A","date":"2018-04-11T02:48:59.000Z","volume":4500,"label":" ","price":4.8},{"type":"A","date":"2018-04-11T02:49:01.000Z","volume":3500,"label":" ","price":4.8},{"type":"A","date":"2018-04-11T02:49:13.000Z","volume":6500,"label":" ","price":4.81},{"type":"B","date":"2018-04-11T02:49:14.000Z","volume":2500,"label":" ","price":4.79},{"type":"A","date":"2018-04-11T02:49:19.000Z","volume":500,"label":" ","price":4.82},{"type":"A","date":"2018-04-11T02:50:04.000Z","volume":500,"label":" ","price":4.82},{"type":"B","date":"2018-04-11T02:50:11.000Z","volume":2000,"label":" ","price":4.81},{"type":"A","date":"2018-04-11T02:50:12.000Z","volume":5000,"label":" ","price":4.82},{"type":"B","date":"2018-04-11T02:50:16.000Z","volume":9000,"label":" ","price":4.81},{"type":"B","date":"2018-04-11T02:50:16.000Z","volume":9500,"label":" ","price":4.81},{"type":"B","date":"2018-04-11T02:50:21.000Z","volume":8500,"label":" ","price":4.8},{"type":"B","date":"2018-04-11T02:50:24.000Z","volume":8500,"label":" ","price":4.8},{"type":"B","date":"2018-04-11T02:50:24.000Z","volume":1000,"label":" ","price":4.8},{"type":"A","date":"2018-04-11T02:50:25.000Z","volume":3000,"label":" ","price":4.8},{"type":"B","date":"2018-04-11T02:50:37.000Z","volume":7500,"label":" ","price":4.78},{"type":"B","date":"2018-04-11T02:50:38.000Z","volume":8500,"label":" ","price":4.78},{"type":"B","date":"2018-04-11T02:50:41.000Z","volume":7500,"label":" ","price":4.78},{"type":"B","date":"2018-04-11T02:55:04.000Z","volume":4000,"label":" ","price":4.78},{"type":"A","date":"2018-04-11T02:55:04.000Z","volume":500,"label":" ","price":4.81},{"type":"B","date":"2018-04-11T02:55:30.000Z","volume":7500,"label":" ","price":4.78},{"type":"U","date":"2018-04-11T02:55:30.000Z","volume":1000,"label":" ","price":4.79},{"type":"A","date":"2018-04-11T02:55:31.000Z","volume":3000,"label":" ","price":4.8},{"type":"B","date":"2018-04-11T02:55:35.000Z","volume":3500,"label":" ","price":4.79},{"type":"B","date":"2018-04-11T02:55:36.000Z","volume":3000,"label":" ","price":4.79},{"type":"B","date":"2018-04-11T02:55:37.000Z","volume":4000,"label":" ","price":4.79},{"type":"B","date":"2018-04-11T02:55:42.000Z","volume":4000,"label":" ","price":4.78},{"type":"B","date":"2018-04-11T02:55:43.000Z","volume":3000,"label":" ","price":4.78},{"type":"A","date":"2018-04-11T02:56:04.000Z","volume":500,"label":" ","price":4.79},{"type":"B","date":"2018-04-11T02:56:22.000Z","volume":4000,"label":" ","price":4.78},{"type":"B","date":"2018-04-11T02:56:22.000Z","volume":7000,"label":" ","price":4.78},{"type":"B","date":"2018-04-11T02:56:27.000Z","volume":4500,"label":" ","price":4.76},{"type":"B","date":"2018-04-11T02:56:32.000Z","volume":1500,"label":" ","price":4.76},{"type":"B","date":"2018-04-11T02:56:37.000Z","volume":1500,"label":" ","price":4.76},{"type":"B","date":"2018-04-11T02:56:42.000Z","volume":2000,"label":" ","price":4.76},{"type":"B","date":"2018-04-11T02:56:48.000Z","volume":3000,"label":" ","price":4.76},{"type":"B","date":"2018-04-11T02:57:49.000Z","volume":500,"label":" ","price":4.75},{"type":"B","date":"2018-04-11T02:57:54.000Z","volume":5500,"label":" ","price":4.75},{"type":"B","date":"2018-04-11T02:58:05.000Z","volume":14000,"label":" ","price":4.75},{"type":"B","date":"2018-04-11T02:58:05.000Z","volume":3000,"label":" ","price":4.74},{"type":"B","date":"2018-04-11T02:58:05.000Z","volume":17000,"label":" ","price":4.73},{"type":"A","date":"2018-04-11T02:58:35.000Z","volume":500,"label":" ","price":4.78},{"type":"B","date":"2018-04-11T02:58:49.000Z","volume":4000,"label":" ","price":4.75},{"type":"B","date":"2018-04-11T02:58:50.000Z","volume":4000,"label":" ","price":4.75},{"type":"B","date":"2018-04-11T02:58:51.000Z","volume":3000,"label":" ","price":4.75},{"type":"B","date":"2018-04-11T02:58:52.000Z","volume":3000,"label":" ","price":4.76},{"type":"B","date":"2018-04-11T02:58:54.000Z","volume":3000,"label":" ","price":4.76},{"type":"B","date":"2018-04-11T02:58:56.000Z","volume":3000,"label":" ","price":4.76},{"type":"B","date":"2018-04-11T02:58:58.000Z","volume":4000,"label":" ","price":4.76},{"type":"B","date":"2018-04-11T02:59:00.000Z","volume":4000,"label":" ","price":4.76},{"type":"A","date":"2018-04-11T02:59:54.000Z","volume":5500,"label":" ","price":4.76},{"type":"B","date":"2018-04-11T03:00:16.000Z","volume":1000,"label":" ","price":4.75},{"type":"A","date":"2018-04-11T03:00:23.000Z","volume":500,"label":" ","price":4.78},{"type":"B","date":"2018-04-11T03:01:17.000Z","volume":3000,"label":" ","price":4.76},{"type":"B","date":"2018-04-11T03:02:19.000Z","volume":3500,"label":" ","price":4.77},{"type":"B","date":"2018-04-11T03:02:30.000Z","volume":3000,"label":" ","price":4.77},{"type":"B","date":"2018-04-11T03:02:40.000Z","volume":500,"label":" ","price":4.77},{"type":"B","date":"2018-04-11T03:02:45.000Z","volume":5500,"label":" ","price":4.77},{"type":"B","date":"2018-04-11T03:02:50.000Z","volume":5000,"label":" ","price":4.77},{"type":"B","date":"2018-04-11T03:03:04.000Z","volume":4000,"label":" ","price":4.77},{"type":"B","date":"2018-04-11T03:03:06.000Z","volume":3000,"label":" ","price":4.77},{"type":"B","date":"2018-04-11T03:03:06.000Z","volume":500,"label":" ","price":4.77},{"type":"B","date":"2018-04-11T03:03:16.000Z","volume":8000,"label":" ","price":4.77},{"type":"B","date":"2018-04-11T03:03:50.000Z","volume":2000,"label":" ","price":4.77},{"type":"B","date":"2018-04-11T03:03:50.000Z","volume":2500,"label":" ","price":4.76},{"type":"B","date":"2018-04-11T03:03:54.000Z","volume":4500,"label":" ","price":4.76},{"type":"B","date":"2018-04-11T03:05:01.000Z","volume":5500,"label":" ","price":4.76},{"type":"B","date":"2018-04-11T03:07:32.000Z","volume":4000,"label":" ","price":4.76},{"type":"B","date":"2018-04-11T03:07:37.000Z","volume":2500,"label":" ","price":4.76},{"type":"B","date":"2018-04-11T03:07:41.000Z","volume":50000,"label":" ","price":4.76},{"type":"B","date":"2018-04-11T03:07:41.000Z","volume":10000,"label":" ","price":4.75},{"type":"A","date":"2018-04-11T03:07:43.000Z","volume":1000,"label":" ","price":4.77},{"type":"B","date":"2018-04-11T03:07:45.000Z","volume":5000,"label":" ","price":4.76},{"type":"B","date":"2018-04-11T03:07:48.000Z","volume":500,"label":" ","price":4.77},{"type":"B","date":"2018-04-11T03:07:48.000Z","volume":5500,"label":" ","price":4.77},{"type":"B","date":"2018-04-11T03:07:49.000Z","volume":5000,"label":" ","price":4.77},{"type":"B","date":"2018-04-11T03:07:49.000Z","volume":1000,"label":" ","price":4.77},{"type":"B","date":"2018-04-11T03:07:53.000Z","volume":3500,"label":" ","price":4.77},{"type":"B","date":"2018-04-11T03:07:55.000Z","volume":5000,"label":" ","price":4.77},{"type":"B","date":"2018-04-11T03:07:58.000Z","volume":2000,"label":" ","price":4.76},{"type":"B","date":"2018-04-11T03:08:00.000Z","volume":4000,"label":" ","price":4.77},{"type":"B","date":"2018-04-11T03:08:03.000Z","volume":7000,"label":" ","price":4.75},{"type":"A","date":"2018-04-11T03:08:04.000Z","volume":1000,"label":" ","price":4.76},{"type":"A","date":"2018-04-11T03:08:05.000Z","volume":500,"label":" ","price":4.76},{"type":"A","date":"2018-04-11T03:08:05.000Z","volume":500,"label":" ","price":4.78},{"type":"B","date":"2018-04-11T03:08:08.000Z","volume":500,"label":" ","price":4.75},{"type":"B","date":"2018-04-11T03:08:27.000Z","volume":4000,"label":" ","price":4.76},{"type":"B","date":"2018-04-11T03:08:32.000Z","volume":5500,"label":" ","price":4.77},{"type":"B","date":"2018-04-11T03:08:32.000Z","volume":500,"label":" ","price":4.77},{"type":"U","date":"2018-04-11T03:08:32.000Z","volume":4000,"label":" ","price":4.77},{"type":"B","date":"2018-04-11T03:08:37.000Z","volume":500,"label":" ","price":4.75},{"type":"B","date":"2018-04-11T03:08:42.000Z","volume":2500,"label":" ","price":4.74},{"type":"A","date":"2018-04-11T03:09:01.000Z","volume":3500,"label":" ","price":4.78},{"type":"B","date":"2018-04-11T03:09:25.000Z","volume":3500,"label":" ","price":4.74},{"type":"B","date":"2018-04-11T03:09:57.000Z","volume":3500,"label":" ","price":4.74},{"type":"A","date":"2018-04-11T03:12:43.000Z","volume":2000,"label":" ","price":4.78},{"type":"B","date":"2018-04-11T03:14:46.000Z","volume":1500,"label":" ","price":4.75},{"type":"B","date":"2018-04-11T03:15:55.000Z","volume":500,"label":" ","price":4.75},{"type":"B","date":"2018-04-11T03:17:33.000Z","volume":500,"label":" ","price":4.76},{"type":"B","date":"2018-04-11T03:17:43.000Z","volume":5000,"label":" ","price":4.76},{"type":"B","date":"2018-04-11T03:18:05.000Z","volume":5500,"label":" ","price":4.76},{"type":"A","date":"2018-04-11T03:18:07.000Z","volume":5500,"label":" ","price":4.78},{"type":"A","date":"2018-04-11T03:18:09.000Z","volume":1500,"label":" ","price":4.78},{"type":"A","date":"2018-04-11T03:18:14.000Z","volume":1000,"label":" ","price":4.78},{"type":"B","date":"2018-04-11T03:18:35.000Z","volume":500,"label":" ","price":4.77},{"type":"B","date":"2018-04-11T03:22:06.000Z","volume":8000,"label":" ","price":4.77},{"type":"B","date":"2018-04-11T03:22:11.000Z","volume":11000,"label":" ","price":4.77},{"type":"B","date":"2018-04-11T03:22:11.000Z","volume":11500,"label":" ","price":4.77},{"type":"B","date":"2018-04-11T03:22:16.000Z","volume":1000,"label":" ","price":4.76},{"type":"B","date":"2018-04-11T03:22:21.000Z","volume":5500,"label":" ","price":4.76},{"type":"A","date":"2018-04-11T03:22:38.000Z","volume":5000,"label":" ","price":4.78},{"type":"B","date":"2018-04-11T03:22:41.000Z","volume":34000,"label":" ","price":4.78},{"type":"B","date":"2018-04-11T03:22:42.000Z","volume":28000,"label":" ","price":4.78},{"type":"B","date":"2018-04-11T03:22:48.000Z","volume":28000,"label":" ","price":4.78},{"type":"B","date":"2018-04-11T03:22:57.000Z","volume":9500,"label":" ","price":4.75},{"type":"B","date":"2018-04-11T03:23:16.000Z","volume":8000,"label":" ","price":4.75},{"type":"A","date":"2018-04-11T03:23:34.000Z","volume":8500,"label":" ","price":4.79},{"type":"B","date":"2018-04-11T03:24:04.000Z","volume":4000,"label":" ","price":4.75},{"type":"B","date":"2018-04-11T03:24:09.000Z","volume":8500,"label":" ","price":4.75},{"type":"B","date":"2018-04-11T03:24:14.000Z","volume":8500,"label":" ","price":4.75},{"type":"B","date":"2018-04-11T03:24:19.000Z","volume":6000,"label":" ","price":4.75},{"type":"B","date":"2018-04-11T03:24:24.000Z","volume":3000,"label":" ","price":4.75},{"type":"A","date":"2018-04-11T03:24:54.000Z","volume":1000,"label":" ","price":4.78},{"type":"A","date":"2018-04-11T03:24:56.000Z","volume":2000,"label":" ","price":4.78},{"type":"A","date":"2018-04-11T03:24:56.000Z","volume":1500,"label":" ","price":4.79},{"type":"B","date":"2018-04-11T03:24:57.000Z","volume":7500,"label":" ","price":4.75},{"type":"B","date":"2018-04-11T03:25:26.000Z","volume":11000,"label":" ","price":4.75},{"type":"B","date":"2018-04-11T03:25:31.000Z","volume":6000,"label":" ","price":4.75},{"type":"B","date":"2018-04-11T03:25:36.000Z","volume":2500,"label":" ","price":4.75},{"type":"B","date":"2018-04-11T03:26:59.000Z","volume":2500,"label":" ","price":4.75},{"type":"B","date":"2018-04-11T03:27:45.000Z","volume":5000,"label":" ","price":4.75},{"type":"B","date":"2018-04-11T03:27:50.000Z","volume":5500,"label":" ","price":4.75},{"type":"B","date":"2018-04-11T03:28:02.000Z","volume":1000,"label":" ","price":4.75},{"type":"B","date":"2018-04-11T03:28:07.000Z","volume":2500,"label":" ","price":4.75},{"type":"B","date":"2018-04-11T03:28:12.000Z","volume":1000,"label":" ","price":4.75},{"type":"B","date":"2018-04-11T03:28:17.000Z","volume":500,"label":" ","price":4.75},{"type":"B","date":"2018-04-11T03:28:22.000Z","volume":500,"label":" ","price":4.75},{"type":"B","date":"2018-04-11T03:28:27.000Z","volume":500,"label":" ","price":4.75},{"type":"B","date":"2018-04-11T03:28:32.000Z","volume":7500,"label":" ","price":4.74},{"type":"B","date":"2018-04-11T03:29:05.000Z","volume":5000,"label":" ","price":4.75},{"type":"B","date":"2018-04-11T03:29:06.000Z","volume":5500,"label":" ","price":4.75},{"type":"B","date":"2018-04-11T03:29:24.000Z","volume":1500,"label":" ","price":4.75},{"type":"B","date":"2018-04-11T03:29:29.000Z","volume":1000,"label":" ","price":4.75},{"type":"B","date":"2018-04-11T03:29:34.000Z","volume":500,"label":" ","price":4.75},{"type":"B","date":"2018-04-11T03:29:39.000Z","volume":500,"label":" ","price":4.75},{"type":"B","date":"2018-04-11T03:29:44.000Z","volume":4000,"label":" ","price":4.74},{"type":"B","date":"2018-04-11T03:29:49.000Z","volume":1000,"label":" ","price":4.74},{"type":"B","date":"2018-04-11T03:30:54.000Z","volume":4000,"label":" ","price":4.74},{"type":"B","date":"2018-04-11T03:30:59.000Z","volume":5500,"label":" ","price":4.74},{"type":"B","date":"2018-04-11T03:31:04.000Z","volume":2500,"label":" ","price":4.74},{"type":"B","date":"2018-04-11T03:31:26.000Z","volume":2000,"label":" ","price":4.74},{"type":"B","date":"2018-04-11T03:31:31.000Z","volume":1000,"label":" ","price":4.74},{"type":"B","date":"2018-04-11T03:31:36.000Z","volume":500,"label":" ","price":4.74},{"type":"B","date":"2018-04-11T03:31:41.000Z","volume":500,"label":" ","price":4.74},{"type":"B","date":"2018-04-11T03:34:09.000Z","volume":500,"label":" ","price":4.74},{"type":"B","date":"2018-04-11T03:34:14.000Z","volume":6500,"label":" ","price":4.74},{"type":"B","date":"2018-04-11T03:34:19.000Z","volume":3500,"label":" ","price":4.74},{"type":"B","date":"2018-04-11T03:34:24.000Z","volume":2500,"label":" ","price":4.74},{"type":"B","date":"2018-04-11T03:34:29.000Z","volume":2000,"label":" ","price":4.74},{"type":"B","date":"2018-04-11T03:34:34.000Z","volume":3500,"label":" ","price":4.74},{"type":"B","date":"2018-04-11T03:34:39.000Z","volume":2500,"label":" ","price":4.74},{"type":"B","date":"2018-04-11T03:34:44.000Z","volume":1500,"label":" ","price":4.74},{"type":"B","date":"2018-04-11T03:34:49.000Z","volume":2000,"label":" ","price":4.74},{"type":"B","date":"2018-04-11T03:34:54.000Z","volume":1000,"label":" ","price":4.74},{"type":"B","date":"2018-04-11T03:34:59.000Z","volume":1000,"label":" ","price":4.74},{"type":"B","date":"2018-04-11T03:37:49.000Z","volume":5000,"label":" ","price":4.75},{"type":"B","date":"2018-04-11T03:37:51.000Z","volume":5000,"label":" ","price":4.75},{"type":"B","date":"2018-04-11T03:37:53.000Z","volume":5000,"label":" ","price":4.75},{"type":"B","date":"2018-04-11T03:37:53.000Z","volume":500,"label":" ","price":4.74},{"type":"U","date":"2018-04-11T03:39:29.000Z","volume":6000,"label":" ","price":4.76},{"type":"B","date":"2018-04-11T03:45:46.000Z","volume":19500,"label":" ","price":4.75},{"type":"A","date":"2018-04-11T03:45:46.000Z","volume":3500,"label":" ","price":4.75},{"type":"A","date":"2018-04-11T03:45:46.000Z","volume":12000,"label":" ","price":4.75},{"type":"A","date":"2018-04-11T03:45:55.000Z","volume":2000,"label":" ","price":4.77},{"type":"A","date":"2018-04-11T03:46:54.000Z","volume":2000,"label":" ","price":4.77},{"type":"B","date":"2018-04-11T03:52:07.000Z","volume":4000,"label":" ","price":4.75},{"type":"B","date":"2018-04-11T03:52:12.000Z","volume":5000,"label":" ","price":4.75},{"type":"B","date":"2018-04-11T03:52:17.000Z","volume":4500,"label":" ","price":4.75},{"type":"B","date":"2018-04-11T03:52:22.000Z","volume":2500,"label":" ","price":4.75},{"type":"B","date":"2018-04-11T03:52:27.000Z","volume":1000,"label":" ","price":4.75},{"type":"A","date":"2018-04-11T03:52:46.000Z","volume":500,"label":" ","price":4.77},{"type":"B","date":"2018-04-11T03:55:40.000Z","volume":3000,"label":" ","price":4.75},{"type":"B","date":"2018-04-11T03:55:45.000Z","volume":2000,"label":" ","price":4.75},{"type":"B","date":"2018-04-11T03:56:23.000Z","volume":1000,"label":" ","price":4.75},{"type":"B","date":"2018-04-11T03:58:45.000Z","volume":500,"label":" ","price":4.75},{"type":"A","date":"2018-04-11T03:58:45.000Z","volume":500,"label":" ","price":4.77},{"type":"B","date":"2018-04-11T03:58:50.000Z","volume":4000,"label":" ","price":4.75},{"type":"A","date":"2018-04-11T03:58:50.000Z","volume":500,"label":" ","price":4.77},{"type":"B","date":"2018-04-11T03:59:54.000Z","volume":500,"label":" ","price":4.75},{"type":"B","date":"2018-04-11T03:59:59.000Z","volume":7000,"label":" ","price":4.75},{"type":"A","date":"2018-04-11T03:59:59.000Z","volume":500,"label":" ","price":4.77},{"type":"A","date":"2018-04-11T05:00:00.000Z","volume":500,"label":" ","price":4.78},{"type":"B","date":"2018-04-11T05:00:29.000Z","volume":16500,"label":" ","price":4.77},{"type":"A","date":"2018-04-11T05:00:30.000Z","volume":500,"label":" ","price":4.78},{"type":"B","date":"2018-04-11T05:00:34.000Z","volume":2000,"label":" ","price":4.74},{"type":"A","date":"2018-04-11T05:00:34.000Z","volume":500,"label":" ","price":4.78},{"type":"B","date":"2018-04-11T05:00:39.000Z","volume":3500,"label":" ","price":4.74},{"type":"A","date":"2018-04-11T05:00:39.000Z","volume":500,"label":" ","price":4.78},{"type":"B","date":"2018-04-11T05:00:55.000Z","volume":500,"label":" ","price":4.74},{"type":"A","date":"2018-04-11T05:00:55.000Z","volume":500,"label":" ","price":4.78},{"type":"A","date":"2018-04-11T05:05:31.000Z","volume":500,"label":" ","price":4.78},{"type":"B","date":"2018-04-11T05:07:55.000Z","volume":36000,"label":" ","price":4.76},{"type":"A","date":"2018-04-11T05:07:55.000Z","volume":1500,"label":" ","price":4.76},{"type":"A","date":"2018-04-11T05:07:56.000Z","volume":500,"label":" ","price":4.78},{"type":"A","date":"2018-04-11T05:10:50.000Z","volume":1000,"label":" ","price":4.78},{"type":"A","date":"2018-04-11T05:13:16.000Z","volume":1000,"label":" ","price":4.77},{"type":"A","date":"2018-04-11T05:13:16.000Z","volume":500,"label":" ","price":4.77},{"type":"A","date":"2018-04-11T05:13:18.000Z","volume":2500,"label":" ","price":4.77},{"type":"A","date":"2018-04-11T05:13:19.000Z","volume":500,"label":" ","price":4.78},{"type":"A","date":"2018-04-11T05:13:38.000Z","volume":5000,"label":" ","price":4.78},{"type":"A","date":"2018-04-11T05:13:38.000Z","volume":3000,"label":" ","price":4.78},{"type":"A","date":"2018-04-11T05:13:44.000Z","volume":2000,"label":" ","price":4.79},{"type":"A","date":"2018-04-11T05:13:44.000Z","volume":4000,"label":" ","price":4.79},{"type":"B","date":"2018-04-11T05:14:07.000Z","volume":31000,"label":" ","price":4.78},{"type":"A","date":"2018-04-11T05:14:08.000Z","volume":3000,"label":" ","price":4.78},{"type":"A","date":"2018-04-11T05:14:08.000Z","volume":2500,"label":" ","price":4.78},{"type":"B","date":"2018-04-11T05:14:20.000Z","volume":3000,"label":" ","price":4.77},{"type":"B","date":"2018-04-11T05:14:25.000Z","volume":2000,"label":" ","price":4.77},{"type":"B","date":"2018-04-11T05:14:52.000Z","volume":2500,"label":" ","price":4.77},{"type":"B","date":"2018-04-11T05:18:54.000Z","volume":2000,"label":" ","price":4.76},{"type":"B","date":"2018-04-11T05:18:59.000Z","volume":5500,"label":" ","price":4.76},{"type":"A","date":"2018-04-11T05:20:00.000Z","volume":500,"label":" ","price":4.77},{"type":"A","date":"2018-04-11T05:20:55.000Z","volume":7000,"label":" ","price":4.77},{"type":"A","date":"2018-04-11T05:20:56.000Z","volume":2500,"label":" ","price":4.78},{"type":"A","date":"2018-04-11T05:21:03.000Z","volume":12000,"label":" ","price":4.78},{"type":"A","date":"2018-04-11T05:21:25.000Z","volume":2000,"label":" ","price":4.79},{"type":"A","date":"2018-04-11T05:22:05.000Z","volume":500,"label":" ","price":4.79},{"type":"A","date":"2018-04-11T05:23:27.000Z","volume":2000,"label":" ","price":4.79},{"type":"B","date":"2018-04-11T05:25:46.000Z","volume":2500,"label":" ","price":4.79},{"type":"B","date":"2018-04-11T05:26:01.000Z","volume":3000,"label":" ","price":4.79},{"type":"B","date":"2018-04-11T05:26:53.000Z","volume":500,"label":" ","price":4.79},{"type":"B","date":"2018-04-11T05:26:58.000Z","volume":1000,"label":" ","price":4.79},{"type":"B","date":"2018-04-11T05:27:59.000Z","volume":20000,"label":" ","price":4.79},{"type":"A","date":"2018-04-11T05:27:59.000Z","volume":500,"label":" ","price":4.8},{"type":"A","date":"2018-04-11T05:28:04.000Z","volume":500,"label":" ","price":4.8},{"type":"A","date":"2018-04-11T05:29:47.000Z","volume":4000,"label":" ","price":4.8},{"type":"A","date":"2018-04-11T05:29:47.000Z","volume":500,"label":" ","price":4.8},{"type":"A","date":"2018-04-11T05:29:51.000Z","volume":500,"label":" ","price":4.8},{"type":"A","date":"2018-04-11T05:32:17.000Z","volume":2000,"label":" ","price":4.8},{"type":"A","date":"2018-04-11T05:32:17.000Z","volume":500,"label":" ","price":4.8},{"type":"A","date":"2018-04-11T05:32:23.000Z","volume":2000,"label":" ","price":4.8},{"type":"A","date":"2018-04-11T05:32:39.000Z","volume":4000,"label":" ","price":4.8},{"type":"A","date":"2018-04-11T05:32:39.000Z","volume":500,"label":" ","price":4.8},{"type":"A","date":"2018-04-11T05:32:44.000Z","volume":500,"label":" ","price":4.8},{"type":"A","date":"2018-04-11T05:32:45.000Z","volume":4000,"label":" ","price":4.8},{"type":"A","date":"2018-04-11T05:32:47.000Z","volume":500,"label":" ","price":4.8},{"type":"A","date":"2018-04-11T05:32:47.000Z","volume":2500,"label":" ","price":4.8},{"type":"A","date":"2018-04-11T05:32:47.000Z","volume":3500,"label":"Y","price":4.8},{"type":"A","date":"2018-04-11T05:32:47.000Z","volume":11500,"label":" ","price":4.8},{"type":"A","date":"2018-04-11T05:32:47.000Z","volume":500,"label":"Y","price":4.8},{"type":"A","date":"2018-04-11T05:32:47.000Z","volume":3500,"label":"Y","price":4.8},{"type":"A","date":"2018-04-11T05:32:50.000Z","volume":3000,"label":" ","price":4.8},{"type":"A","date":"2018-04-11T05:32:54.000Z","volume":1000,"label":" ","price":4.8},{"type":"A","date":"2018-04-11T05:32:57.000Z","volume":500,"label":" ","price":4.8},{"type":"B","date":"2018-04-11T05:33:39.000Z","volume":12000,"label":" ","price":4.79},{"type":"A","date":"2018-04-11T05:33:40.000Z","volume":1500,"label":" ","price":4.8},{"type":"A","date":"2018-04-11T05:33:42.000Z","volume":500,"label":" ","price":4.8},{"type":"A","date":"2018-04-11T05:33:53.000Z","volume":45000,"label":" ","price":4.8},{"type":"A","date":"2018-04-11T05:33:53.000Z","volume":2000,"label":" ","price":4.8},{"type":"A","date":"2018-04-11T05:33:53.000Z","volume":8500,"label":" ","price":4.8},{"type":"A","date":"2018-04-11T05:33:56.000Z","volume":500,"label":" ","price":4.8},{"type":"A","date":"2018-04-11T05:34:01.000Z","volume":3500,"label":" ","price":4.8},{"type":"A","date":"2018-04-11T05:34:03.000Z","volume":500,"label":" ","price":4.81},{"type":"A","date":"2018-04-11T05:34:03.000Z","volume":31500,"label":" ","price":4.81},{"type":"A","date":"2018-04-11T05:34:07.000Z","volume":5500,"label":" ","price":4.82},{"type":"A","date":"2018-04-11T05:34:12.000Z","volume":500,"label":" ","price":4.82},{"type":"A","date":"2018-04-11T05:34:14.000Z","volume":4000,"label":" ","price":4.82},{"type":"A","date":"2018-04-11T05:34:14.000Z","volume":500,"label":" ","price":4.82},{"type":"A","date":"2018-04-11T05:34:17.000Z","volume":500,"label":" ","price":4.82},{"type":"A","date":"2018-04-11T05:34:17.000Z","volume":4000,"label":" ","price":4.82},{"type":"A","date":"2018-04-11T05:34:21.000Z","volume":500,"label":" ","price":4.82},{"type":"A","date":"2018-04-11T05:34:28.000Z","volume":4000,"label":" ","price":4.82},{"type":"A","date":"2018-04-11T05:34:29.000Z","volume":500,"label":" ","price":4.82},{"type":"A","date":"2018-04-11T05:34:31.000Z","volume":500,"label":" ","price":4.82},{"type":"A","date":"2018-04-11T05:34:37.000Z","volume":2500,"label":" ","price":4.82},{"type":"A","date":"2018-04-11T05:34:37.000Z","volume":2000,"label":" ","price":4.82},{"type":"A","date":"2018-04-11T05:34:37.000Z","volume":500,"label":" ","price":4.83},{"type":"A","date":"2018-04-11T05:34:43.000Z","volume":10500,"label":" ","price":4.83},{"type":"A","date":"2018-04-11T05:34:43.000Z","volume":2500,"label":" ","price":4.83},{"type":"A","date":"2018-04-11T05:34:49.000Z","volume":500,"label":" ","price":4.84},{"type":"B","date":"2018-04-11T05:35:18.000Z","volume":2000,"label":" ","price":4.83},{"type":"A","date":"2018-04-11T05:35:18.000Z","volume":500,"label":" ","price":4.84},{"type":"B","date":"2018-04-11T05:35:23.000Z","volume":9500,"label":" ","price":4.83},{"type":"A","date":"2018-04-11T05:35:23.000Z","volume":1000,"label":" ","price":4.84},{"type":"A","date":"2018-04-11T05:35:27.000Z","volume":500,"label":" ","price":4.84},{"type":"B","date":"2018-04-11T05:36:52.000Z","volume":45500,"label":" ","price":4.83},{"type":"B","date":"2018-04-11T05:36:52.000Z","volume":40000,"label":" ","price":4.83},{"type":"B","date":"2018-04-11T05:36:52.000Z","volume":4000,"label":" ","price":4.82},{"type":"A","date":"2018-04-11T05:36:52.000Z","volume":4500,"label":" ","price":4.83},{"type":"A","date":"2018-04-11T05:38:53.000Z","volume":2500,"label":" ","price":4.83},{"type":"A","date":"2018-04-11T05:38:53.000Z","volume":2500,"label":" ","price":4.83},{"type":"B","date":"2018-04-11T05:38:53.000Z","volume":1000,"label":" ","price":4.83},{"type":"A","date":"2018-04-11T05:38:53.000Z","volume":500,"label":" ","price":4.83},{"type":"A","date":"2018-04-11T05:39:14.000Z","volume":2000,"label":" ","price":4.83},{"type":"B","date":"2018-04-11T05:39:56.000Z","volume":500,"label":" ","price":4.82},{"type":"A","date":"2018-04-11T05:40:33.000Z","volume":11000,"label":" ","price":4.83},{"type":"A","date":"2018-04-11T05:41:04.000Z","volume":2500,"label":" ","price":4.83},{"type":"A","date":"2018-04-11T05:41:52.000Z","volume":2000,"label":" ","price":4.83},{"type":"B","date":"2018-04-11T05:42:33.000Z","volume":4000,"label":" ","price":4.82},{"type":"A","date":"2018-04-11T05:42:53.000Z","volume":500,"label":" ","price":4.83},{"type":"B","date":"2018-04-11T05:44:30.000Z","volume":2500,"label":" ","price":4.82},{"type":"B","date":"2018-04-11T05:44:35.000Z","volume":13500,"label":" ","price":4.82},{"type":"B","date":"2018-04-11T05:44:40.000Z","volume":5500,"label":" ","price":4.82},{"type":"B","date":"2018-04-11T05:44:45.000Z","volume":8000,"label":" ","price":4.82},{"type":"B","date":"2018-04-11T05:44:45.000Z","volume":8000,"label":" ","price":4.82},{"type":"B","date":"2018-04-11T05:44:50.000Z","volume":1500,"label":" ","price":4.81},{"type":"A","date":"2018-04-11T05:45:32.000Z","volume":3000,"label":" ","price":4.82},{"type":"A","date":"2018-04-11T05:48:01.000Z","volume":500,"label":" ","price":4.82},{"type":"A","date":"2018-04-11T05:50:15.000Z","volume":4000,"label":" ","price":4.82},{"type":"A","date":"2018-04-11T05:50:46.000Z","volume":2500,"label":" ","price":4.82},{"type":"A","date":"2018-04-11T05:50:47.000Z","volume":500,"label":" ","price":4.82},{"type":"A","date":"2018-04-11T05:51:07.000Z","volume":500,"label":" ","price":4.82},{"type":"B","date":"2018-04-11T05:51:24.000Z","volume":1000,"label":"Y","price":4.81},{"type":"B","date":"2018-04-11T05:51:24.000Z","volume":22500,"label":" ","price":4.81},{"type":"B","date":"2018-04-11T05:51:24.000Z","volume":22000,"label":" ","price":4.8},{"type":"B","date":"2018-04-11T05:52:08.000Z","volume":500,"label":" ","price":4.79},{"type":"B","date":"2018-04-11T05:52:13.000Z","volume":500,"label":" ","price":4.79},{"type":"B","date":"2018-04-11T05:54:14.000Z","volume":1000,"label":" ","price":4.79},{"type":"B","date":"2018-04-11T05:54:19.000Z","volume":500,"label":" ","price":4.79},{"type":"B","date":"2018-04-11T05:55:56.000Z","volume":500,"label":" ","price":4.79},{"type":"B","date":"2018-04-11T05:56:17.000Z","volume":500,"label":" ","price":4.79},{"type":"A","date":"2018-04-11T05:57:04.000Z","volume":500,"label":" ","price":4.82},{"type":"A","date":"2018-04-11T06:01:07.000Z","volume":500,"label":" ","price":4.82},{"type":"A","date":"2018-04-11T06:03:47.000Z","volume":1500,"label":" ","price":4.8},{"type":"U","date":"2018-04-11T06:03:47.000Z","volume":500,"label":" ","price":4.8},{"type":"B","date":"2018-04-11T06:05:05.000Z","volume":500,"label":" ","price":4.79},{"type":"B","date":"2018-04-11T06:05:49.000Z","volume":500,"label":" ","price":4.8},{"type":"B","date":"2018-04-11T06:06:37.000Z","volume":4000,"label":"Y","price":4.8},{"type":"B","date":"2018-04-11T06:06:37.000Z","volume":65500,"label":" ","price":4.8},{"type":"B","date":"2018-04-11T06:06:51.000Z","volume":500,"label":" ","price":4.79},{"type":"B","date":"2018-04-11T06:06:56.000Z","volume":5000,"label":" ","price":4.79},{"type":"A","date":"2018-04-11T06:07:26.000Z","volume":500,"label":"Y","price":4.82},{"type":"B","date":"2018-04-11T06:07:45.000Z","volume":1000,"label":" ","price":4.79},{"type":"A","date":"2018-04-11T06:07:47.000Z","volume":2500,"label":" ","price":4.8},{"type":"A","date":"2018-04-11T06:07:47.000Z","volume":2500,"label":" ","price":4.8},{"type":"A","date":"2018-04-11T06:07:51.000Z","volume":3000,"label":"Y","price":4.8},{"type":"A","date":"2018-04-11T06:07:51.000Z","volume":1000,"label":" ","price":4.8},{"type":"B","date":"2018-04-11T06:07:51.000Z","volume":2500,"label":" ","price":4.8},{"type":"B","date":"2018-04-11T06:07:53.000Z","volume":500,"label":"Y","price":4.8},{"type":"B","date":"2018-04-11T06:07:53.000Z","volume":500,"label":" ","price":4.8},{"type":"B","date":"2018-04-11T06:08:47.000Z","volume":500,"label":" ","price":4.8},{"type":"B","date":"2018-04-11T06:08:52.000Z","volume":2000,"label":" ","price":4.8},{"type":"B","date":"2018-04-11T06:08:53.000Z","volume":500,"label":" ","price":4.8},{"type":"B","date":"2018-04-11T06:09:59.000Z","volume":5500,"label":" ","price":4.8},{"type":"B","date":"2018-04-11T06:10:00.000Z","volume":1500,"label":" ","price":4.8},{"type":"B","date":"2018-04-11T06:11:02.000Z","volume":500,"label":" ","price":4.8},{"type":"B","date":"2018-04-11T06:11:07.000Z","volume":5500,"label":" ","price":4.8},{"type":"B","date":"2018-04-11T06:11:08.000Z","volume":500,"label":"Y","price":4.8},{"type":"B","date":"2018-04-11T06:11:08.000Z","volume":1000,"label":" ","price":4.8},{"type":"B","date":"2018-04-11T06:11:12.000Z","volume":2000,"label":" ","price":4.8},{"type":"B","date":"2018-04-11T06:11:13.000Z","volume":500,"label":" ","price":4.8},{"type":"B","date":"2018-04-11T06:11:32.000Z","volume":4000,"label":" ","price":4.8},{"type":"B","date":"2018-04-11T06:11:34.000Z","volume":1000,"label":" ","price":4.8},{"type":"B","date":"2018-04-11T06:11:41.000Z","volume":1500,"label":" ","price":4.8},{"type":"B","date":"2018-04-11T06:11:57.000Z","volume":500,"label":" ","price":4.79},{"type":"B","date":"2018-04-11T06:12:02.000Z","volume":11500,"label":" ","price":4.79},{"type":"B","date":"2018-04-11T06:12:47.000Z","volume":85500,"label":" ","price":4.79},{"type":"B","date":"2018-04-11T06:12:47.000Z","volume":64500,"label":" ","price":4.78},{"type":"B","date":"2018-04-11T06:13:00.000Z","volume":5000,"label":" ","price":4.78},{"type":"B","date":"2018-04-11T06:14:36.000Z","volume":2000,"label":" ","price":4.78},{"type":"B","date":"2018-04-11T06:15:30.000Z","volume":1000,"label":" ","price":4.78},{"type":"B","date":"2018-04-11T06:15:47.000Z","volume":50500,"label":" ","price":4.78},{"type":"B","date":"2018-04-11T06:15:47.000Z","volume":49500,"label":" ","price":4.77},{"type":"B","date":"2018-04-11T06:15:48.000Z","volume":2000,"label":" ","price":4.77},{"type":"A","date":"2018-04-11T06:15:48.000Z","volume":4500,"label":" ","price":4.8},{"type":"B","date":"2018-04-11T06:15:56.000Z","volume":50000,"label":" ","price":4.77},{"type":"B","date":"2018-04-11T06:17:23.000Z","volume":500,"label":" ","price":4.77},{"type":"B","date":"2018-04-11T06:17:30.000Z","volume":25000,"label":" ","price":4.78},{"type":"B","date":"2018-04-11T06:18:46.000Z","volume":3000,"label":" ","price":4.78},{"type":"B","date":"2018-04-11T06:18:51.000Z","volume":2000,"label":" ","price":4.78},{"type":"B","date":"2018-04-11T06:19:34.000Z","volume":5000,"label":" ","price":4.78},{"type":"A","date":"2018-04-11T06:20:17.000Z","volume":500,"label":" ","price":4.8},{"type":"B","date":"2018-04-11T06:20:37.000Z","volume":6500,"label":" ","price":4.78},{"type":"U","date":"2018-04-11T06:22:20.000Z","volume":4000,"label":" ","price":4.79},{"type":"B","date":"2018-04-11T06:22:25.000Z","volume":5000,"label":" ","price":4.78},{"type":"B","date":"2018-04-11T06:22:31.000Z","volume":5500,"label":" ","price":4.78},{"type":"B","date":"2018-04-11T06:22:32.000Z","volume":5000,"label":" ","price":4.78},{"type":"B","date":"2018-04-11T06:22:32.000Z","volume":3000,"label":" ","price":4.78},{"type":"B","date":"2018-04-11T06:24:35.000Z","volume":4000,"label":" ","price":4.78},{"type":"B","date":"2018-04-11T06:24:35.000Z","volume":1500,"label":" ","price":4.77},{"type":"B","date":"2018-04-11T06:26:28.000Z","volume":2000,"label":" ","price":4.77},{"type":"B","date":"2018-04-11T06:26:33.000Z","volume":9500,"label":" ","price":4.77},{"type":"B","date":"2018-04-11T06:26:38.000Z","volume":4500,"label":" ","price":4.77},{"type":"B","date":"2018-04-11T06:28:49.000Z","volume":5000,"label":" ","price":4.77},{"type":"B","date":"2018-04-11T06:29:13.000Z","volume":500,"label":" ","price":4.77},{"type":"B","date":"2018-04-11T06:29:18.000Z","volume":6500,"label":" ","price":4.77},{"type":"B","date":"2018-04-11T06:29:23.000Z","volume":5500,"label":" ","price":4.77},{"type":"B","date":"2018-04-11T06:29:23.000Z","volume":4500,"label":" ","price":4.77},{"type":"B","date":"2018-04-11T06:29:28.000Z","volume":3500,"label":" ","price":4.77},{"type":"B","date":"2018-04-11T06:29:30.000Z","volume":5000,"label":" ","price":4.77},{"type":"B","date":"2018-04-11T06:29:30.000Z","volume":500,"label":" ","price":4.76},{"type":"B","date":"2018-04-11T06:29:30.000Z","volume":500,"label":"Y","price":4.76},{"type":"B","date":"2018-04-11T06:29:30.000Z","volume":10500,"label":" ","price":4.76},{"type":"B","date":"2018-04-11T06:29:30.000Z","volume":1000,"label":"Y","price":4.75},{"type":"B","date":"2018-04-11T06:29:33.000Z","volume":11000,"label":" ","price":4.75},{"type":"B","date":"2018-04-11T06:29:43.000Z","volume":4500,"label":" ","price":4.75},{"type":"B","date":"2018-04-11T06:29:48.000Z","volume":2000,"label":" ","price":4.75},{"type":"B","date":"2018-04-11T06:29:53.000Z","volume":1000,"label":" ","price":4.75},{"type":"B","date":"2018-04-11T06:29:58.000Z","volume":500,"label":" ","price":4.75},{"type":"B","date":"2018-04-11T06:30:03.000Z","volume":500,"label":" ","price":4.75},{"type":"B","date":"2018-04-11T06:30:18.000Z","volume":5000,"label":" ","price":4.76},{"type":"B","date":"2018-04-11T06:30:21.000Z","volume":3500,"label":" ","price":4.76},{"type":"B","date":"2018-04-11T06:30:21.000Z","volume":4000,"label":" ","price":4.76},{"type":"B","date":"2018-04-11T06:30:21.000Z","volume":1500,"label":" ","price":4.75},{"type":"B","date":"2018-04-11T06:30:23.000Z","volume":500,"label":" ","price":4.76},{"type":"B","date":"2018-04-11T06:30:23.000Z","volume":500,"label":" ","price":4.75},{"type":"A","date":"2018-04-11T06:30:23.000Z","volume":4500,"label":" ","price":4.75},{"type":"B","date":"2018-04-11T06:30:35.000Z","volume":1000,"label":" ","price":4.75},{"type":"B","date":"2018-04-11T06:30:35.000Z","volume":3500,"label":" ","price":4.75},{"type":"A","date":"2018-04-11T06:30:36.000Z","volume":500,"label":" ","price":4.76},{"type":"A","date":"2018-04-11T06:30:40.000Z","volume":33000,"label":" ","price":4.76},{"type":"B","date":"2018-04-11T06:31:13.000Z","volume":98500,"label":" ","price":4.74},{"type":"B","date":"2018-04-11T06:31:13.000Z","volume":1500,"label":" ","price":4.73},{"type":"B","date":"2018-04-11T06:33:53.000Z","volume":5000,"label":" ","price":4.74},{"type":"B","date":"2018-04-11T06:33:57.000Z","volume":5000,"label":" ","price":4.74},{"type":"B","date":"2018-04-11T06:33:59.000Z","volume":4500,"label":" ","price":4.74},{"type":"B","date":"2018-04-11T06:33:59.000Z","volume":500,"label":" ","price":4.73},{"type":"A","date":"2018-04-11T06:34:30.000Z","volume":3000,"label":" ","price":4.74},{"type":"B","date":"2018-04-11T06:36:28.000Z","volume":5000,"label":" ","price":4.74},{"type":"B","date":"2018-04-11T06:36:37.000Z","volume":5500,"label":" ","price":4.74},{"type":"B","date":"2018-04-11T06:36:42.000Z","volume":5000,"label":" ","price":4.74},{"type":"U","date":"2018-04-11T06:38:23.000Z","volume":500,"label":"X","price":4.74},{"type":"A","date":"2018-04-11T06:39:48.000Z","volume":50000,"label":" ","price":4.75},{"type":"B","date":"2018-04-11T06:40:23.000Z","volume":500,"label":" ","price":4.73},{"type":"B","date":"2018-04-11T06:40:31.000Z","volume":11000,"label":" ","price":4.73},{"type":"B","date":"2018-04-11T06:40:36.000Z","volume":5000,"label":" ","price":4.73},{"type":"B","date":"2018-04-11T06:43:51.000Z","volume":3500,"label":" ","price":4.73},{"type":"B","date":"2018-04-11T06:43:56.000Z","volume":8000,"label":" ","price":4.73},{"type":"B","date":"2018-04-11T06:44:01.000Z","volume":8500,"label":" ","price":4.73},{"type":"B","date":"2018-04-11T06:44:06.000Z","volume":1000,"label":" ","price":4.73},{"type":"B","date":"2018-04-11T06:45:15.000Z","volume":4000,"label":" ","price":4.73},{"type":"B","date":"2018-04-11T06:45:20.000Z","volume":2500,"label":" ","price":4.73},{"type":"B","date":"2018-04-11T06:45:25.000Z","volume":3500,"label":" ","price":4.73},{"type":"B","date":"2018-04-11T06:45:30.000Z","volume":1500,"label":" ","price":4.73},{"type":"B","date":"2018-04-11T06:45:35.000Z","volume":1000,"label":" ","price":4.73},{"type":"B","date":"2018-04-11T06:45:40.000Z","volume":1500,"label":" ","price":4.73},{"type":"B","date":"2018-04-11T06:45:44.000Z","volume":5000,"label":" ","price":4.73},{"type":"B","date":"2018-04-11T06:45:45.000Z","volume":500,"label":" ","price":4.73},{"type":"A","date":"2018-04-11T06:45:46.000Z","volume":2000,"label":" ","price":4.75},{"type":"B","date":"2018-04-11T06:45:50.000Z","volume":4000,"label":" ","price":4.72},{"type":"B","date":"2018-04-11T06:45:55.000Z","volume":500,"label":" ","price":4.72},{"type":"B","date":"2018-04-11T06:46:00.000Z","volume":9000,"label":" ","price":4.71},{"type":"B","date":"2018-04-11T06:46:06.000Z","volume":2000,"label":" ","price":4.71},{"type":"B","date":"2018-04-11T06:46:17.000Z","volume":9000,"label":" ","price":4.71},{"type":"B","date":"2018-04-11T06:46:17.000Z","volume":41000,"label":" ","price":4.7},{"type":"A","date":"2018-04-11T06:46:48.000Z","volume":3000,"label":"Y","price":4.74},{"type":"A","date":"2018-04-11T06:46:55.000Z","volume":12000,"label":" ","price":4.74},{"type":"A","date":"2018-04-11T06:47:03.000Z","volume":2000,"label":" ","price":4.74},{"type":"B","date":"2018-04-11T06:48:34.000Z","volume":5000,"label":" ","price":4.73},{"type":"B","date":"2018-04-11T06:48:36.000Z","volume":5500,"label":" ","price":4.73},{"type":"B","date":"2018-04-11T06:48:39.000Z","volume":5000,"label":" ","price":4.74},{"type":"B","date":"2018-04-11T06:53:58.000Z","volume":1000,"label":" ","price":4.74},{"type":"B","date":"2018-04-11T06:54:03.000Z","volume":2000,"label":" ","price":4.74},{"type":"B","date":"2018-04-11T06:54:38.000Z","volume":1000,"label":" ","price":4.74},{"type":"B","date":"2018-04-11T06:54:43.000Z","volume":10000,"label":" ","price":4.74},{"type":"B","date":"2018-04-11T06:55:08.000Z","volume":5000,"label":" ","price":4.74},{"type":"B","date":"2018-04-11T06:55:08.000Z","volume":5500,"label":" ","price":4.74},{"type":"A","date":"2018-04-11T06:55:40.000Z","volume":500,"label":" ","price":4.74},{"type":"A","date":"2018-04-11T06:56:41.000Z","volume":2000,"label":" ","price":4.73},{"type":"B","date":"2018-04-11T06:57:30.000Z","volume":3000,"label":" ","price":4.72},{"type":"B","date":"2018-04-11T06:57:59.000Z","volume":5500,"label":" ","price":4.7},{"type":"B","date":"2018-04-11T06:58:04.000Z","volume":4500,"label":" ","price":4.7},{"type":"B","date":"2018-04-11T06:58:09.000Z","volume":500,"label":" ","price":4.7},{"type":"B","date":"2018-04-11T06:58:33.000Z","volume":5000,"label":" ","price":4.7},{"type":"B","date":"2018-04-11T06:58:35.000Z","volume":5500,"label":" ","price":4.7},{"type":"B","date":"2018-04-11T06:59:44.000Z","volume":4000,"label":" ","price":4.7},{"type":"B","date":"2018-04-11T06:59:49.000Z","volume":3500,"label":" ","price":4.7},{"type":"B","date":"2018-04-11T06:59:56.000Z","volume":2000,"label":" ","price":4.7},{"type":"B","date":"2018-04-11T07:00:01.000Z","volume":8000,"label":" ","price":4.7},{"type":"B","date":"2018-04-11T07:02:33.000Z","volume":60000,"label":" ","price":4.7},{"type":"B","date":"2018-04-11T07:02:53.000Z","volume":50000,"label":" ","price":4.69},{"type":"B","date":"2018-04-11T07:02:53.000Z","volume":1000,"label":"Y","price":4.68},{"type":"B","date":"2018-04-11T07:03:03.000Z","volume":3500,"label":" ","price":4.68},{"type":"B","date":"2018-04-11T07:03:47.000Z","volume":4000,"label":" ","price":4.68},{"type":"A","date":"2018-04-11T07:06:05.000Z","volume":10500,"label":" ","price":4.7},{"type":"A","date":"2018-04-11T07:06:05.000Z","volume":23500,"label":" ","price":4.7},{"type":"A","date":"2018-04-11T07:06:06.000Z","volume":15000,"label":" ","price":4.7},{"type":"A","date":"2018-04-11T07:06:06.000Z","volume":4000,"label":" ","price":4.7},{"type":"A","date":"2018-04-11T07:06:08.000Z","volume":4000,"label":" ","price":4.7},{"type":"A","date":"2018-04-11T07:06:08.000Z","volume":4000,"label":" ","price":4.7},{"type":"A","date":"2018-04-11T07:06:09.000Z","volume":24500,"label":" ","price":4.7},{"type":"A","date":"2018-04-11T07:06:09.000Z","volume":8500,"label":" ","price":4.7},{"type":"A","date":"2018-04-11T07:06:09.000Z","volume":2500,"label":"Y","price":4.71},{"type":"A","date":"2018-04-11T07:06:09.000Z","volume":1000,"label":" ","price":4.71},{"type":"A","date":"2018-04-11T07:06:35.000Z","volume":15000,"label":" ","price":4.72},{"type":"A","date":"2018-04-11T07:06:35.000Z","volume":2500,"label":"Y","price":4.72},{"type":"A","date":"2018-04-11T07:06:37.000Z","volume":500,"label":" ","price":4.72},{"type":"A","date":"2018-04-11T07:08:34.000Z","volume":500,"label":" ","price":4.73},{"type":"B","date":"2018-04-11T07:09:12.000Z","volume":5000,"label":" ","price":4.73},{"type":"B","date":"2018-04-11T07:09:13.000Z","volume":5500,"label":" ","price":4.73},{"type":"B","date":"2018-04-11T07:09:39.000Z","volume":5000,"label":" ","price":4.73},{"type":"B","date":"2018-04-11T07:09:40.000Z","volume":4000,"label":" ","price":4.73},{"type":"B","date":"2018-04-11T07:09:40.000Z","volume":1500,"label":" ","price":4.72},{"type":"A","date":"2018-04-11T07:09:49.000Z","volume":500,"label":" ","price":4.74},{"type":"U","date":"2018-04-11T07:09:57.000Z","volume":144,"label":"D","price":4.74},{"type":"B","date":"2018-04-11T07:10:21.000Z","volume":2000,"label":" ","price":4.72},{"type":"B","date":"2018-04-11T07:10:26.000Z","volume":11000,"label":" ","price":4.72},{"type":"A","date":"2018-04-11T07:12:31.000Z","volume":2000,"label":" ","price":4.74},{"type":"B","date":"2018-04-11T07:13:21.000Z","volume":1000,"label":" ","price":4.72},{"type":"A","date":"2018-04-11T07:14:50.000Z","volume":500,"label":" ","price":4.74},{"type":"B","date":"2018-04-11T07:17:02.000Z","volume":1000,"label":" ","price":4.73},{"type":"B","date":"2018-04-11T07:18:51.000Z","volume":40000,"label":" ","price":4.73},{"type":"B","date":"2018-04-11T07:18:51.000Z","volume":44000,"label":" ","price":4.72},{"type":"B","date":"2018-04-11T07:18:51.000Z","volume":16000,"label":" ","price":4.71},{"type":"B","date":"2018-04-11T07:19:25.000Z","volume":4500,"label":" ","price":4.71},{"type":"B","date":"2018-04-11T07:19:35.000Z","volume":2000,"label":" ","price":4.71},{"type":"B","date":"2018-04-11T07:19:40.000Z","volume":2000,"label":" ","price":4.71},{"type":"B","date":"2018-04-11T07:20:02.000Z","volume":24000,"label":" ","price":4.71},{"type":"B","date":"2018-04-11T07:27:14.000Z","volume":3000,"label":" ","price":4.72},{"type":"B","date":"2018-04-11T07:27:19.000Z","volume":10000,"label":" ","price":4.72},{"type":"B","date":"2018-04-11T07:27:23.000Z","volume":500,"label":"Y","price":4.72},{"type":"B","date":"2018-04-11T07:27:23.000Z","volume":2000,"label":" ","price":4.72},{"type":"B","date":"2018-04-11T07:27:59.000Z","volume":10000,"label":" ","price":4.73},{"type":"B","date":"2018-04-11T07:28:00.000Z","volume":2500,"label":" ","price":4.73},{"type":"B","date":"2018-04-11T07:28:17.000Z","volume":61500,"label":" ","price":4.73},{"type":"B","date":"2018-04-11T07:28:17.000Z","volume":5000,"label":"Y","price":4.72},{"type":"B","date":"2018-04-11T07:28:17.000Z","volume":500,"label":" ","price":4.72},{"type":"B","date":"2018-04-11T07:28:17.000Z","volume":4000,"label":" ","price":4.71},{"type":"U","date":"2018-04-11T07:29:06.000Z","volume":5000,"label":" ","price":4.72},{"type":"A","date":"2018-04-11T07:29:06.000Z","volume":5000,"label":" ","price":4.72},{"type":"A","date":"2018-04-11T07:29:06.000Z","volume":2500,"label":" ","price":4.72},{"type":"B","date":"2018-04-11T07:29:08.000Z","volume":2500,"label":" ","price":4.72},{"type":"B","date":"2018-04-11T07:29:09.000Z","volume":2500,"label":" ","price":4.72},{"type":"B","date":"2018-04-11T07:29:14.000Z","volume":1500,"label":" ","price":4.72},{"type":"B","date":"2018-04-11T07:29:19.000Z","volume":1500,"label":" ","price":4.72},{"type":"B","date":"2018-04-11T07:29:21.000Z","volume":5500,"label":" ","price":4.72},{"type":"B","date":"2018-04-11T07:30:06.000Z","volume":500,"label":" ","price":4.71},{"type":"B","date":"2018-04-11T07:30:11.000Z","volume":10000,"label":" ","price":4.71},{"type":"B","date":"2018-04-11T07:30:16.000Z","volume":4500,"label":" ","price":4.71},{"type":"B","date":"2018-04-11T07:30:16.000Z","volume":3000,"label":"Y","price":4.71},{"type":"B","date":"2018-04-11T07:30:21.000Z","volume":1000,"label":" ","price":4.71},{"type":"B","date":"2018-04-11T07:30:24.000Z","volume":2500,"label":" ","price":4.72},{"type":"B","date":"2018-04-11T07:30:24.000Z","volume":9000,"label":" ","price":4.72},{"type":"A","date":"2018-04-11T07:30:24.000Z","volume":2500,"label":" ","price":4.72},{"type":"B","date":"2018-04-11T07:31:03.000Z","volume":4000,"label":" ","price":4.71},{"type":"B","date":"2018-04-11T07:31:08.000Z","volume":1500,"label":" ","price":4.71},{"type":"A","date":"2018-04-11T07:31:23.000Z","volume":113500,"label":" ","price":4.73},{"type":"A","date":"2018-04-11T07:31:23.000Z","volume":500,"label":" ","price":4.74},{"type":"B","date":"2018-04-11T07:31:25.000Z","volume":3000,"label":" ","price":4.73},{"type":"A","date":"2018-04-11T07:32:58.000Z","volume":5000,"label":" ","price":4.74},{"type":"A","date":"2018-04-11T07:33:48.000Z","volume":26000,"label":" ","price":4.74},{"type":"A","date":"2018-04-11T07:33:49.000Z","volume":4500,"label":" ","price":4.74},{"type":"B","date":"2018-04-11T07:34:12.000Z","volume":1500,"label":" ","price":4.73},{"type":"A","date":"2018-04-11T07:34:15.000Z","volume":2000,"label":" ","price":4.74},{"type":"B","date":"2018-04-11T07:34:17.000Z","volume":3000,"label":" ","price":4.73},{"type":"A","date":"2018-04-11T07:34:50.000Z","volume":1500,"label":" ","price":4.74},{"type":"A","date":"2018-04-11T07:40:48.000Z","volume":7500,"label":" ","price":4.75},{"type":"B","date":"2018-04-11T07:40:50.000Z","volume":3000,"label":" ","price":4.74},{"type":"A","date":"2018-04-11T07:40:50.000Z","volume":500,"label":" ","price":4.75},{"type":"A","date":"2018-04-11T07:41:00.000Z","volume":68500,"label":" ","price":4.75},{"type":"B","date":"2018-04-11T07:41:00.000Z","volume":17500,"label":" ","price":4.74},{"type":"A","date":"2018-04-11T07:41:00.000Z","volume":45500,"label":" ","price":4.75},{"type":"A","date":"2018-04-11T07:41:01.000Z","volume":44000,"label":" ","price":4.75},{"type":"A","date":"2018-04-11T07:41:01.000Z","volume":500,"label":" ","price":4.75},{"type":"A","date":"2018-04-11T07:41:01.000Z","volume":2500,"label":"Y","price":4.75},{"type":"B","date":"2018-04-11T07:41:01.000Z","volume":6000,"label":" ","price":4.74},{"type":"A","date":"2018-04-11T07:41:02.000Z","volume":1000,"label":" ","price":4.76}