[{"type":"U","date":"2018-04-16T01:20:00.000Z","volume":3660000,"label":"U","price":0.166},{"type":"B","date":"2018-04-16T01:30:00.000Z","volume":500000,"label":" ","price":0.165},{"type":"B","date":"2018-04-16T01:30:00.000Z","volume":20000,"label":" ","price":0.165},{"type":"A","date":"2018-04-16T01:30:00.000Z","volume":100000,"label":" ","price":0.166},{"type":"A","date":"2018-04-16T01:30:00.000Z","volume":20000,"label":" ","price":0.166},{"type":"A","date":"2018-04-16T01:30:01.000Z","volume":20000,"label":" ","price":0.167},{"type":"A","date":"2018-04-16T01:30:01.000Z","volume":40000,"label":" ","price":0.168},{"type":"A","date":"2018-04-16T01:30:01.000Z","volume":40000,"label":" ","price":0.169},{"type":"B","date":"2018-04-16T01:30:02.000Z","volume":460000,"label":" ","price":0.167},{"type":"B","date":"2018-04-16T01:30:02.000Z","volume":540000,"label":" ","price":0.166},{"type":"B","date":"2018-04-16T01:30:02.000Z","volume":40000,"label":" ","price":0.166},{"type":"B","date":"2018-04-16T01:30:02.000Z","volume":100000,"label":" ","price":0.166},{"type":"B","date":"2018-04-16T01:30:02.000Z","volume":320000,"label":" ","price":0.166},{"type":"A","date":"2018-04-16T01:30:03.000Z","volume":100000,"label":" ","price":0.168},{"type":"B","date":"2018-04-16T01:30:04.000Z","volume":120000,"label":" ","price":0.166},{"type":"B","date":"2018-04-16T01:30:04.000Z","volume":240000,"label":"Y","price":0.164},{"type":"B","date":"2018-04-16T01:30:04.000Z","volume":40000,"label":"Y","price":0.165},{"type":"B","date":"2018-04-16T01:30:05.000Z","volume":20000,"label":" ","price":0.163},{"type":"B","date":"2018-04-16T01:30:05.000Z","volume":20000,"label":" ","price":0.163},{"type":"A","date":"2018-04-16T01:30:05.000Z","volume":40000,"label":" ","price":0.165},{"type":"A","date":"2018-04-16T01:30:06.000Z","volume":60000,"label":" ","price":0.165},{"type":"A","date":"2018-04-16T01:30:06.000Z","volume":120000,"label":" ","price":0.165},{"type":"A","date":"2018-04-16T01:30:06.000Z","volume":20000,"label":" ","price":0.166},{"type":"A","date":"2018-04-16T01:30:06.000Z","volume":20000,"label":" ","price":0.166},{"type":"A","date":"2018-04-16T01:30:07.000Z","volume":20000,"label":" ","price":0.166},{"type":"A","date":"2018-04-16T01:30:07.000Z","volume":20000,"label":" ","price":0.166},{"type":"B","date":"2018-04-16T01:30:10.000Z","volume":100000,"label":" ","price":0.164},{"type":"B","date":"2018-04-16T01:30:10.000Z","volume":100000,"label":" ","price":0.163},{"type":"A","date":"2018-04-16T01:30:10.000Z","volume":200000,"label":" ","price":0.166},{"type":"A","date":"2018-04-16T01:30:12.000Z","volume":40000,"label":"Y","price":0.165},{"type":"A","date":"2018-04-16T01:30:12.000Z","volume":80000,"label":" ","price":0.165},{"type":"A","date":"2018-04-16T01:30:12.000Z","volume":500000,"label":" ","price":0.166},{"type":"B","date":"2018-04-16T01:30:14.000Z","volume":300000,"label":" ","price":0.164},{"type":"A","date":"2018-04-16T01:30:15.000Z","volume":100000,"label":" ","price":0.165},{"type":"A","date":"2018-04-16T01:30:16.000Z","volume":40000,"label":" ","price":0.165},{"type":"A","date":"2018-04-16T01:30:17.000Z","volume":60000,"label":" ","price":0.165},{"type":"A","date":"2018-04-16T01:30:17.000Z","volume":40000,"label":" ","price":0.165},{"type":"A","date":"2018-04-16T01:30:17.000Z","volume":100000,"label":" ","price":0.166},{"type":"U","date":"2018-04-16T01:30:17.000Z","volume":200000,"label":" ","price":0.164},{"type":"B","date":"2018-04-16T01:30:18.000Z","volume":100000,"label":" ","price":0.163},{"type":"B","date":"2018-04-16T01:30:18.000Z","volume":800000,"label":" ","price":0.163},{"type":"A","date":"2018-04-16T01:30:18.000Z","volume":100000,"label":" ","price":0.165},{"type":"A","date":"2018-04-16T01:30:18.000Z","volume":100000,"label":" ","price":0.166},{"type":"A","date":"2018-04-16T01:30:18.000Z","volume":120000,"label":" ","price":0.165},{"type":"U","date":"2018-04-16T01:30:19.000Z","volume":300000,"label":" ","price":0.164},{"type":"B","date":"2018-04-16T01:30:19.000Z","volume":680000,"label":" ","price":0.164},{"type":"B","date":"2018-04-16T01:30:19.000Z","volume":280000,"label":" ","price":0.164},{"type":"B","date":"2018-04-16T01:30:20.000Z","volume":260000,"label":" ","price":0.164},{"type":"A","date":"2018-04-16T01:30:20.000Z","volume":20000,"label":" ","price":0.166},{"type":"B","date":"2018-04-16T01:30:20.000Z","volume":160000,"label":" ","price":0.164},{"type":"A","date":"2018-04-16T01:30:20.000Z","volume":300000,"label":" ","price":0.166},{"type":"A","date":"2018-04-16T01:30:20.000Z","volume":100000,"label":" ","price":0.166},{"type":"A","date":"2018-04-16T01:30:21.000Z","volume":300000,"label":" ","price":0.166},{"type":"B","date":"2018-04-16T01:30:21.000Z","volume":40000,"label":" ","price":0.164},{"type":"B","date":"2018-04-16T01:30:21.000Z","volume":60000,"label":" ","price":0.164},{"type":"A","date":"2018-04-16T01:30:23.000Z","volume":120000,"label":" ","price":0.165},{"type":"A","date":"2018-04-16T01:30:23.000Z","volume":80000,"label":" ","price":0.165},{"type":"A","date":"2018-04-16T01:30:23.000Z","volume":100000,"label":" ","price":0.166},{"type":"A","date":"2018-04-16T01:30:24.000Z","volume":80000,"label":" ","price":0.166},{"type":"A","date":"2018-04-16T01:30:24.000Z","volume":40000,"label":"Y","price":0.166},{"type":"A","date":"2018-04-16T01:30:24.000Z","volume":60000,"label":" ","price":0.166},{"type":"B","date":"2018-04-16T01:30:25.000Z","volume":200000,"label":" ","price":0.165},{"type":"A","date":"2018-04-16T01:30:25.000Z","volume":100000,"label":"Y","price":0.166},{"type":"A","date":"2018-04-16T01:30:28.000Z","volume":20000,"label":" ","price":0.165},{"type":"A","date":"2018-04-16T01:30:29.000Z","volume":20000,"label":" ","price":0.165},{"type":"A","date":"2018-04-16T01:30:31.000Z","volume":60000,"label":" ","price":0.165},{"type":"A","date":"2018-04-16T01:30:31.000Z","volume":40000,"label":" ","price":0.166},{"type":"B","date":"2018-04-16T01:30:32.000Z","volume":20000,"label":" ","price":0.165},{"type":"A","date":"2018-04-16T01:30:34.000Z","volume":760000,"label":" ","price":0.166},{"type":"A","date":"2018-04-16T01:30:37.000Z","volume":20000,"label":" ","price":0.166},{"type":"B","date":"2018-04-16T01:30:39.000Z","volume":400000,"label":" ","price":0.166},{"type":"A","date":"2018-04-16T01:30:40.000Z","volume":200000,"label":"Y","price":0.165},{"type":"A","date":"2018-04-16T01:30:42.000Z","volume":20000,"label":" ","price":0.165},{"type":"A","date":"2018-04-16T01:30:42.000Z","volume":200000,"label":" ","price":0.165},{"type":"A","date":"2018-04-16T01:30:44.000Z","volume":300000,"label":" ","price":0.165},{"type":"A","date":"2018-04-16T01:30:45.000Z","volume":80000,"label":" ","price":0.165},{"type":"A","date":"2018-04-16T01:30:45.000Z","volume":20000,"label":" ","price":0.166},{"type":"B","date":"2018-04-16T01:30:46.000Z","volume":100000,"label":" ","price":0.166},{"type":"A","date":"2018-04-16T01:30:52.000Z","volume":200000,"label":" ","price":0.166},{"type":"A","date":"2018-04-16T01:30:53.000Z","volume":80000,"label":" ","price":0.166},{"type":"B","date":"2018-04-16T01:30:54.000Z","volume":20000,"label":"Y","price":0.166},{"type":"B","date":"2018-04-16T01:30:54.000Z","volume":300000,"label":" ","price":0.166},{"type":"B","date":"2018-04-16T01:30:54.000Z","volume":100000,"label":" ","price":0.166},{"type":"A","date":"2018-04-16T01:30:54.000Z","volume":200000,"label":" ","price":0.166},{"type":"B","date":"2018-04-16T01:30:57.000Z","volume":20000,"label":" ","price":0.165},{"type":"B","date":"2018-04-16T01:30:57.000Z","volume":180000,"label":" ","price":0.165},{"type":"A","date":"2018-04-16T01:31:01.000Z","volume":20000,"label":" ","price":0.166},{"type":"A","date":"2018-04-16T01:31:03.000Z","volume":140000,"label":" ","price":0.166},{"type":"A","date":"2018-04-16T01:31:06.000Z","volume":760000,"label":" ","price":0.166},{"type":"A","date":"2018-04-16T01:31:06.000Z","volume":1040000,"label":" ","price":0.166},{"type":"A","date":"2018-04-16T01:31:10.000Z","volume":300000,"label":" ","price":0.167},{"type":"A","date":"2018-04-16T01:31:12.000Z","volume":1600000,"label":" ","price":0.168},{"type":"A","date":"2018-04-16T01:31:12.000Z","volume":1660000,"label":" ","price":0.169},{"type":"A","date":"2018-04-16T01:31:12.000Z","volume":740000,"label":" ","price":0.17},{"type":"A","date":"2018-04-16T01:31:14.000Z","volume":400000,"label":"Y","price":0.17},{"type":"B","date":"2018-04-16T01:31:15.000Z","volume":200000,"label":" ","price":0.166},{"type":"A","date":"2018-04-16T01:31:18.000Z","volume":1000000,"label":" ","price":0.17},{"type":"A","date":"2018-04-16T01:31:21.000Z","volume":300000,"label":" ","price":0.17},{"type":"B","date":"2018-04-16T01:31:23.000Z","volume":80000,"label":" ","price":0.168},{"type":"B","date":"2018-04-16T01:31:24.000Z","volume":100000,"label":" ","price":0.167},{"type":"A","date":"2018-04-16T01:31:27.000Z","volume":40000,"label":" ","price":0.17},{"type":"B","date":"2018-04-16T01:31:36.000Z","volume":20000,"label":" ","price":0.168},{"type":"A","date":"2018-04-16T01:31:40.000Z","volume":360000,"label":" ","price":0.17},{"type":"A","date":"2018-04-16T01:31:40.000Z","volume":40000,"label":" ","price":0.17},{"type":"U","date":"2018-04-16T01:31:43.000Z","volume":60000,"label":" ","price":0.17},{"type":"B","date":"2018-04-16T01:31:46.000Z","volume":180000,"label":" ","price":0.168},{"type":"B","date":"2018-04-16T01:31:46.000Z","volume":480000,"label":" ","price":0.167},{"type":"A","date":"2018-04-16T01:31:47.000Z","volume":40000,"label":" ","price":0.167},{"type":"A","date":"2018-04-16T01:31:47.000Z","volume":60000,"label":" ","price":0.169},{"type":"A","date":"2018-04-16T01:31:58.000Z","volume":60000,"label":" ","price":0.169},{"type":"A","date":"2018-04-16T01:32:01.000Z","volume":100000,"label":" ","price":0.169},{"type":"A","date":"2018-04-16T01:32:04.000Z","volume":60000,"label":"Y","price":0.169},{"type":"A","date":"2018-04-16T01:32:07.000Z","volume":700000,"label":" ","price":0.169},{"type":"A","date":"2018-04-16T01:32:08.000Z","volume":40000,"label":" ","price":0.169},{"type":"A","date":"2018-04-16T01:32:10.000Z","volume":40000,"label":" ","price":0.169},{"type":"A","date":"2018-04-16T01:32:15.000Z","volume":220000,"label":" ","price":0.168},{"type":"A","date":"2018-04-16T01:32:15.000Z","volume":680000,"label":" ","price":0.169},{"type":"B","date":"2018-04-16T01:32:20.000Z","volume":100000,"label":"Y","price":0.167},{"type":"A","date":"2018-04-16T01:32:21.000Z","volume":80000,"label":" ","price":0.168},{"type":"A","date":"2018-04-16T01:32:22.000Z","volume":60000,"label":"Y","price":0.168},{"type":"B","date":"2018-04-16T01:32:23.000Z","volume":100000,"label":" ","price":0.167},{"type":"A","date":"2018-04-16T01:32:50.000Z","volume":80000,"label":" ","price":0.168},{"type":"A","date":"2018-04-16T01:32:56.000Z","volume":100000,"label":" ","price":0.168},{"type":"B","date":"2018-04-16T01:32:59.000Z","volume":400000,"label":" ","price":0.166},{"type":"B","date":"2018-04-16T01:32:59.000Z","volume":400000,"label":" ","price":0.166},{"type":"B","date":"2018-04-16T01:33:05.000Z","volume":60000,"label":" ","price":0.165},{"type":"B","date":"2018-04-16T01:33:08.000Z","volume":100000,"label":" ","price":0.165},{"type":"A","date":"2018-04-16T01:33:10.000Z","volume":20000,"label":" ","price":0.166},{"type":"B","date":"2018-04-16T01:33:13.000Z","volume":120000,"label":" ","price":0.165},{"type":"B","date":"2018-04-16T01:33:17.000Z","volume":920000,"label":" ","price":0.165},{"type":"B","date":"2018-04-16T01:33:18.000Z","volume":100000,"label":" ","price":0.164},{"type":"B","date":"2018-04-16T01:33:18.000Z","volume":1000000,"label":" ","price":0.164},{"type":"B","date":"2018-04-16T01:33:18.000Z","volume":120000,"label":" ","price":0.164},{"type":"B","date":"2018-04-16T01:33:20.000Z","volume":20000,"label":" ","price":0.164},{"type":"B","date":"2018-04-16T01:33:22.000Z","volume":980000,"label":" ","price":0.164},{"type":"B","date":"2018-04-16T01:33:22.000Z","volume":20000,"label":" ","price":0.163},{"type":"B","date":"2018-04-16T01:33:25.000Z","volume":20000,"label":" ","price":0.163},{"type":"B","date":"2018-04-16T01:33:25.000Z","volume":60000,"label":" ","price":0.163},{"type":"A","date":"2018-04-16T01:33:27.000Z","volume":100000,"label":" ","price":0.163},{"type":"A","date":"2018-04-16T01:33:29.000Z","volume":80000,"label":" ","price":0.163},{"type":"A","date":"2018-04-16T01:33:29.000Z","volume":420000,"label":" ","price":0.164},{"type":"B","date":"2018-04-16T01:33:35.000Z","volume":20000,"label":" ","price":0.162},{"type":"B","date":"2018-04-16T01:33:37.000Z","volume":40000,"label":" ","price":0.16},{"type":"B","date":"2018-04-16T01:33:59.000Z","volume":280000,"label":" ","price":0.16},{"type":"B","date":"2018-04-16T01:34:00.000Z","volume":180000,"label":" ","price":0.16},{"type":"B","date":"2018-04-16T01:34:00.000Z","volume":20000,"label":" ","price":0.16},{"type":"B","date":"2018-04-16T01:34:03.000Z","volume":60000,"label":" ","price":0.16},{"type":"B","date":"2018-04-16T01:34:03.000Z","volume":120000,"label":" ","price":0.16},{"type":"B","date":"2018-04-16T01:34:03.000Z","volume":20000,"label":" ","price":0.16},{"type":"A","date":"2018-04-16T01:34:14.000Z","volume":120000,"label":" ","price":0.16},{"type":"B","date":"2018-04-16T01:34:15.000Z","volume":80000,"label":" ","price":0.16},{"type":"A","date":"2018-04-16T01:34:17.000Z","volume":100000,"label":" ","price":0.16},{"type":"A","date":"2018-04-16T01:34:18.000Z","volume":100000,"label":" ","price":0.16},{"type":"B","date":"2018-04-16T01:34:23.000Z","volume":140000,"label":" ","price":0.158},{"type":"B","date":"2018-04-16T01:34:25.000Z","volume":360000,"label":"Y","price":0.158},{"type":"B","date":"2018-04-16T01:34:25.000Z","volume":360000,"label":" ","price":0.158},{"type":"A","date":"2018-04-16T01:34:26.000Z","volume":320000,"label":" ","price":0.16},{"type":"A","date":"2018-04-16T01:34:37.000Z","volume":20000,"label":" ","price":0.162},{"type":"A","date":"2018-04-16T01:34:42.000Z","volume":20000,"label":" ","price":0.163},{"type":"A","date":"2018-04-16T01:34:42.000Z","volume":40000,"label":" ","price":0.164},{"type":"B","date":"2018-04-16T01:34:43.000Z","volume":20000,"label":" ","price":0.162},{"type":"B","date":"2018-04-16T01:34:50.000Z","volume":300000,"label":" ","price":0.16},{"type":"A","date":"2018-04-16T01:35:20.000Z","volume":200000,"label":" ","price":0.162},{"type":"B","date":"2018-04-16T01:35:30.000Z","volume":300000,"label":" ","price":0.162},{"type":"B","date":"2018-04-16T01:35:40.000Z","volume":500000,"label":" ","price":0.162},{"type":"B","date":"2018-04-16T01:35:46.000Z","volume":740000,"label":" ","price":0.16},{"type":"A","date":"2018-04-16T01:35:54.000Z","volume":120000,"label":" ","price":0.162},{"type":"A","date":"2018-04-16T01:35:55.000Z","volume":20000,"label":" ","price":0.162},{"type":"A","date":"2018-04-16T01:36:09.000Z","volume":80000,"label":" ","price":0.16},{"type":"A","date":"2018-04-16T01:36:09.000Z","volume":20000,"label":" ","price":0.16},{"type":"A","date":"2018-04-16T01:36:47.000Z","volume":180000,"label":" ","price":0.16},{"type":"B","date":"2018-04-16T01:36:57.000Z","volume":120000,"label":" ","price":0.16},{"type":"B","date":"2018-04-16T01:36:57.000Z","volume":140000,"label":" ","price":0.159},{"type":"A","date":"2018-04-16T01:36:59.000Z","volume":40000,"label":" ","price":0.159},{"type":"A","date":"2018-04-16T01:37:05.000Z","volume":200000,"label":" ","price":0.159},{"type":"B","date":"2018-04-16T01:37:32.000Z","volume":20000,"label":"Y","price":0.16},{"type":"B","date":"2018-04-16T01:37:43.000Z","volume":100000,"label":" ","price":0.159},{"type":"B","date":"2018-04-16T01:37:52.000Z","volume":20000,"label":" ","price":0.159},{"type":"B","date":"2018-04-16T01:37:52.000Z","volume":80000,"label":" ","price":0.158},{"type":"B","date":"2018-04-16T01:37:53.000Z","volume":460000,"label":" ","price":0.158},{"type":"U","date":"2018-04-16T01:38:02.000Z","volume":40000,"label":" ","price":0.157},{"type":"B","date":"2018-04-16T01:38:26.000Z","volume":1000000,"label":" ","price":0.156},{"type":"B","date":"2018-04-16T01:38:39.000Z","volume":1500000,"label":" ","price":0.155},{"type":"B","date":"2018-04-16T01:38:48.000Z","volume":100000,"label":" ","price":0.154},{"type":"B","date":"2018-04-16T01:38:49.000Z","volume":60000,"label":" ","price":0.154},{"type":"B","date":"2018-04-16T01:39:03.000Z","volume":100000,"label":" ","price":0.152},{"type":"A","date":"2018-04-16T01:39:04.000Z","volume":40000,"label":" ","price":0.154},{"type":"A","date":"2018-04-16T01:39:08.000Z","volume":200000,"label":" ","price":0.154},{"type":"A","date":"2018-04-16T01:40:26.000Z","volume":60000,"label":" ","price":0.157},{"type":"A","date":"2018-04-16T01:40:58.000Z","volume":120000,"label":" ","price":0.158},{"type":"B","date":"2018-04-16T01:41:00.000Z","volume":100000,"label":" ","price":0.157},{"type":"B","date":"2018-04-16T01:41:00.000Z","volume":80000,"label":" ","price":0.155},{"type":"A","date":"2018-04-16T01:41:20.000Z","volume":100000,"label":" ","price":0.155},{"type":"A","date":"2018-04-16T01:41:32.000Z","volume":220000,"label":" ","price":0.155},{"type":"B","date":"2018-04-16T01:42:12.000Z","volume":380000,"label":" ","price":0.155},{"type":"B","date":"2018-04-16T01:42:14.000Z","volume":40000,"label":" ","price":0.154},{"type":"B","date":"2018-04-16T01:42:16.000Z","volume":40000,"label":" ","price":0.154},{"type":"A","date":"2018-04-16T01:42:20.000Z","volume":500000,"label":" ","price":0.155},{"type":"B","date":"2018-04-16T01:42:21.000Z","volume":100000,"label":" ","price":0.154},{"type":"B","date":"2018-04-16T01:42:39.000Z","volume":140000,"label":" ","price":0.154},{"type":"B","date":"2018-04-16T01:43:11.000Z","volume":800000,"label":" ","price":0.153},{"type":"B","date":"2018-04-16T01:43:20.000Z","volume":200000,"label":" ","price":0.152},{"type":"A","date":"2018-04-16T01:43:28.000Z","volume":40000,"label":" ","price":0.153},{"type":"B","date":"2018-04-16T01:43:44.000Z","volume":20000,"label":" ","price":0.153},{"type":"B","date":"2018-04-16T01:43:44.000Z","volume":80000,"label":" ","price":0.153},{"type":"B","date":"2018-04-16T01:44:13.000Z","volume":40000,"label":" ","price":0.153},{"type":"B","date":"2018-04-16T01:44:23.000Z","volume":20000,"label":" ","price":0.153},{"type":"A","date":"2018-04-16T01:44:42.000Z","volume":260000,"label":" ","price":0.153},{"type":"A","date":"2018-04-16T01:44:50.000Z","volume":240000,"label":" ","price":0.153},{"type":"B","date":"2018-04-16T01:44:57.000Z","volume":80000,"label":" ","price":0.152},{"type":"A","date":"2018-04-16T01:45:11.000Z","volume":1000000,"label":" ","price":0.153},{"type":"A","date":"2018-04-16T01:45:27.000Z","volume":60000,"label":" ","price":0.153},{"type":"A","date":"2018-04-16T01:45:31.000Z","volume":500000,"label":" ","price":0.153},{"type":"A","date":"2018-04-16T01:45:31.000Z","volume":100000,"label":" ","price":0.153},{"type":"A","date":"2018-04-16T01:45:32.000Z","volume":40000,"label":" ","price":0.153},{"type":"A","date":"2018-04-16T01:45:35.000Z","volume":380000,"label":" ","price":0.153},{"type":"A","date":"2018-04-16T01:45:35.000Z","volume":40000,"label":" ","price":0.154},{"type":"A","date":"2018-04-16T01:46:04.000Z","volume":100000,"label":" ","price":0.154},{"type":"A","date":"2018-04-16T01:46:05.000Z","volume":300000,"label":" ","price":0.154},{"type":"A","date":"2018-04-16T01:46:05.000Z","volume":60000,"label":" ","price":0.154},{"type":"A","date":"2018-04-16T01:46:06.000Z","volume":240000,"label":" ","price":0.154},{"type":"B","date":"2018-04-16T01:46:24.000Z","volume":300000,"label":" ","price":0.153},{"type":"A","date":"2018-04-16T01:46:34.000Z","volume":220000,"label":" ","price":0.153},{"type":"A","date":"2018-04-16T01:46:37.000Z","volume":1000000,"label":" ","price":0.153},{"type":"B","date":"2018-04-16T01:46:38.000Z","volume":520000,"label":" ","price":0.152},{"type":"A","date":"2018-04-16T01:46:38.000Z","volume":780000,"label":" ","price":0.153},{"type":"B","date":"2018-04-16T01:46:41.000Z","volume":220000,"label":" ","price":0.153},{"type":"B","date":"2018-04-16T01:46:41.000Z","volume":380000,"label":" ","price":0.152},{"type":"B","date":"2018-04-16T01:46:55.000Z","volume":40000,"label":" ","price":0.152},{"type":"B","date":"2018-04-16T01:47:00.000Z","volume":100000,"label":" ","price":0.152},{"type":"B","date":"2018-04-16T01:47:09.000Z","volume":100000,"label":" ","price":0.151},{"type":"B","date":"2018-04-16T01:47:09.000Z","volume":400000,"label":" ","price":0.15},{"type":"A","date":"2018-04-16T01:47:14.000Z","volume":160000,"label":" ","price":0.152},{"type":"B","date":"2018-04-16T01:47:20.000Z","volume":200000,"label":" ","price":0.15},{"type":"A","date":"2018-04-16T01:47:39.000Z","volume":160000,"label":" ","price":0.15},{"type":"A","date":"2018-04-16T01:47:41.000Z","volume":40000,"label":" ","price":0.15},{"type":"A","date":"2018-04-16T01:48:05.000Z","volume":100000,"label":" ","price":0.15},{"type":"A","date":"2018-04-16T01:48:35.000Z","volume":20000,"label":" ","price":0.152},{"type":"A","date":"2018-04-16T01:48:47.000Z","volume":20000,"label":" ","price":0.15},{"type":"B","date":"2018-04-16T01:49:06.000Z","volume":200000,"label":" ","price":0.149},{"type":"A","date":"2018-04-16T01:49:07.000Z","volume":40000,"label":" ","price":0.15},{"type":"A","date":"2018-04-16T01:49:08.000Z","volume":40000,"label":" ","price":0.15},{"type":"A","date":"2018-04-16T01:49:08.000Z","volume":40000,"label":" ","price":0.151},{"type":"A","date":"2018-04-16T01:50:02.000Z","volume":20000,"label":" ","price":0.15},{"type":"A","date":"2018-04-16T01:50:05.000Z","volume":40000,"label":" ","price":0.15},{"type":"B","date":"2018-04-16T01:51:07.000Z","volume":100000,"label":" ","price":0.15},{"type":"B","date":"2018-04-16T01:51:15.000Z","volume":60000,"label":" ","price":0.15},{"type":"B","date":"2018-04-16T01:51:19.000Z","volume":40000,"label":" ","price":0.15},{"type":"A","date":"2018-04-16T01:51:35.000Z","volume":120000,"label":" ","price":0.151},{"type":"B","date":"2018-04-16T01:51:38.000Z","volume":400000,"label":" ","price":0.151},{"type":"B","date":"2018-04-16T01:51:38.000Z","volume":260000,"label":" ","price":0.15},{"type":"A","date":"2018-04-16T01:51:53.000Z","volume":260000,"label":" ","price":0.152},{"type":"A","date":"2018-04-16T01:51:56.000Z","volume":80000,"label":" ","price":0.152},{"type":"B","date":"2018-04-16T01:52:02.000Z","volume":60000,"label":" ","price":0.151},{"type":"A","date":"2018-04-16T01:52:31.000Z","volume":100000,"label":" ","price":0.152},{"type":"A","date":"2018-04-16T01:53:01.000Z","volume":80000,"label":" ","price":0.152},{"type":"B","date":"2018-04-16T01:53:04.000Z","volume":400000,"label":" ","price":0.151},{"type":"B","date":"2018-04-16T01:53:09.000Z","volume":240000,"label":" ","price":0.15},{"type":"A","date":"2018-04-16T01:53:14.000Z","volume":60000,"label":" ","price":0.15},{"type":"B","date":"2018-04-16T01:53:19.000Z","volume":100000,"label":" ","price":0.15},{"type":"A","date":"2018-04-16T01:53:29.000Z","volume":160000,"label":" ","price":0.151},{"type":"B","date":"2018-04-16T01:53:46.000Z","volume":260000,"label":"Y","price":0.15},{"type":"B","date":"2018-04-16T01:53:46.000Z","volume":40000,"label":" ","price":0.15},{"type":"B","date":"2018-04-16T01:54:18.000Z","volume":100000,"label":" ","price":0.15},{"type":"A","date":"2018-04-16T01:54:24.000Z","volume":20000,"label":" ","price":0.15},{"type":"A","date":"2018-04-16T01:54:38.000Z","volume":80000,"label":" ","price":0.15},{"type":"B","date":"2018-04-16T01:54:46.000Z","volume":40000,"label":" ","price":0.15},{"type":"A","date":"2018-04-16T01:55:12.000Z","volume":20000,"label":" ","price":0.151},{"type":"A","date":"2018-04-16T01:55:35.000Z","volume":300000,"label":" ","price":0.151},{"type":"A","date":"2018-04-16T01:55:35.000Z","volume":20000,"label":" ","price":0.151},{"type":"B","date":"2018-04-16T01:56:29.000Z","volume":400000,"label":" ","price":0.15},{"type":"A","date":"2018-04-16T01:56:32.000Z","volume":200000,"label":" ","price":0.15},{"type":"B","date":"2018-04-16T01:56:36.000Z","volume":40000,"label":" ","price":0.149},{"type":"A","date":"2018-04-16T01:57:32.000Z","volume":100000,"label":" ","price":0.15},{"type":"A","date":"2018-04-16T01:57:35.000Z","volume":460000,"label":" ","price":0.15},{"type":"A","date":"2018-04-16T01:57:35.000Z","volume":180000,"label":" ","price":0.15},{"type":"A","date":"2018-04-16T01:57:37.000Z","volume":260000,"label":" ","price":0.15},{"type":"U","date":"2018-04-16T01:57:39.000Z","volume":20000,"label":" ","price":0.151},{"type":"B","date":"2018-04-16T01:58:21.000Z","volume":500000,"label":" ","price":0.15},{"type":"B","date":"2018-04-16T01:58:26.000Z","volume":100000,"label":" ","price":0.15},{"type":"B","date":"2018-04-16T01:58:26.000Z","volume":40000,"label":" ","price":0.149},{"type":"B","date":"2018-04-16T01:59:42.000Z","volume":360000,"label":" ","price":0.149},{"type":"B","date":"2018-04-16T01:59:42.000Z","volume":1360000,"label":" ","price":0.148},{"type":"B","date":"2018-04-16T01:59:42.000Z","volume":20000,"label":"Y","price":0.147},{"type":"B","date":"2018-04-16T01:59:42.000Z","volume":420000,"label":" ","price":0.147},{"type":"B","date":"2018-04-16T01:59:42.000Z","volume":60000,"label":"Y","price":0.146},{"type":"B","date":"2018-04-16T02:00:20.000Z","volume":100000,"label":" ","price":0.147},{"type":"A","date":"2018-04-16T02:00:23.000Z","volume":200000,"label":" ","price":0.147},{"type":"A","date":"2018-04-16T02:00:23.000Z","volume":100000,"label":" ","price":0.148},{"type":"B","date":"2018-04-16T02:00:29.000Z","volume":200000,"label":" ","price":0.147},{"type":"B","date":"2018-04-16T02:00:58.000Z","volume":60000,"label":" ","price":0.147},{"type":"A","date":"2018-04-16T02:01:38.000Z","volume":60000,"label":" ","price":0.148},{"type":"A","date":"2018-04-16T02:01:45.000Z","volume":340000,"label":" ","price":0.148},{"type":"A","date":"2018-04-16T02:03:03.000Z","volume":100000,"label":" ","price":0.149},{"type":"A","date":"2018-04-16T02:03:11.000Z","volume":200000,"label":" ","price":0.15},{"type":"A","date":"2018-04-16T02:03:18.000Z","volume":60000,"label":" ","price":0.15},{"type":"A","date":"2018-04-16T02:03:19.000Z","volume":40000,"label":" ","price":0.151},{"type":"B","date":"2018-04-16T02:03:23.000Z","volume":100000,"label":" ","price":0.15},{"type":"A","date":"2018-04-16T02:03:30.000Z","volume":100000,"label":" ","price":0.15},{"type":"A","date":"2018-04-16T02:03:39.000Z","volume":100000,"label":" ","price":0.15},{"type":"B","date":"2018-04-16T02:03:47.000Z","volume":100000,"label":" ","price":0.149},{"type":"A","date":"2018-04-16T02:04:02.000Z","volume":20000,"label":" ","price":0.149},{"type":"A","date":"2018-04-16T02:04:16.000Z","volume":20000,"label":" ","price":0.149},{"type":"A","date":"2018-04-16T02:04:20.000Z","volume":60000,"label":" ","price":0.149},{"type":"A","date":"2018-04-16T02:04:28.000Z","volume":100000,"label":" ","price":0.149},{"type":"A","date":"2018-04-16T02:04:40.000Z","volume":120000,"label":" ","price":0.149},{"type":"A","date":"2018-04-16T02:04:58.000Z","volume":60000,"label":" ","price":0.15},{"type":"A","date":"2018-04-16T02:05:06.000Z","volume":200000,"label":" ","price":0.15},{"type":"A","date":"2018-04-16T02:05:07.000Z","volume":740000,"label":" ","price":0.15},{"type":"A","date":"2018-04-16T02:05:07.000Z","volume":260000,"label":" ","price":0.15},{"type":"B","date":"2018-04-16T02:05:13.000Z","volume":20000,"label":" ","price":0.15},{"type":"B","date":"2018-04-16T02:05:13.000Z","volume":80000,"label":" ","price":0.15},{"type":"A","date":"2018-04-16T02:05:15.000Z","volume":100000,"label":" ","price":0.151},{"type":"U","date":"2018-04-16T02:05:16.000Z","volume":60000,"label":" ","price":0.15},{"type":"B","date":"2018-04-16T02:05:19.000Z","volume":40000,"label":" ","price":0.15},{"type":"B","date":"2018-04-16T02:05:50.000Z","volume":80000,"label":" ","price":0.15},{"type":"B","date":"2018-04-16T02:05:51.000Z","volume":100000,"label":" ","price":0.15},{"type":"U","date":"2018-04-16T02:06:45.000Z","volume":200000,"label":" ","price":0.15},{"type":"A","date":"2018-04-16T02:06:55.000Z","volume":200000,"label":" ","price":0.151},{"type":"B","date":"2018-04-16T02:07:11.000Z","volume":1020000,"label":" ","price":0.149},{"type":"A","date":"2018-04-16T02:07:21.000Z","volume":80000,"label":" ","price":0.149},{"type":"A","date":"2018-04-16T02:07:30.000Z","volume":40000,"label":" ","price":0.15},{"type":"B","date":"2018-04-16T02:07:30.000Z","volume":60000,"label":" ","price":0.15},{"type":"A","date":"2018-04-16T02:07:49.000Z","volume":100000,"label":" ","price":0.15},{"type":"B","date":"2018-04-16T02:08:01.000Z","volume":100000,"label":" ","price":0.15},{"type":"B","date":"2018-04-16T02:08:03.000Z","volume":100000,"label":" ","price":0.15},{"type":"A","date":"2018-04-16T02:08:10.000Z","volume":100000,"label":" ","price":0.15},{"type":"A","date":"2018-04-16T02:08:10.000Z","volume":100000,"label":" ","price":0.151},{"type":"B","date":"2018-04-16T02:08:47.000Z","volume":100000,"label":" ","price":0.15},{"type":"U","date":"2018-04-16T02:09:10.000Z","volume":20000,"label":" ","price":0.15},{"type":"B","date":"2018-04-16T02:09:13.000Z","volume":100000,"label":" ","price":0.15},{"type":"A","date":"2018-04-16T02:09:27.000Z","volume":100000,"label":" ","price":0.151},{"type":"B","date":"2018-04-16T02:09:29.000Z","volume":260000,"label":" ","price":0.15},{"type":"B","date":"2018-04-16T02:09:30.000Z","volume":40000,"label":" ","price":0.15},{"type":"B","date":"2018-04-16T02:09:41.000Z","volume":160000,"label":" ","price":0.15},{"type":"B","date":"2018-04-16T02:11:55.000Z","volume":100000,"label":" ","price":0.15},{"type":"B","date":"2018-04-16T02:12:10.000Z","volume":680000,"label":" ","price":0.15},{"type":"A","date":"2018-04-16T02:12:51.000Z","volume":100000,"label":" ","price":0.151},{"type":"A","date":"2018-04-16T02:13:29.000Z","volume":260000,"label":" ","price":0.151},{"type":"A","date":"2018-04-16T02:13:43.000Z","volume":40000,"label":" ","price":0.151},{"type":"A","date":"2018-04-16T02:13:58.000Z","volume":160000,"label":" ","price":0.151},{"type":"A","date":"2018-04-16T02:14:14.000Z","volume":20000,"label":" ","price":0.151},{"type":"A","date":"2018-04-16T02:14:15.000Z","volume":80000,"label":" ","price":0.151},{"type":"B","date":"2018-04-16T02:14:22.000Z","volume":20000,"label":" ","price":0.151},{"type":"B","date":"2018-04-16T02:14:22.000Z","volume":160000,"label":" ","price":0.15},{"type":"B","date":"2018-04-16T02:14:44.000Z","volume":320000,"label":" ","price":0.15},{"type":"A","date":"2018-04-16T02:15:08.000Z","volume":300000,"label":" ","price":0.151},{"type":"A","date":"2018-04-16T02:15:32.000Z","volume":200000,"label":" ","price":0.151},{"type":"A","date":"2018-04-16T02:15:37.000Z","volume":40000,"label":" ","price":0.151},{"type":"A","date":"2018-04-16T02:17:04.000Z","volume":100000,"label":" ","price":0.151},{"type":"A","date":"2018-04-16T02:17:16.000Z","volume":180000,"label":" ","price":0.151},{"type":"A","date":"2018-04-16T02:17:16.000Z","volume":20000,"label":" ","price":0.151},{"type":"A","date":"2018-04-16T02:17:34.000Z","volume":100000,"label":" ","price":0.151},{"type":"A","date":"2018-04-16T02:17:44.000Z","volume":20000,"label":" ","price":0.151},{"type":"A","date":"2018-04-16T02:17:44.000Z","volume":60000,"label":" ","price":0.151},{"type":"A","date":"2018-04-16T02:17:44.000Z","volume":20000,"label":" ","price":0.151},{"type":"A","date":"2018-04-16T02:17:54.000Z","volume":20000,"label":" ","price":0.151},{"type":"B","date":"2018-04-16T02:19:15.000Z","volume":500000,"label":" ","price":0.15},{"type":"A","date":"2018-04-16T02:19:19.000Z","volume":100000,"label":" ","price":0.151},{"type":"A","date":"2018-04-16T02:19:28.000Z","volume":100000,"label":" ","price":0.151},{"type":"B","date":"2018-04-16T02:19:28.000Z","volume":100000,"label":" ","price":0.151},{"type":"A","date":"2018-04-16T02:19:31.000Z","volume":100000,"label":" ","price":0.151},{"type":"A","date":"2018-04-16T02:19:58.000Z","volume":40000,"label":" ","price":0.151},{"type":"A","date":"2018-04-16T02:20:08.000Z","volume":100000,"label":" ","price":0.151},{"type":"A","date":"2018-04-16T02:20:36.000Z","volume":60000,"label":" ","price":0.151},{"type":"A","date":"2018-04-16T02:20:58.000Z","volume":60000,"label":" ","price":0.151},{"type":"A","date":"2018-04-16T02:21:03.000Z","volume":140000,"label":" ","price":0.151},{"type":"A","date":"2018-04-16T02:21:06.000Z","volume":200000,"label":" ","price":0.151},{"type":"A","date":"2018-04-16T02:21:07.000Z","volume":100000,"label":" ","price":0.151},{"type":"A","date":"2018-04-16T02:21:11.000Z","volume":100000,"label":" ","price":0.151},{"type":"A","date":"2018-04-16T02:21:18.000Z","volume":200000,"label":" ","price":0.151},{"type":"B","date":"2018-04-16T02:21:18.000Z","volume":100000,"label":" ","price":0.151},{"type":"A","date":"2018-04-16T02:21:28.000Z","volume":100000,"label":" ","price":0.151},{"type":"A","date":"2018-04-16T02:21:28.000Z","volume":100000,"label":" ","price":0.151},{"type":"A","date":"2018-04-16T02:21:30.000Z","volume":60000,"label":" ","price":0.151},{"type":"A","date":"2018-04-16T02:22:20.000Z","volume":340000,"label":" ","price":0.152},{"type":"A","date":"2018-04-16T02:22:35.000Z","volume":200000,"label":" ","price":0.153},{"type":"A","date":"2018-04-16T02:22:36.000Z","volume":560000,"label":" ","price":0.153},{"type":"B","date":"2018-04-16T02:22:36.000Z","volume":100000,"label":" ","price":0.153},{"type":"B","date":"2018-04-16T02:22:37.000Z","volume":20000,"label":" ","price":0.153},{"type":"B","date":"2018-04-16T02:22:40.000Z","volume":200000,"label":" ","price":0.153},{"type":"B","date":"2018-04-16T02:22:51.000Z","volume":200000,"label":" ","price":0.153},{"type":"B","date":"2018-04-16T02:22:51.000Z","volume":100000,"label":" ","price":0.153},{"type":"B","date":"2018-04-16T02:22:58.000Z","volume":120000,"label":" ","price":0.153},{"type":"A","date":"2018-04-16T02:22:59.000Z","volume":100000,"label":" ","price":0.153},{"type":"B","date":"2018-04-16T02:23:05.000Z","volume":400000,"label":" ","price":0.153},{"type":"A","date":"2018-04-16T02:23:09.000Z","volume":500000,"label":"Y","price":0.153},{"type":"A","date":"2018-04-16T02:23:12.000Z","volume":100000,"label":" ","price":0.153},{"type":"A","date":"2018-04-16T02:23:14.000Z","volume":400000,"label":" ","price":0.153},{"type":"A","date":"2018-04-16T02:23:19.000Z","volume":20000,"label":" ","price":0.153},{"type":"A","date":"2018-04-16T02:23:19.000Z","volume":140000,"label":" ","price":0.153},{"type":"B","date":"2018-04-16T02:23:24.000Z","volume":100000,"label":" ","price":0.153},{"type":"B","date":"2018-04-16T02:23:26.000Z","volume":160000,"label":" ","price":0.153},{"type":"A","date":"2018-04-16T02:23:27.000Z","volume":20000,"label":" ","price":0.153},{"type":"A","date":"2018-04-16T02:23:29.000Z","volume":20000,"label":" ","price":0.153},{"type":"B","date":"2018-04-16T02:23:29.000Z","volume":20000,"label":" ","price":0.153},{"type":"B","date":"2018-04-16T02:23:41.000Z","volume":160000,"label":" ","price":0.153},{"type":"A","date":"2018-04-16T02:24:16.000Z","volume":40000,"label":" ","price":0.153},{"type":"A","date":"2018-04-16T02:24:20.000Z","volume":20000,"label":" ","price":0.153},{"type":"B","date":"2018-04-16T02:24:23.000Z","volume":700000,"label":" ","price":0.152},{"type":"A","date":"2018-04-16T02:24:32.000Z","volume":40000,"label":" ","price":0.152},{"type":"A","date":"2018-04-16T02:24:39.000Z","volume":200000,"label":" ","price":0.152},{"type":"A","date":"2018-04-16T02:24:40.000Z","volume":100000,"label":" ","price":0.152},{"type":"B","date":"2018-04-16T02:24:42.000Z","volume":100000,"label":" ","price":0.152},{"type":"A","date":"2018-04-16T02:24:58.000Z","volume":40000,"label":" ","price":0.153},{"type":"A","date":"2018-04-16T02:24:59.000Z","volume":20000,"label":"Y","price":0.153},{"type":"A","date":"2018-04-16T02:24:59.000Z","volume":480000,"label":" ","price":0.153},{"type":"A","date":"2018-04-16T02:25:03.000Z","volume":600000,"label":" ","price":0.154},{"type":"A","date":"2018-04-16T02:25:04.000Z","volume":40000,"label":" ","price":0.154},{"type":"A","date":"2018-04-16T02:25:05.000Z","volume":500000,"label":" ","price":0.154},{"type":"A","date":"2018-04-16T02:25:06.000Z","volume":280000,"label":" ","price":0.154},{"type":"A","date":"2018-04-16T02:25:06.000Z","volume":1720000,"label":" ","price":0.155},{"type":"A","date":"2018-04-16T02:25:08.000Z","volume":400000,"label":" ","price":0.155},{"type":"A","date":"2018-04-16T02:25:08.000Z","volume":400000,"label":" ","price":0.155},{"type":"A","date":"2018-04-16T02:25:08.000Z","volume":400000,"label":" ","price":0.155},{"type":"A","date":"2018-04-16T02:25:09.000Z","volume":300000,"label":" ","price":0.155},{"type":"B","date":"2018-04-16T02:25:37.000Z","volume":40000,"label":" ","price":0.155},{"type":"B","date":"2018-04-16T02:25:38.000Z","volume":140000,"label":" ","price":0.155},{"type":"A","date":"2018-04-16T02:25:40.000Z","volume":300000,"label":" ","price":0.155},{"type":"A","date":"2018-04-16T02:25:49.000Z","volume":20000,"label":" ","price":0.155},{"type":"A","date":"2018-04-16T02:25:57.000Z","volume":80000,"label":" ","price":0.155},{"type":"A","date":"2018-04-16T02:26:02.000Z","volume":400000,"label":" ","price":0.156},{"type":"A","date":"2018-04-16T02:26:03.000Z","volume":200000,"label":"Y","price":0.156},{"type":"A","date":"2018-04-16T02:26:03.000Z","volume":200000,"label":" ","price":0.156},{"type":"A","date":"2018-04-16T02:26:03.000Z","volume":500000,"label":" ","price":0.156},{"type":"A","date":"2018-04-16T02:26:04.000Z","volume":300000,"label":" ","price":0.156},{"type":"A","date":"2018-04-16T02:26:04.000Z","volume":360000,"label":" ","price":0.156},{"type":"A","date":"2018-04-16T02:26:04.000Z","volume":100000,"label":" ","price":0.156},{"type":"A","date":"2018-04-16T02:26:14.000Z","volume":20000,"label":" ","price":0.157},{"type":"B","date":"2018-04-16T02:26:22.000Z","volume":100000,"label":" ","price":0.156},{"type":"B","date":"2018-04-16T02:26:34.000Z","volume":40000,"label":" ","price":0.155},{"type":"B","date":"2018-04-16T02:26:38.000Z","volume":40000,"label":" ","price":0.155},{"type":"A","date":"2018-04-16T02:26:51.000Z","volume":500000,"label":" ","price":0.156},{"type":"A","date":"2018-04-16T02:27:01.000Z","volume":480000,"label":" ","price":0.156},{"type":"B","date":"2018-04-16T02:27:01.000Z","volume":20000,"label":" ","price":0.156},{"type":"B","date":"2018-04-16T02:27:02.000Z","volume":100000,"label":" ","price":0.156},{"type":"A","date":"2018-04-16T02:27:33.000Z","volume":100000,"label":" ","price":0.156},{"type":"A","date":"2018-04-16T02:27:49.000Z","volume":200000,"label":" ","price":0.156},{"type":"A","date":"2018-04-16T02:27:50.000Z","volume":100000,"label":" ","price":0.156},{"type":"B","date":"2018-04-16T02:27:56.000Z","volume":100000,"label":" ","price":0.156},{"type":"A","date":"2018-04-16T02:28:06.000Z","volume":40000,"label":" ","price":0.156},{"type":"A","date":"2018-04-16T02:28:07.000Z","volume":60000,"label":"Y","price":0.156},{"type":"A","date":"2018-04-16T02:28:07.000Z","volume":80000,"label":" ","price":0.156},{"type":"A","date":"2018-04-16T02:28:12.000Z","volume":440000,"label":" ","price":0.156},{"type":"A","date":"2018-04-16T02:28:49.000Z","volume":80000,"label":" ","price":0.157},{"type":"B","date":"2018-04-16T02:28:58.000Z","volume":480000,"label":" ","price":0.156},{"type":"A","date":"2018-04-16T02:29:02.000Z","volume":20000,"label":" ","price":0.156},{"type":"A","date":"2018-04-16T02:29:03.000Z","volume":40000,"label":" ","price":0.157},{"type":"A","date":"2018-04-16T02:29:04.000Z","volume":60000,"label":"Y","price":0.157},{"type":"A","date":"2018-04-16T02:29:04.000Z","volume":20000,"label":" ","price":0.157},{"type":"B","date":"2018-04-16T02:29:12.000Z","volume":300000,"label":" ","price":0.156},{"type":"A","date":"2018-04-16T02:29:42.000Z","volume":100000,"label":" ","price":0.156},{"type":"A","date":"2018-04-16T02:29:42.000Z","volume":200000,"label":" ","price":0.157},{"type":"B","date":"2018-04-16T02:30:07.000Z","volume":40000,"label":" ","price":0.156},{"type":"B","date":"2018-04-16T02:30:10.000Z","volume":200000,"label":" ","price":0.155},{"type":"A","date":"2018-04-16T02:30:11.000Z","volume":100000,"label":" ","price":0.155},{"type":"B","date":"2018-04-16T02:30:19.000Z","volume":440000,"label":" ","price":0.154},{"type":"A","date":"2018-04-16T02:30:19.000Z","volume":100000,"label":" ","price":0.154},{"type":"B","date":"2018-04-16T02:30:21.000Z","volume":60000,"label":" ","price":0.153},{"type":"B","date":"2018-04-16T02:30:40.000Z","volume":200000,"label":" ","price":0.152},{"type":"A","date":"2018-04-16T02:30:42.000Z","volume":300000,"label":" ","price":0.152},{"type":"A","date":"2018-04-16T02:30:42.000Z","volume":20000,"label":" ","price":0.153},{"type":"A","date":"2018-04-16T02:30:56.000Z","volume":80000,"label":" ","price":0.153},{"type":"B","date":"2018-04-16T02:31:26.000Z","volume":20000,"label":" ","price":0.153},{"type":"A","date":"2018-04-16T02:31:33.000Z","volume":20000,"label":" ","price":0.153},{"type":"A","date":"2018-04-16T02:31:35.000Z","volume":100000,"label":" ","price":0.154},{"type":"A","date":"2018-04-16T02:31:48.000Z","volume":200000,"label":" ","price":0.154},{"type":"A","date":"2018-04-16T02:32:00.000Z","volume":60000,"label":" ","price":0.154},{"type":"A","date":"2018-04-16T02:32:13.000Z","volume":200000,"label":" ","price":0.154},{"type":"A","date":"2018-04-16T02:32:21.000Z","volume":20000,"label":" ","price":0.154},{"type":"B","date":"2018-04-16T02:32:27.000Z","volume":80000,"label":" ","price":0.153},{"type":"A","date":"2018-04-16T02:32:30.000Z","volume":20000,"label":" ","price":0.153},{"type":"B","date":"2018-04-16T02:32:51.000Z","volume":100000,"label":" ","price":0.153},{"type":"A","date":"2018-04-16T02:32:59.000Z","volume":20000,"label":" ","price":0.153},{"type":"A","date":"2018-04-16T02:33:42.000Z","volume":380000,"label":" ","price":0.154},{"type":"B","date":"2018-04-16T02:33:56.000Z","volume":620000,"label":" ","price":0.154},{"type":"A","date":"2018-04-16T02:34:02.000Z","volume":380000,"label":" ","price":0.154},{"type":"A","date":"2018-04-16T02:34:02.000Z","volume":540000,"label":" ","price":0.155},{"type":"A","date":"2018-04-16T02:34:49.000Z","volume":80000,"label":" ","price":0.155},{"type":"B","date":"2018-04-16T02:36:09.000Z","volume":240000,"label":" ","price":0.154},{"type":"B","date":"2018-04-16T02:36:49.000Z","volume":100000,"label":" ","price":0.153},{"type":"A","date":"2018-04-16T02:37:18.000Z","volume":200000,"label":" ","price":0.154},{"type":"A","date":"2018-04-16T02:39:18.000Z","volume":160000,"label":" ","price":0.154},{"type":"B","date":"2018-04-16T02:39:20.000Z","volume":100000,"label":" ","price":0.154},{"type":"B","date":"2018-04-16T02:39:29.000Z","volume":80000,"label":" ","price":0.154},{"type":"A","date":"2018-04-16T02:40:19.000Z","volume":360000,"label":" ","price":0.154},{"type":"A","date":"2018-04-16T02:40:19.000Z","volume":640000,"label":" ","price":0.155},{"type":"B","date":"2018-04-16T02:41:15.000Z","volume":40000,"label":" ","price":0.154},{"type":"A","date":"2018-04-16T02:41:49.000Z","volume":60000,"label":" ","price":0.155},{"type":"B","date":"2018-04-16T02:41:56.000Z","volume":60000,"label":" ","price":0.154},{"type":"A","date":"2018-04-16T02:42:05.000Z","volume":40000,"label":" ","price":0.154},{"type":"B","date":"2018-04-16T02:42:45.000Z","volume":100000,"label":" ","price":0.154},{"type":"A","date":"2018-04-16T02:43:39.000Z","volume":100000,"label":" ","price":0.154},{"type":"A","date":"2018-04-16T02:44:04.000Z","volume":100000,"label":" ","price":0.154},{"type":"B","date":"2018-04-16T02:44:12.000Z","volume":1720000,"label":" ","price":0.153},{"type":"B","date":"2018-04-16T02:44:17.000Z","volume":400000,"label":" ","price":0.152},{"type":"B","date":"2018-04-16T02:44:33.000Z","volume":20000,"label":" ","price":0.152},{"type":"B","date":"2018-04-16T02:44:38.000Z","volume":200000,"label":" ","price":0.152},{"type":"A","date":"2018-04-16T02:45:31.000Z","volume":100000,"label":" ","price":0.153},{"type":"A","date":"2018-04-16T02:45:35.000Z","volume":120000,"label":" ","price":0.153},{"type":"A","date":"2018-04-16T02:46:10.000Z","volume":60000,"label":" ","price":0.154},{"type":"B","date":"2018-04-16T02:47:20.000Z","volume":500000,"label":" ","price":0.154},{"type":"B","date":"2018-04-16T02:47:36.000Z","volume":100000,"label":" ","price":0.153},{"type":"B","date":"2018-04-16T02:48:06.000Z","volume":260000,"label":" ","price":0.153},{"type":"B","date":"2018-04-16T02:49:57.000Z","volume":720000,"label":" ","price":0.153},{"type":"A","date":"2018-04-16T02:50:06.000Z","volume":40000,"label":" ","price":0.153},{"type":"A","date":"2018-04-16T02:50:12.000Z","volume":260000,"label":" ","price":0.153},{"type":"B","date":"2018-04-16T02:50:21.000Z","volume":40000,"label":"Y","price":0.153},{"type":"A","date":"2018-04-16T02:53:05.000Z","volume":20000,"label":" ","price":0.153},{"type":"A","date":"2018-04-16T02:54:43.000Z","volume":80000,"label":" ","price":0.153},{"type":"A","date":"2018-04-16T02:54:48.000Z","volume":320000,"label":" ","price":0.153},{"type":"A","date":"2018-04-16T02:55:18.000Z","volume":580000,"label":" ","price":0.154},{"type":"B","date":"2018-04-16T02:55:18.000Z","volume":100000,"label":" ","price":0.154},{"type":"U","date":"2018-04-16T02:55:44.000Z","volume":100000,"label":" ","price":0.154},{"type":"B","date":"2018-04-16T02:56:00.000Z","volume":100000,"label":" ","price":0.154},{"type":"A","date":"2018-04-16T02:58:42.000Z","volume":100000,"label":" ","price":0.154},{"type":"A","date":"2018-04-16T02:58:56.000Z","volume":200000,"label":" ","price":0.154},{"type":"A","date":"2018-04-16T02:59:20.000Z","volume":40000,"label":" ","price":0.154},{"type":"A","date":"2018-04-16T02:59:21.000Z","volume":100000,"label":" ","price":0.154},{"type":"A","date":"2018-04-16T02:59:57.000Z","volume":20000,"label":" ","price":0.154},{"type":"B","date":"2018-04-16T03:01:20.000Z","volume":200000,"label":" ","price":0.153},{"type":"B","date":"2018-04-16T03:01:36.000Z","volume":60000,"label":" ","price":0.152},{"type":"B","date":"2018-04-16T03:02:37.000Z","volume":80000,"label":" ","price":0.152},{"type":"A","date":"2018-04-16T03:05:00.000Z","volume":20000,"label":" ","price":0.153},{"type":"A","date":"2018-04-16T03:05:19.000Z","volume":180000,"label":" ","price":0.154},{"type":"B","date":"2018-04-16T03:08:39.000Z","volume":20000,"label":" ","price":0.152},{"type":"A","date":"2018-04-16T03:12:02.000Z","volume":200000,"label":" ","price":0.154},{"type":"A","date":"2018-04-16T03:12:57.000Z","volume":700000,"label":" ","price":0.154},{"type":"B","date":"2018-04-16T03:13:10.000Z","volume":100000,"label":" ","price":0.154},{"type":"B","date":"2018-04-16T03:13:41.000Z","volume":100000,"label":" ","price":0.154},{"type":"B","date":"2018-04-16T03:14:00.000Z","volume":20000,"label":" ","price":0.154},{"type":"A","date":"2018-04-16T03:14:30.000Z","volume":60000,"label":" ","price":0.155},{"type":"B","date":"2018-04-16T03:15:42.000Z","volume":380000,"label":" ","price":0.154},{"type":"A","date":"2018-04-16T03:16:34.000Z","volume":100000,"label":" ","price":0.154},{"type":"A","date":"2018-04-16T03:16:39.000Z","volume":20000,"label":" ","price":0.154},{"type":"A","date":"2018-04-16T03:18:04.000Z","volume":20000,"label":" ","price":0.154},{"type":"B","date":"2018-04-16T03:18:22.000Z","volume":180000,"label":" ","price":0.154},{"type":"B","date":"2018-04-16T03:20:17.000Z","volume":20000,"label":" ","price":0.153},{"type":"B","date":"2018-04-16T03:21:21.000Z","volume":60000,"label":" ","price":0.153},{"type":"A","date":"2018-04-16T03:23:02.000Z","volume":20000,"label":" ","price":0.153},{"type":"B","date":"2018-04-16T03:24:17.000Z","volume":60000,"label":" ","price":0.153},{"type":"B","date":"2018-04-16T03:27:10.000Z","volume":100000,"label":" ","price":0.153},{"type":"B","date":"2018-04-16T03:28:32.000Z","volume":200000,"label":" ","price":0.153},{"type":"B","date":"2018-04-16T03:28:57.000Z","volume":80000,"label":" ","price":0.153},{"type":"B","date":"2018-04-16T03:29:18.000Z","volume":40000,"label":" ","price":0.153},{"type":"B","date":"2018-04-16T03:30:08.000Z","volume":200000,"label":" ","price":0.153},{"type":"A","date":"2018-04-16T03:30:44.000Z","volume":180000,"label":" ","price":0.154},{"type":"A","date":"2018-04-16T03:31:25.000Z","volume":400000,"label":" ","price":0.154},{"type":"B","date":"2018-04-16T03:36:50.000Z","volume":100000,"label":" ","price":0.154},{"type":"A","date":"2018-04-16T03:36:54.000Z","volume":20000,"label":" ","price":0.154},{"type":"B","date":"2018-04-16T03:37:35.000Z","volume":140000,"label":" ","price":0.154},{"type":"A","date":"2018-04-16T03:37:43.000Z","volume":100000,"label":" ","price":0.155},{"type":"U","date":"2018-04-16T03:37:58.000Z","volume":4950,"label":"D","price":0.149},{"type":"A","date":"2018-04-16T03:41:24.000Z","volume":600000,"label":" ","price":0.155},{"type":"A","date":"2018-04-16T03:42:34.000Z","volume":40000,"label":" ","price":0.155},{"type":"A","date":"2018-04-16T03:44:05.000Z","volume":300000,"label":" ","price":0.155},{"type":"B","date":"2018-04-16T03:45:22.000Z","volume":100000,"label":" ","price":0.154},{"type":"A","date":"2018-04-16T03:45:26.000Z","volume":20000,"label":" ","price":0.155},{"type":"B","date":"2018-04-16T03:45:50.000Z","volume":420000,"label":" ","price":0.154},{"type":"A","date":"2018-04-16T03:45:54.000Z","volume":80000,"label":" ","price":0.154},{"type":"A","date":"2018-04-16T03:47:05.000Z","volume":100000,"label":" ","price":0.155},{"type":"A","date":"2018-04-16T03:48:19.000Z","volume":60000,"label":" ","price":0.154},{"type":"A","date":"2018-04-16T03:48:19.000Z","volume":440000,"label":" ","price":0.154},{"type":"A","date":"2018-04-16T03:48:38.000Z","volume":300000,"label":" ","price":0.154},{"type":"A","date":"2018-04-16T03:48:44.000Z","volume":120000,"label":" ","price":0.154},{"type":"A","date":"2018-04-16T03:51:13.000Z","volume":40000,"label":" ","price":0.155},{"type":"B","date":"2018-04-16T03:53:31.000Z","volume":20000,"label":" ","price":0.154},{"type":"B","date":"2018-04-16T03:53:55.000Z","volume":500000,"label":" ","price":0.153},{"type":"B","date":"2018-04-16T03:54:06.000Z","volume":800000,"label":" ","price":0.153},{"type":"B","date":"2018-04-16T03:54:08.000Z","volume":60000,"label":" ","price":0.153},{"type":"A","date":"2018-04-16T03:55:46.000Z","volume":100000,"label":" ","price":0.153},{"type":"A","date":"2018-04-16T03:56:10.000Z","volume":40000,"label":" ","price":0.153},{"type":"B","date":"2018-04-16T03:59:05.000Z","volume":20000,"label":" ","price":0.153},{"type":"B","date":"2018-04-16T03:59:17.000Z","volume":240000,"label":" ","price":0.153},{"type":"A","date":"2018-04-16T03:59:31.000Z","volume":560000,"label":" ","price":0.153},{"type":"A","date":"2018-04-16T03:59:31.000Z","volume":40000,"label":" ","price":0.154},{"type":"A","date":"2018-04-16T05:00:00.000Z","volume":40000,"label":" ","price":0.153},{"type":"A","date":"2018-04-16T05:00:00.000Z","volume":100000,"label":" ","price":0.153},{"type":"A","date":"2018-04-16T05:00:00.000Z","volume":40000,"label":" ","price":0.153},{"type":"A","date":"2018-04-16T05:00:01.000Z","volume":200000,"label":" ","price":0.153},{"type":"A","date":"2018-04-16T05:00:02.000Z","volume":200000,"label":" ","price":0.153},{"type":"A","date":"2018-04-16T05:00:02.000Z","volume":20000,"label":" ","price":0.153},{"type":"B","date":"2018-04-16T05:00:03.000Z","volume":20000,"label":" ","price":0.153},{"type":"B","date":"2018-04-16T05:00:03.000Z","volume":20000,"label":"Y","price":0.152},{"type":"B","date":"2018-04-16T05:00:03.000Z","volume":460000,"label":" ","price":0.152},{"type":"A","date":"2018-04-16T05:02:13.000Z","volume":20000,"label":" ","price":0.154},{"type":"A","date":"2018-04-16T05:02:15.000Z","volume":100000,"label":" ","price":0.154},{"type":"A","date":"2018-04-16T05:02:31.000Z","volume":320000,"label":" ","price":0.154},{"type":"A","date":"2018-04-16T05:03:30.000Z","volume":500000,"label":" ","price":0.155},{"type":"A","date":"2018-04-16T05:04:11.000Z","volume":80000,"label":" ","price":0.155},{"type":"A","date":"2018-04-16T05:04:17.000Z","volume":100000,"label":" ","price":0.155},{"type":"A","date":"2018-04-16T05:04:18.000Z","volume":340000,"label":" ","price":0.155},{"type":"A","date":"2018-04-16T05:04:18.000Z","volume":460000,"label":" ","price":0.155},{"type":"B","date":"2018-04-16T05:05:26.000Z","volume":220000,"label":" ","price":0.155},{"type":"A","date":"2018-04-16T05:05:56.000Z","volume":100000,"label":" ","price":0.156},{"type":"A","date":"2018-04-16T05:06:27.000Z","volume":200000,"label":" ","price":0.156},{"type":"A","date":"2018-04-16T05:06:55.000Z","volume":260000,"label":" ","price":0.156},{"type":"A","date":"2018-04-16T05:06:57.000Z","volume":40000,"label":" ","price":0.156},{"type":"A","date":"2018-04-16T05:07:05.000Z","volume":100000,"label":"Y","price":0.156},{"type":"A","date":"2018-04-16T05:07:05.000Z","volume":900000,"label":" ","price":0.156},{"type":"A","date":"2018-04-16T05:07:05.000Z","volume":60000,"label":" ","price":0.156},{"type":"A","date":"2018-04-16T05:08:22.000Z","volume":400000,"label":" ","price":0.156},{"type":"B","date":"2018-04-16T05:08:35.000Z","volume":100000,"label":"Y","price":0.156},{"type":"B","date":"2018-04-16T05:08:48.000Z","volume":120000,"label":" ","price":0.156},{"type":"A","date":"2018-04-16T05:08:55.000Z","volume":380000,"label":" ","price":0.156},{"type":"B","date":"2018-04-16T05:09:02.000Z","volume":100000,"label":" ","price":0.156},{"type":"B","date":"2018-04-16T05:09:15.000Z","volume":340000,"label":" ","price":0.156},{"type":"B","date":"2018-04-16T05:12:07.000Z","volume":200000,"label":" ","price":0.155},{"type":"B","date":"2018-04-16T05:13:06.000Z","volume":80000,"label":" ","price":0.154},{"type":"B","date":"2018-04-16T05:13:41.000Z","volume":20000,"label":" ","price":0.154},{"type":"A","date":"2018-04-16T05:16:03.000Z","volume":40000,"label":" ","price":0.154},{"type":"A","date":"2018-04-16T05:16:57.000Z","volume":100000,"label":" ","price":0.155},{"type":"A","date":"2018-04-16T05:17:23.000Z","volume":40000,"label":" ","price":0.155},{"type":"A","date":"2018-04-16T05:19:52.000Z","volume":100000,"label":" ","price":0.155},{"type":"B","date":"2018-04-16T05:21:14.000Z","volume":800000,"label":" ","price":0.153},{"type":"B","date":"2018-04-16T05:21:58.000Z","volume":300000,"label":" ","price":0.153},{"type":"A","date":"2018-04-16T05:22:01.000Z","volume":40000,"label":" ","price":0.155},{"type":"A","date":"2018-04-16T05:23:15.000Z","volume":20000,"label":" ","price":0.155},{"type":"B","date":"2018-04-16T05:25:30.000Z","volume":80000,"label":" ","price":0.153},{"type":"A","date":"2018-04-16T05:25:31.000Z","volume":20000,"label":" ","price":0.153},{"type":"A","date":"2018-04-16T05:25:31.000Z","volume":80000,"label":" ","price":0.154},{"type":"B","date":"2018-04-16T05:25:32.000Z","volume":80000,"label":" ","price":0.154},{"type":"B","date":"2018-04-16T05:25:32.000Z","volume":20000,"label":" ","price":0.154},{"type":"B","date":"2018-04-16T05:29:46.000Z","volume":1000000,"label":" ","price":0.152},{"type":"A","date":"2018-04-16T05:30:17.000Z","volume":20000,"label":" ","price":0.153},{"type":"A","date":"2018-04-16T05:30:17.000Z","volume":180000,"label":" ","price":0.154},{"type":"B","date":"2018-04-16T05:30:42.000Z","volume":40000,"label":"Y","price":0.152},{"type":"B","date":"2018-04-16T05:30:42.000Z","volume":140000,"label":" ","price":0.152},{"type":"A","date":"2018-04-16T05:30:42.000Z","volume":20000,"label":" ","price":0.152},{"type":"B","date":"2018-04-16T05:32:28.000Z","volume":300000,"label":" ","price":0.153},{"type":"A","date":"2018-04-16T05:34:49.000Z","volume":20000,"label":" ","price":0.153},{"type":"A","date":"2018-04-16T05:35:29.000Z","volume":580000,"label":" ","price":0.154},{"type":"A","date":"2018-04-16T05:36:57.000Z","volume":160000,"label":" ","price":0.154},{"type":"A","date":"2018-04-16T05:38:14.000Z","volume":40000,"label":" ","price":0.154},{"type":"A","date":"2018-04-16T05:42:28.000Z","volume":200000,"label":" ","price":0.154},{"type":"A","date":"2018-04-16T05:45:03.000Z","volume":200000,"label":" ","price":0.154},{"type":"A","date":"2018-04-16T05:45:26.000Z","volume":80000,"label":" ","price":0.154},{"type":"B","date":"2018-04-16T05:45:47.000Z","volume":260000,"label":" ","price":0.153},{"type":"A","date":"2018-04-16T05:47:15.000Z","volume":100000,"label":" ","price":0.153},{"type":"A","date":"2018-04-16T05:48:29.000Z","volume":60000,"label":" ","price":0.153},{"type":"A","date":"2018-04-16T05:48:32.000Z","volume":80000,"label":" ","price":0.153},{"type":"B","date":"2018-04-16T05:48:33.000Z","volume":20000,"label":" ","price":0.153},{"type":"B","date":"2018-04-16T05:48:33.000Z","volume":380000,"label":" ","price":0.152},{"type":"B","date":"2018-04-16T05:54:31.000Z","volume":100000,"label":" ","price":0.152},{"type":"B","date":"2018-04-16T05:56:05.000Z","volume":60000,"label":" ","price":0.152},{"type":"A","date":"2018-04-16T06:00:28.000Z","volume":160000,"label":" ","price":0.153},{"type":"B","date":"2018-04-16T06:01:31.000Z","volume":160000,"label":" ","price":0.153},{"type":"A","date":"2018-04-16T06:01:48.000Z","volume":40000,"label":" ","price":0.153},{"type":"B","date":"2018-04-16T06:07:10.000Z","volume":120000,"label":" ","price":0.153},{"type":"A","date":"2018-04-16T06:07:35.000Z","volume":340000,"label":" ","price":0.153},{"type":"B","date":"2018-04-16T06:08:56.000Z","volume":20000,"label":" ","price":0.153},{"type":"B","date":"2018-04-16T06:10:20.000Z","volume":140000,"label":" ","price":0.153},{"type":"A","date":"2018-04-16T06:10:51.000Z","volume":160000,"label":" ","price":0.153},{"type":"B","date":"2018-04-16T06:11:34.000Z","volume":340000,"label":" ","price":0.153},{"type":"A","date":"2018-04-16T06:12:23.000Z","volume":160000,"label":" ","price":0.153},{"type":"A","date":"2018-04-16T06:12:58.000Z","volume":20000,"label":" ","price":0.153},{"type":"A","date":"2018-04-16T06:13:53.000Z","volume":80000,"label":" ","price":0.153},{"type":"A","date":"2018-04-16T06:15:01.000Z","volume":200000,"label":" ","price":0.153},{"type":"B","date":"2018-04-16T06:15:26.000Z","volume":20000,"label":" ","price":0.152},{"type":"A","date":"2018-04-16T06:16:34.000Z","volume":20000,"label":" ","price":0.153},{"type":"A","date":"2018-04-16T06:16:50.000Z","volume":220000,"label":" ","price":0.153},{"type":"A","date":"2018-04-16T06:17:52.000Z","volume":120000,"label":" ","price":0.153},{"type":"A","date":"2018-04-16T06:19:23.000Z","volume":40000,"label":" ","price":0.153},{"type":"B","date":"2018-04-16T06:19:25.000Z","volume":100000,"label":" ","price":0.152},{"type":"A","date":"2018-04-16T06:22:06.000Z","volume":80000,"label":" ","price":0.153},{"type":"A","date":"2018-04-16T06:25:16.000Z","volume":300000,"label":" ","price":0.153},{"type":"A","date":"2018-04-16T06:27:28.000Z","volume":180000,"label":" ","price":0.153},{"type":"A","date":"2018-04-16T06:29:19.000Z","volume":140000,"label":" ","price":0.153},{"type":"B","date":"2018-04-16T06:30:08.000Z","volume":200000,"label":" ","price":0.152},{"type":"B","date":"2018-04-16T06:40:33.000Z","volume":420000,"label":" ","price":0.152},{"type":"A","date":"2018-04-16T06:43:01.000Z","volume":60000,"label":" ","price":0.152},{"type":"A","date":"2018-04-16T06:43:52.000Z","volume":60000,"label":" ","price":0.152},{"type":"A","date":"2018-04-16T06:44:12.000Z","volume":120000,"label":" ","price":0.152},{"type":"B","date":"2018-04-16T06:46:35.000Z","volume":400000,"label":" ","price":0.151},{"type":"B","date":"2018-04-16T06:47:16.000Z","volume":20000,"label":" ","price":0.151},{"type":"A","date":"2018-04-16T06:47:40.000Z","volume":340000,"label":" ","price":0.152},{"type":"B","date":"2018-04-16T06:48:13.000Z","volume":160000,"label":" ","price":0.152},{"type":"A","date":"2018-04-16T06:48:24.000Z","volume":100000,"label":" ","price":0.152},{"type":"A","date":"2018-04-16T06:49:07.000Z","volume":100000,"label":" ","price":0.153},{"type":"A","date":"2018-04-16T06:50:30.000Z","volume":500000,"label":" ","price":0.153},{"type":"B","date":"2018-04-16T06:52:31.000Z","volume":120000,"label":" ","price":0.152},{"type":"A","date":"2018-04-16T06:52:47.000Z","volume":360000,"label":" ","price":0.153},{"type":"B","date":"2018-04-16T07:02:21.000Z","volume":100000,"label":" ","price":0.153},{"type":"B","date":"2018-04-16T07:02:22.000Z","volume":20000,"label":" ","price":0.153},{"type":"B","date":"2018-04-16T07:03:56.000Z","volume":800000,"label":" ","price":0.153},{"type":"A","date":"2018-04-16T07:04:59.000Z","volume":100000,"label":" ","price":0.153},{"type":"A","date":"2018-04-16T07:05:19.000Z","volume":60000,"label":" ","price":0.153},{"type":"A","date":"2018-04-16T07:07:31.000Z","volume":140000,"label":" ","price":0.153},{"type":"A","date":"2018-04-16T07:11:06.000Z","volume":60000,"label":" ","price":0.154},{"type":"A","date":"2018-04-16T07:13:24.000Z","volume":40000,"label":" ","price":0.154},{"type":"B","date":"2018-04-16T07:15:25.000Z","volume":360000,"label":" ","price":0.153},{"type":"B","date":"2018-04-16T07:17:06.000Z","volume":200000,"label":" ","price":0.152},{"type":"A","date":"2018-04-16T07:22:01.000Z","volume":460000,"label":"Y","price":0.153},{"type":"A","date":"2018-04-16T07:22:01.000Z","volume":340000,"label":" ","price":0.153},{"type":"A","date":"2018-04-16T07:22:23.000Z","volume":20000,"label":" ","price":0.153},{"type":"A","date":"2018-04-16T07:22:52.000Z","volume":20000,"label":" ","price":0.153},{"type":"B","date":"2018-04-16T07:25:51.000Z","volume":80000,"label":" ","price":0.152},{"type":"A","date":"2018-04-16T07:26:25.000Z","volume":20000,"label":" ","price":0.153},{"type":"A","date":"2018-04-16T07:26:25.000Z","volume":60000,"label":" ","price":0.154},{"type":"B","date":"2018-04-16T07:28:09.000Z","volume":80000,"label":" ","price":0.153},{"type":"B","date":"2018-04-16T07:30:51.000Z","volume":100000,"label":" ","price":0.153},{"type":"A","date":"2018-04-16T07:31:18.000Z","volume":100000,"label":" ","price":0.154},{"type":"A","date":"2018-04-16T07:32:03.000Z","volume":500000,"label":" ","price":0.154},{"type":"A","date":"2018-04-16T07:33:53.000Z","volume":60000,"label":" ","price":0.154},{"type":"B","date":"2018-04-16T07:34:06.000Z","volume":80000,"label":" ","price":0.153},{"type":"A","date":"2018-04-16T07:34:19.000Z","volume":100000,"label":" ","price":0.154},{"type":"B","date":"2018-04-16T07:34:20.000Z","volume":20000,"label":" ","price":0.153},{"type":"B","date":"2018-04-16T07:37:04.000Z","volume":100000,"label":" ","price":0.153},{"type":"A","date":"2018-04-16T07:39:21.000Z","volume":20000,"label":" ","price":0.154},{"type":"A","date":"2018-04-16T07:40:27.000Z","volume":60000,"label":" ","price":0.154},{"type":"B","date":"2018-04-16T07:42:38.000Z","volume":60000,"label":" ","price":0.153},{"type":"A","date":"2018-04-16T07:43:52.000Z","volume":20000,"label":" ","price":0.153},{"type":"A","date":"2018-04-16T07:44:54.000Z","volume":620000,"label":" ","price":0.153},{"type":"B","date":"2018-04-16T07:45:02.000Z","volume":40000,"label":" ","price":0.153},{"type":"A","date":"2018-04-16T07:45:58.000Z","volume":60000,"label":" ","price":0.153},{"type":"B","date":"2018-04-16T07:47:49.000Z","volume":60000,"label":" ","price":0.153},{"type":"B","date":"2018-04-16T07:48:07.000Z","volume":140000,"label":" ","price":0.152},{"type":"B","date":"2018-04-16T07:48:32.000Z","volume":60000,"label":" ","price":0.153},{"type":"A","date":"2018-04-16T07:50:21.000Z","volume":60000,"label":" ","price":0.153},{"type":"A","date":"2018-04-16T07:51:13.000Z","volume":300000,"label":" ","price":0.153},{"type":"A","date":"2018-04-16T07:51:43.000Z","volume":100000,"label":" ","price":0.153},{"type":"A","date":"2018-04-16T07:52:25.000Z","volume":100000,"label":" ","price":0.153},{"type":"A","date":"2018-04-16T07:53:06.000Z","volume":160000,"label":" ","price":0.153},{"type":"B","date":"2018-04-16T07:53:35.000Z","volume":300000,"label":" ","price":0.152},{"type":"A","date":"2018-04-16T07:53:40.000Z","volume":800000,"label":" ","price":0.153},{"type":"B","date":"2018-04-16T07:53:51.000Z","volume":20000,"label":" ","price":0.153},{"type":"A","date":"2018-04-16T07:54:20.000Z","volume":80000,"label":" ","price":0.153},{"type":"B","date":"2018-04-16T07:54:47.000Z","volume":20000,"label":" ","price":0.153},{"type":"A","date":"2018-04-16T07:54:53.000Z","volume":100000,"label":" ","price":0.154},{"type":"A","date":"2018-04-16T07:55:11.000Z","volume":100000,"label":" ","price":0.154},{"type":"B","date":"2018-04-16T07:55:51.000Z","volume":40000,"label":" ","price":0.153},{"type":"A","date":"2018-04-16T07:56:28.000Z","volume":100000,"label":" ","price":0.153},{"type":"A","date":"2018-04-16T07:56:34.000Z","volume":40000,"label":" ","price":0.153},{"type":"B","date":"2018-04-16T07:56:48.000Z","volume":100000,"label":" ","price":0.152},{"type":"B","date":"2018-04-16T07:56:55.000Z","volume":100000,"label":" ","price":0.152},{"type":"A","date":"2018-04-16T07:57:25.000Z","volume":100000,"label":" ","price":0.153},{"type":"A","date":"2018-04-16T07:57:47.000Z","volume":80000,"label":" ","price":0.153},{"type":"B","date":"2018-04-16T07:58:00.000Z","volume":20000,"label":" ","price":0.152},{"type":"A","date":"2018-04-16T07:58:01.000Z","volume":60000,"label":" ","price":0.153},{"type":"A","date":"2018-04-16T07:58:16.000Z","volume":20000,"label":" ","price":0.154},{"type":"A","date":"2018-04-16T07:58:42.000Z","volume":20000,"label":" ","price":0.154},{"type":"B","date":"2018-04-16T07:58:49.000Z","volume":180000,"label":" ","price":0.153},{"type":"A","date":"2018-04-16T07:59:18.000Z","volume":100000,"label":" ","price":0.153},{"type":"A","date":"2018-04-16T07:59:35.000Z","volume":120000,"label":" ","price":0.153},{"type":"A","date":"2018-04-16T07:59:35.000Z","volume":40000,"label":" ","price":0.154},{"type":"A","date":"2018-04-16T07:59:44.000Z","volume":40000,"label":" ","price":0.154}]