[{"type":"U","date":"2018-05-03T01:20:00.000Z","volume":6000,"label":"U","price":11.3},{"type":"B","date":"2018-05-03T01:30:16.000Z","volume":6000,"label":" ","price":11.26},{"type":"B","date":"2018-05-03T01:30:16.000Z","volume":4000,"label":"Y","price":11.24},{"type":"B","date":"2018-05-03T01:30:16.000Z","volume":2000,"label":" ","price":11.24},{"type":"B","date":"2018-05-03T01:30:41.000Z","volume":4000,"label":" ","price":11.22},{"type":"B","date":"2018-05-03T01:31:01.000Z","volume":4000,"label":" ","price":11.2},{"type":"B","date":"2018-05-03T01:31:01.000Z","volume":2000,"label":" ","price":11.18},{"type":"B","date":"2018-05-03T01:31:06.000Z","volume":6000,"label":" ","price":11.18},{"type":"B","date":"2018-05-03T01:31:27.000Z","volume":4000,"label":" ","price":11.16},{"type":"B","date":"2018-05-03T01:31:27.000Z","volume":2000,"label":" ","price":11.14},{"type":"A","date":"2018-05-03T01:31:35.000Z","volume":2000,"label":" ","price":11.18},{"type":"B","date":"2018-05-03T01:31:47.000Z","volume":100000,"label":" ","price":11.12},{"type":"B","date":"2018-05-03T01:31:47.000Z","volume":2000,"label":" ","price":11.12},{"type":"U","date":"2018-05-03T01:31:47.000Z","volume":2000,"label":" ","price":11.14},{"type":"B","date":"2018-05-03T01:31:49.000Z","volume":6000,"label":" ","price":11.1},{"type":"B","date":"2018-05-03T01:31:49.000Z","volume":2000,"label":" ","price":11.1},{"type":"B","date":"2018-05-03T01:32:53.000Z","volume":8000,"label":" ","price":11.04},{"type":"B","date":"2018-05-03T01:32:53.000Z","volume":18000,"label":" ","price":11.02},{"type":"B","date":"2018-05-03T01:32:53.000Z","volume":8000,"label":" ","price":11.02},{"type":"B","date":"2018-05-03T01:33:13.000Z","volume":2000,"label":" ","price":11.04},{"type":"B","date":"2018-05-03T01:33:38.000Z","volume":2000,"label":" ","price":11.06},{"type":"A","date":"2018-05-03T01:34:04.000Z","volume":8000,"label":" ","price":11.1},{"type":"A","date":"2018-05-03T01:34:04.000Z","volume":24000,"label":" ","price":11.12},{"type":"A","date":"2018-05-03T01:34:49.000Z","volume":32000,"label":" ","price":11.14},{"type":"A","date":"2018-05-03T01:34:58.000Z","volume":10000,"label":" ","price":11.16},{"type":"B","date":"2018-05-03T01:35:28.000Z","volume":46000,"label":" ","price":11.1},{"type":"A","date":"2018-05-03T01:36:02.000Z","volume":10000,"label":" ","price":11.14},{"type":"A","date":"2018-05-03T01:36:02.000Z","volume":16000,"label":" ","price":11.14},{"type":"A","date":"2018-05-03T01:36:54.000Z","volume":20000,"label":" ","price":11.16},{"type":"B","date":"2018-05-03T01:36:59.000Z","volume":12000,"label":" ","price":11.16},{"type":"B","date":"2018-05-03T01:37:01.000Z","volume":4000,"label":" ","price":11.14},{"type":"A","date":"2018-05-03T01:37:25.000Z","volume":14000,"label":" ","price":11.16},{"type":"B","date":"2018-05-03T01:37:42.000Z","volume":10000,"label":" ","price":11.16},{"type":"A","date":"2018-05-03T01:37:43.000Z","volume":2000,"label":" ","price":11.18},{"type":"B","date":"2018-05-03T01:38:36.000Z","volume":26000,"label":" ","price":11.14},{"type":"A","date":"2018-05-03T01:38:41.000Z","volume":2000,"label":" ","price":11.16},{"type":"B","date":"2018-05-03T01:38:57.000Z","volume":12000,"label":" ","price":11.14},{"type":"A","date":"2018-05-03T01:38:57.000Z","volume":2000,"label":" ","price":11.14},{"type":"B","date":"2018-05-03T01:39:24.000Z","volume":4000,"label":" ","price":11.12},{"type":"B","date":"2018-05-03T01:39:24.000Z","volume":2000,"label":" ","price":11.12},{"type":"B","date":"2018-05-03T01:39:26.000Z","volume":10000,"label":" ","price":11.1},{"type":"A","date":"2018-05-03T01:39:40.000Z","volume":4000,"label":" ","price":11.12},{"type":"B","date":"2018-05-03T01:39:41.000Z","volume":16000,"label":" ","price":11.12},{"type":"B","date":"2018-05-03T01:39:41.000Z","volume":12000,"label":" ","price":11.1},{"type":"B","date":"2018-05-03T01:39:41.000Z","volume":2000,"label":" ","price":11.1},{"type":"A","date":"2018-05-03T01:39:43.000Z","volume":6000,"label":" ","price":11.12},{"type":"B","date":"2018-05-03T01:39:52.000Z","volume":10000,"label":" ","price":11.1},{"type":"B","date":"2018-05-03T01:39:52.000Z","volume":16000,"label":" ","price":11.08},{"type":"B","date":"2018-05-03T01:39:52.000Z","volume":44000,"label":" ","price":11.06},{"type":"B","date":"2018-05-03T01:39:56.000Z","volume":8000,"label":" ","price":11.1},{"type":"B","date":"2018-05-03T01:40:58.000Z","volume":12000,"label":" ","price":11.16},{"type":"U","date":"2018-05-03T01:43:08.000Z","volume":2000,"label":"X","price":11.14},{"type":"A","date":"2018-05-03T01:43:30.000Z","volume":2000,"label":" ","price":11.16},{"type":"B","date":"2018-05-03T01:45:04.000Z","volume":8000,"label":" ","price":11.12},{"type":"B","date":"2018-05-03T01:45:31.000Z","volume":2000,"label":"Y","price":11.1},{"type":"B","date":"2018-05-03T01:45:31.000Z","volume":6000,"label":" ","price":11.1},{"type":"U","date":"2018-05-03T01:45:40.000Z","volume":6000,"label":" ","price":11.1},{"type":"B","date":"2018-05-03T01:45:59.000Z","volume":6000,"label":" ","price":11.08},{"type":"A","date":"2018-05-03T01:46:34.000Z","volume":20000,"label":" ","price":11.1},{"type":"A","date":"2018-05-03T01:48:07.000Z","volume":8000,"label":" ","price":11.1},{"type":"U","date":"2018-05-03T01:50:07.000Z","volume":2000,"label":"X","price":11.12},{"type":"B","date":"2018-05-03T01:51:52.000Z","volume":2000,"label":" ","price":11.12},{"type":"A","date":"2018-05-03T01:54:56.000Z","volume":10000,"label":" ","price":11.14},{"type":"U","date":"2018-05-03T01:55:46.000Z","volume":4000,"label":" ","price":11.14},{"type":"B","date":"2018-05-03T01:56:01.000Z","volume":2000,"label":" ","price":11.14},{"type":"B","date":"2018-05-03T01:56:01.000Z","volume":2000,"label":" ","price":11.14},{"type":"A","date":"2018-05-03T01:57:14.000Z","volume":2000,"label":" ","price":11.16},{"type":"A","date":"2018-05-03T02:00:07.000Z","volume":30000,"label":" ","price":11.16},{"type":"U","date":"2018-05-03T02:00:11.000Z","volume":2000,"label":"X","price":11.152},{"type":"A","date":"2018-05-03T02:00:29.000Z","volume":2000,"label":" ","price":11.18},{"type":"A","date":"2018-05-03T02:01:57.000Z","volume":6000,"label":" ","price":11.18},{"type":"A","date":"2018-05-03T02:01:57.000Z","volume":2000,"label":" ","price":11.18},{"type":"U","date":"2018-05-03T02:02:41.000Z","volume":2000,"label":"X","price":11.18},{"type":"B","date":"2018-05-03T02:04:00.000Z","volume":2000,"label":" ","price":11.18},{"type":"B","date":"2018-05-03T02:04:31.000Z","volume":8000,"label":" ","price":11.18},{"type":"B","date":"2018-05-03T02:04:42.000Z","volume":6000,"label":" ","price":11.16},{"type":"A","date":"2018-05-03T02:05:38.000Z","volume":10000,"label":" ","price":11.18},{"type":"A","date":"2018-05-03T02:08:47.000Z","volume":14000,"label":" ","price":11.18},{"type":"A","date":"2018-05-03T02:10:08.000Z","volume":8000,"label":" ","price":11.2},{"type":"B","date":"2018-05-03T02:10:08.000Z","volume":2000,"label":" ","price":11.18},{"type":"B","date":"2018-05-03T02:11:33.000Z","volume":4000,"label":" ","price":11.2},{"type":"A","date":"2018-05-03T02:12:54.000Z","volume":2000,"label":"Y","price":11.2},{"type":"A","date":"2018-05-03T02:12:54.000Z","volume":6000,"label":" ","price":11.2},{"type":"A","date":"2018-05-03T02:13:15.000Z","volume":2000,"label":" ","price":11.22},{"type":"A","date":"2018-05-03T02:14:41.000Z","volume":4000,"label":" ","price":11.22},{"type":"U","date":"2018-05-03T02:14:41.000Z","volume":2000,"label":"X","price":11.209},{"type":"U","date":"2018-05-03T02:14:55.000Z","volume":2000,"label":"X","price":11.21},{"type":"B","date":"2018-05-03T02:15:46.000Z","volume":12000,"label":"Y","price":11.2},{"type":"B","date":"2018-05-03T02:15:46.000Z","volume":6000,"label":" ","price":11.2},{"type":"A","date":"2018-05-03T02:15:47.000Z","volume":12000,"label":" ","price":11.22},{"type":"U","date":"2018-05-03T02:15:47.000Z","volume":2000,"label":"X","price":11.22},{"type":"A","date":"2018-05-03T02:15:47.000Z","volume":2000,"label":" ","price":11.22},{"type":"A","date":"2018-05-03T02:15:47.000Z","volume":2000,"label":" ","price":11.22},{"type":"B","date":"2018-05-03T02:15:48.000Z","volume":110000,"label":" ","price":11.22},{"type":"B","date":"2018-05-03T02:15:48.000Z","volume":250000,"label":" ","price":11.22},{"type":"B","date":"2018-05-03T02:15:48.000Z","volume":52000,"label":" ","price":11.22},{"type":"B","date":"2018-05-03T02:15:50.000Z","volume":4000,"label":" ","price":11.18},{"type":"B","date":"2018-05-03T02:16:04.000Z","volume":8000,"label":" ","price":11.16},{"type":"B","date":"2018-05-03T02:16:26.000Z","volume":6000,"label":" ","price":11.14},{"type":"B","date":"2018-05-03T02:17:01.000Z","volume":2000,"label":" ","price":11.14},{"type":"B","date":"2018-05-03T02:18:03.000Z","volume":14000,"label":" ","price":11.14},{"type":"A","date":"2018-05-03T02:19:08.000Z","volume":2000,"label":" ","price":11.16},{"type":"B","date":"2018-05-03T02:20:19.000Z","volume":2000,"label":" ","price":11.14},{"type":"B","date":"2018-05-03T02:20:57.000Z","volume":2000,"label":" ","price":11.12},{"type":"B","date":"2018-05-03T02:21:49.000Z","volume":4000,"label":" ","price":11.1},{"type":"B","date":"2018-05-03T02:21:54.000Z","volume":4000,"label":" ","price":11.1},{"type":"B","date":"2018-05-03T02:21:54.000Z","volume":36000,"label":" ","price":11.1},{"type":"U","date":"2018-05-03T02:22:35.000Z","volume":2000,"label":"X","price":11.1},{"type":"U","date":"2018-05-03T02:25:24.000Z","volume":2000,"label":" ","price":11.1},{"type":"B","date":"2018-05-03T02:26:05.000Z","volume":4000,"label":" ","price":11.08},{"type":"B","date":"2018-05-03T02:27:03.000Z","volume":4000,"label":" ","price":11.08},{"type":"B","date":"2018-05-03T02:27:12.000Z","volume":2000,"label":" ","price":11.06},{"type":"A","date":"2018-05-03T02:27:15.000Z","volume":4000,"label":" ","price":11.08},{"type":"A","date":"2018-05-03T02:27:15.000Z","volume":4000,"label":" ","price":11.08},{"type":"A","date":"2018-05-03T02:27:28.000Z","volume":4000,"label":" ","price":11.08},{"type":"A","date":"2018-05-03T02:27:47.000Z","volume":4000,"label":" ","price":11.08},{"type":"A","date":"2018-05-03T02:27:47.000Z","volume":4000,"label":" ","price":11.08},{"type":"A","date":"2018-05-03T02:27:47.000Z","volume":2000,"label":" ","price":11.08},{"type":"B","date":"2018-05-03T02:27:49.000Z","volume":2000,"label":" ","price":11.08},{"type":"A","date":"2018-05-03T02:28:34.000Z","volume":6000,"label":" ","price":11.1},{"type":"A","date":"2018-05-03T02:29:16.000Z","volume":12000,"label":" ","price":11.16},{"type":"B","date":"2018-05-03T02:29:16.000Z","volume":8000,"label":" ","price":11.16},{"type":"B","date":"2018-05-03T02:29:17.000Z","volume":48000,"label":" ","price":11.16},{"type":"B","date":"2018-05-03T02:29:18.000Z","volume":4000,"label":" ","price":11.16},{"type":"A","date":"2018-05-03T02:29:58.000Z","volume":4000,"label":" ","price":11.18},{"type":"A","date":"2018-05-03T02:31:09.000Z","volume":2000,"label":" ","price":11.18},{"type":"B","date":"2018-05-03T02:31:55.000Z","volume":6000,"label":" ","price":11.12},{"type":"B","date":"2018-05-03T02:32:14.000Z","volume":2000,"label":" ","price":11.12},{"type":"B","date":"2018-05-03T02:32:43.000Z","volume":8000,"label":" ","price":11.1},{"type":"A","date":"2018-05-03T02:32:57.000Z","volume":42000,"label":"Y","price":11.1},{"type":"A","date":"2018-05-03T02:32:57.000Z","volume":12000,"label":" ","price":11.1},{"type":"B","date":"2018-05-03T02:32:57.000Z","volume":2000,"label":" ","price":11.1},{"type":"U","date":"2018-05-03T02:33:02.000Z","volume":2000,"label":"X","price":11.11},{"type":"A","date":"2018-05-03T02:33:41.000Z","volume":2000,"label":" ","price":11.12},{"type":"B","date":"2018-05-03T02:33:47.000Z","volume":28000,"label":" ","price":11.12},{"type":"B","date":"2018-05-03T02:33:47.000Z","volume":2000,"label":" ","price":11.12},{"type":"U","date":"2018-05-03T02:36:17.000Z","volume":2000,"label":"X","price":11.123},{"type":"B","date":"2018-05-03T02:39:03.000Z","volume":4000,"label":" ","price":11.12},{"type":"B","date":"2018-05-03T02:39:05.000Z","volume":2000,"label":" ","price":11.12},{"type":"B","date":"2018-05-03T02:39:19.000Z","volume":2000,"label":" ","price":11.12},{"type":"B","date":"2018-05-03T02:40:03.000Z","volume":4000,"label":" ","price":11.12},{"type":"B","date":"2018-05-03T02:40:03.000Z","volume":2000,"label":" ","price":11.12},{"type":"B","date":"2018-05-03T02:40:29.000Z","volume":2000,"label":" ","price":11.1},{"type":"U","date":"2018-05-03T02:41:52.000Z","volume":2000,"label":"X","price":11.12},{"type":"B","date":"2018-05-03T02:43:02.000Z","volume":6000,"label":" ","price":11.1},{"type":"B","date":"2018-05-03T02:43:03.000Z","volume":4000,"label":" ","price":11.1},{"type":"A","date":"2018-05-03T02:43:48.000Z","volume":8000,"label":" ","price":11.12},{"type":"U","date":"2018-05-03T02:44:47.000Z","volume":2000,"label":"X","price":11.11},{"type":"B","date":"2018-05-03T02:45:23.000Z","volume":2000,"label":" ","price":11.1},{"type":"B","date":"2018-05-03T02:46:09.000Z","volume":6000,"label":" ","price":11.1},{"type":"U","date":"2018-05-03T02:46:11.000Z","volume":2000,"label":"X","price":11.106},{"type":"B","date":"2018-05-03T02:46:12.000Z","volume":2000,"label":" ","price":11.1},{"type":"A","date":"2018-05-03T02:49:03.000Z","volume":10000,"label":" ","price":11.12},{"type":"B","date":"2018-05-03T02:51:26.000Z","volume":6000,"label":" ","price":11.1},{"type":"A","date":"2018-05-03T02:51:26.000Z","volume":2000,"label":" ","price":11.12},{"type":"B","date":"2018-05-03T02:52:25.000Z","volume":2000,"label":" ","price":11.1},{"type":"B","date":"2018-05-03T02:53:32.000Z","volume":10000,"label":" ","price":11.08},{"type":"B","date":"2018-05-03T02:54:17.000Z","volume":4000,"label":" ","price":11.08},{"type":"A","date":"2018-05-03T02:54:49.000Z","volume":6000,"label":" ","price":11.08},{"type":"A","date":"2018-05-03T02:55:00.000Z","volume":6000,"label":" ","price":11.1},{"type":"A","date":"2018-05-03T02:55:38.000Z","volume":2000,"label":" ","price":11.12},{"type":"B","date":"2018-05-03T02:58:12.000Z","volume":6000,"label":" ","price":11.12},{"type":"B","date":"2018-05-03T03:01:59.000Z","volume":4000,"label":" ","price":11.12},{"type":"B","date":"2018-05-03T03:02:10.000Z","volume":2000,"label":" ","price":11.1},{"type":"B","date":"2018-05-03T03:07:32.000Z","volume":6000,"label":" ","price":11.1},{"type":"B","date":"2018-05-03T03:08:08.000Z","volume":4000,"label":" ","price":11.1},{"type":"B","date":"2018-05-03T03:08:41.000Z","volume":2000,"label":" ","price":11.1},{"type":"U","date":"2018-05-03T03:08:45.000Z","volume":2000,"label":"X","price":11.1},{"type":"B","date":"2018-05-03T03:12:37.000Z","volume":4000,"label":" ","price":11.1},{"type":"B","date":"2018-05-03T03:13:44.000Z","volume":6000,"label":" ","price":11.08},{"type":"B","date":"2018-05-03T03:13:44.000Z","volume":18000,"label":" ","price":11.08},{"type":"B","date":"2018-05-03T03:13:45.000Z","volume":2000,"label":" ","price":11.08},{"type":"B","date":"2018-05-03T03:14:03.000Z","volume":2000,"label":" ","price":11.08},{"type":"B","date":"2018-05-03T03:14:12.000Z","volume":2000,"label":" ","price":11.06},{"type":"B","date":"2018-05-03T03:14:30.000Z","volume":2000,"label":" ","price":11.06},{"type":"B","date":"2018-05-03T03:15:00.000Z","volume":6000,"label":" ","price":11.06},{"type":"A","date":"2018-05-03T03:15:13.000Z","volume":20000,"label":" ","price":11.08},{"type":"A","date":"2018-05-03T03:15:35.000Z","volume":6000,"label":" ","price":11.08},{"type":"A","date":"2018-05-03T03:15:35.000Z","volume":12000,"label":" ","price":11.1},{"type":"B","date":"2018-05-03T03:15:35.000Z","volume":2000,"label":" ","price":11.1},{"type":"B","date":"2018-05-03T03:18:32.000Z","volume":2000,"label":" ","price":11.1},{"type":"B","date":"2018-05-03T03:18:32.000Z","volume":28000,"label":" ","price":11.08},{"type":"B","date":"2018-05-03T03:18:32.000Z","volume":30000,"label":" ","price":11.06},{"type":"U","date":"2018-05-03T03:18:47.000Z","volume":2000,"label":"X","price":11.076},{"type":"B","date":"2018-05-03T03:21:10.000Z","volume":4000,"label":" ","price":11.08},{"type":"B","date":"2018-05-03T03:21:37.000Z","volume":6000,"label":" ","price":11.08},{"type":"A","date":"2018-05-03T03:21:54.000Z","volume":2000,"label":" ","price":11.12},{"type":"A","date":"2018-05-03T03:23:01.000Z","volume":4000,"label":" ","price":11.14},{"type":"B","date":"2018-05-03T03:23:07.000Z","volume":6000,"label":" ","price":11.14},{"type":"A","date":"2018-05-03T03:23:15.000Z","volume":6000,"label":" ","price":11.16},{"type":"A","date":"2018-05-03T03:23:15.000Z","volume":2000,"label":" ","price":11.16},{"type":"U","date":"2018-05-03T03:26:08.000Z","volume":2000,"label":"X","price":11.13},{"type":"B","date":"2018-05-03T03:26:36.000Z","volume":2000,"label":" ","price":11.12},{"type":"B","date":"2018-05-03T03:26:37.000Z","volume":2000,"label":" ","price":11.12},{"type":"B","date":"2018-05-03T03:29:09.000Z","volume":6000,"label":" ","price":11.1},{"type":"B","date":"2018-05-03T03:29:32.000Z","volume":2000,"label":" ","price":11.12},{"type":"A","date":"2018-05-03T03:29:48.000Z","volume":8000,"label":" ","price":11.14},{"type":"B","date":"2018-05-03T03:29:48.000Z","volume":6000,"label":" ","price":11.14},{"type":"B","date":"2018-05-03T03:29:50.000Z","volume":6000,"label":" ","price":11.14},{"type":"U","date":"2018-05-03T03:34:17.000Z","volume":2000,"label":"X","price":11.129},{"type":"U","date":"2018-05-03T03:34:32.000Z","volume":2000,"label":"X","price":11.13},{"type":"B","date":"2018-05-03T03:35:43.000Z","volume":2000,"label":" ","price":11.12},{"type":"B","date":"2018-05-03T03:36:28.000Z","volume":6000,"label":" ","price":11.1},{"type":"A","date":"2018-05-03T03:39:55.000Z","volume":10000,"label":" ","price":11.12},{"type":"B","date":"2018-05-03T03:40:04.000Z","volume":6000,"label":" ","price":11.1},{"type":"A","date":"2018-05-03T03:40:10.000Z","volume":4000,"label":" ","price":11.12},{"type":"A","date":"2018-05-03T03:40:18.000Z","volume":2000,"label":" ","price":11.12},{"type":"B","date":"2018-05-03T03:41:21.000Z","volume":2000,"label":" ","price":11.12},{"type":"B","date":"2018-05-03T03:45:48.000Z","volume":4000,"label":" ","price":11.1},{"type":"B","date":"2018-05-03T03:46:48.000Z","volume":6000,"label":" ","price":11.1},{"type":"B","date":"2018-05-03T03:46:48.000Z","volume":2000,"label":" ","price":11.1},{"type":"A","date":"2018-05-03T03:47:40.000Z","volume":20000,"label":" ","price":11.12},{"type":"B","date":"2018-05-03T03:48:58.000Z","volume":2000,"label":" ","price":11.1},{"type":"B","date":"2018-05-03T03:52:37.000Z","volume":6000,"label":" ","price":11.1},{"type":"B","date":"2018-05-03T03:56:40.000Z","volume":6000,"label":" ","price":11.08},{"type":"A","date":"2018-05-03T03:57:17.000Z","volume":2000,"label":" ","price":11.1},{"type":"B","date":"2018-05-03T03:57:28.000Z","volume":2000,"label":" ","price":11.08},{"type":"A","date":"2018-05-03T03:58:02.000Z","volume":2000,"label":" ","price":11.1},{"type":"A","date":"2018-05-03T03:58:34.000Z","volume":2000,"label":" ","price":11.1},{"type":"B","date":"2018-05-03T03:59:09.000Z","volume":4000,"label":" ","price":11.08},{"type":"B","date":"2018-05-03T03:59:09.000Z","volume":2000,"label":" ","price":11.06},{"type":"A","date":"2018-05-03T05:00:00.000Z","volume":2000,"label":" ","price":11.12},{"type":"A","date":"2018-05-03T05:00:08.000Z","volume":2000,"label":" ","price":11.12},{"type":"A","date":"2018-05-03T05:01:37.000Z","volume":2000,"label":" ","price":11.12},{"type":"A","date":"2018-05-03T05:02:11.000Z","volume":2000,"label":" ","price":11.12},{"type":"A","date":"2018-05-03T05:03:16.000Z","volume":4000,"label":" ","price":11.12},{"type":"U","date":"2018-05-03T05:05:58.000Z","volume":2000,"label":"X","price":11.11},{"type":"A","date":"2018-05-03T05:06:34.000Z","volume":6000,"label":" ","price":11.12},{"type":"A","date":"2018-05-03T05:06:34.000Z","volume":2000,"label":" ","price":11.14},{"type":"U","date":"2018-05-03T05:07:39.000Z","volume":2000,"label":"X","price":11.13},{"type":"A","date":"2018-05-03T05:09:17.000Z","volume":2000,"label":" ","price":11.14},{"type":"U","date":"2018-05-03T05:10:03.000Z","volume":2000,"label":"X","price":11.124},{"type":"U","date":"2018-05-03T05:10:06.000Z","volume":2000,"label":"X","price":11.13},{"type":"B","date":"2018-05-03T05:13:14.000Z","volume":2000,"label":" ","price":11.12},{"type":"B","date":"2018-05-03T05:14:11.000Z","volume":2000,"label":" ","price":11.12},{"type":"B","date":"2018-05-03T05:17:08.000Z","volume":4000,"label":" ","price":11.12},{"type":"B","date":"2018-05-03T05:21:01.000Z","volume":2000,"label":" ","price":11.1},{"type":"A","date":"2018-05-03T05:21:29.000Z","volume":6000,"label":" ","price":11.14},{"type":"B","date":"2018-05-03T05:21:45.000Z","volume":30000,"label":" ","price":11.12},{"type":"B","date":"2018-05-03T05:21:45.000Z","volume":2000,"label":" ","price":11.12},{"type":"A","date":"2018-05-03T05:21:47.000Z","volume":6000,"label":" ","price":11.14},{"type":"U","date":"2018-05-03T05:21:48.000Z","volume":2000,"label":"X","price":11.13},{"type":"B","date":"2018-05-03T05:22:44.000Z","volume":10000,"label":" ","price":11.12},{"type":"B","date":"2018-05-03T05:23:05.000Z","volume":20000,"label":" ","price":11.12},{"type":"B","date":"2018-05-03T05:23:06.000Z","volume":2000,"label":" ","price":11.12},{"type":"A","date":"2018-05-03T05:23:24.000Z","volume":12000,"label":" ","price":11.14},{"type":"A","date":"2018-05-03T05:24:51.000Z","volume":20000,"label":"Y","price":11.16},{"type":"A","date":"2018-05-03T05:24:51.000Z","volume":6000,"label":" ","price":11.16},{"type":"A","date":"2018-05-03T05:25:00.000Z","volume":22000,"label":" ","price":11.18},{"type":"A","date":"2018-05-03T05:25:13.000Z","volume":30000,"label":" ","price":11.2},{"type":"A","date":"2018-05-03T05:26:05.000Z","volume":16000,"label":" ","price":11.22},{"type":"A","date":"2018-05-03T05:26:38.000Z","volume":10000,"label":" ","price":11.22},{"type":"A","date":"2018-05-03T05:26:38.000Z","volume":2000,"label":" ","price":11.22},{"type":"B","date":"2018-05-03T05:28:52.000Z","volume":2000,"label":" ","price":11.2},{"type":"A","date":"2018-05-03T05:29:42.000Z","volume":16000,"label":" ","price":11.22},{"type":"A","date":"2018-05-03T05:29:42.000Z","volume":8000,"label":" ","price":11.24},{"type":"A","date":"2018-05-03T05:32:40.000Z","volume":6000,"label":" ","price":11.2},{"type":"U","date":"2018-05-03T05:33:45.000Z","volume":2000,"label":"X","price":11.19},{"type":"A","date":"2018-05-03T05:33:50.000Z","volume":2000,"label":" ","price":11.2},{"type":"A","date":"2018-05-03T05:35:08.000Z","volume":8000,"label":" ","price":11.2},{"type":"A","date":"2018-05-03T05:35:08.000Z","volume":8000,"label":" ","price":11.22},{"type":"A","date":"2018-05-03T05:35:08.000Z","volume":8000,"label":" ","price":11.24},{"type":"B","date":"2018-05-03T05:35:14.000Z","volume":2000,"label":" ","price":11.2},{"type":"U","date":"2018-05-03T05:36:25.000Z","volume":2000,"label":"X","price":11.219},{"type":"U","date":"2018-05-03T05:38:59.000Z","volume":2000,"label":"X","price":11.2},{"type":"A","date":"2018-05-03T05:42:55.000Z","volume":32000,"label":" ","price":11.2},{"type":"B","date":"2018-05-03T05:42:56.000Z","volume":4000,"label":" ","price":11.2},{"type":"U","date":"2018-05-03T05:43:10.000Z","volume":2000,"label":"X","price":11.2},{"type":"B","date":"2018-05-03T05:43:10.000Z","volume":6000,"label":" ","price":11.2},{"type":"B","date":"2018-05-03T05:43:10.000Z","volume":6000,"label":" ","price":11.2},{"type":"B","date":"2018-05-03T05:43:10.000Z","volume":2000,"label":" ","price":11.2},{"type":"B","date":"2018-05-03T05:43:10.000Z","volume":2000,"label":" ","price":11.2},{"type":"B","date":"2018-05-03T05:43:10.000Z","volume":6000,"label":" ","price":11.2},{"type":"A","date":"2018-05-03T05:43:28.000Z","volume":16000,"label":" ","price":11.22},{"type":"B","date":"2018-05-03T05:47:34.000Z","volume":2000,"label":" ","price":11.2},{"type":"A","date":"2018-05-03T05:47:50.000Z","volume":14000,"label":" ","price":11.22},{"type":"A","date":"2018-05-03T05:47:50.000Z","volume":2000,"label":" ","price":11.24},{"type":"U","date":"2018-05-03T05:48:10.000Z","volume":2000,"label":"X","price":11.22},{"type":"B","date":"2018-05-03T05:48:10.000Z","volume":10000,"label":" ","price":11.22},{"type":"B","date":"2018-05-03T05:48:10.000Z","volume":16000,"label":" ","price":11.22},{"type":"B","date":"2018-05-03T05:49:05.000Z","volume":2000,"label":" ","price":11.18},{"type":"U","date":"2018-05-03T05:51:15.000Z","volume":2000,"label":"X","price":11.2},{"type":"B","date":"2018-05-03T05:51:15.000Z","volume":2000,"label":" ","price":11.2},{"type":"A","date":"2018-05-03T05:53:11.000Z","volume":12000,"label":" ","price":11.22},{"type":"U","date":"2018-05-03T05:53:12.000Z","volume":2000,"label":"X","price":11.2},{"type":"A","date":"2018-05-03T05:53:34.000Z","volume":14000,"label":" ","price":11.22},{"type":"A","date":"2018-05-03T05:53:41.000Z","volume":2000,"label":" ","price":11.24},{"type":"A","date":"2018-05-03T05:53:43.000Z","volume":2000,"label":"Y","price":11.24},{"type":"A","date":"2018-05-03T05:54:11.000Z","volume":2000,"label":"Y","price":11.26},{"type":"B","date":"2018-05-03T05:54:11.000Z","volume":2000,"label":" ","price":11.24},{"type":"U","date":"2018-05-03T05:54:26.000Z","volume":2000,"label":"X","price":11.221},{"type":"B","date":"2018-05-03T05:54:36.000Z","volume":2000,"label":" ","price":11.24},{"type":"B","date":"2018-05-03T05:54:36.000Z","volume":2000,"label":" ","price":11.24},{"type":"A","date":"2018-05-03T05:54:41.000Z","volume":2000,"label":" ","price":11.26},{"type":"A","date":"2018-05-03T05:54:58.000Z","volume":2000,"label":" ","price":11.26},{"type":"A","date":"2018-05-03T05:54:58.000Z","volume":4000,"label":" ","price":11.26},{"type":"A","date":"2018-05-03T05:55:01.000Z","volume":4000,"label":" ","price":11.26},{"type":"B","date":"2018-05-03T05:55:24.000Z","volume":14000,"label":" ","price":11.26},{"type":"B","date":"2018-05-03T05:55:24.000Z","volume":2000,"label":" ","price":11.24},{"type":"A","date":"2018-05-03T05:55:27.000Z","volume":14000,"label":" ","price":11.28},{"type":"U","date":"2018-05-03T05:55:44.000Z","volume":2000,"label":"X","price":11.26},{"type":"B","date":"2018-05-03T05:55:44.000Z","volume":2000,"label":" ","price":11.26},{"type":"U","date":"2018-05-03T05:56:25.000Z","volume":2000,"label":"X","price":11.263},{"type":"A","date":"2018-05-03T05:56:34.000Z","volume":4000,"label":" ","price":11.28},{"type":"B","date":"2018-05-03T05:56:34.000Z","volume":30000,"label":" ","price":11.26},{"type":"A","date":"2018-05-03T05:56:48.000Z","volume":14000,"label":" ","price":11.28},{"type":"A","date":"2018-05-03T05:56:48.000Z","volume":16000,"label":" ","price":11.3},{"type":"A","date":"2018-05-03T05:56:48.000Z","volume":14000,"label":" ","price":11.32},{"type":"A","date":"2018-05-03T05:56:48.000Z","volume":6000,"label":" ","price":11.34},{"type":"A","date":"2018-05-03T05:56:48.000Z","volume":18000,"label":" ","price":11.34},{"type":"A","date":"2018-05-03T05:58:09.000Z","volume":4000,"label":" ","price":11.28},{"type":"U","date":"2018-05-03T05:58:47.000Z","volume":2000,"label":"X","price":11.26},{"type":"A","date":"2018-05-03T05:59:03.000Z","volume":28000,"label":" ","price":11.28},{"type":"B","date":"2018-05-03T05:59:04.000Z","volume":8000,"label":" ","price":11.28},{"type":"A","date":"2018-05-03T06:01:27.000Z","volume":6000,"label":" ","price":11.26},{"type":"A","date":"2018-05-03T06:01:27.000Z","volume":2000,"label":" ","price":11.26},{"type":"A","date":"2018-05-03T06:01:27.000Z","volume":2000,"label":" ","price":11.26},{"type":"A","date":"2018-05-03T06:03:59.000Z","volume":2000,"label":" ","price":11.26},{"type":"A","date":"2018-05-03T06:04:00.000Z","volume":4000,"label":" ","price":11.26},{"type":"A","date":"2018-05-03T06:04:33.000Z","volume":2000,"label":" ","price":11.26},{"type":"A","date":"2018-05-03T06:04:33.000Z","volume":2000,"label":" ","price":11.26},{"type":"A","date":"2018-05-03T06:04:33.000Z","volume":2000,"label":" ","price":11.26},{"type":"A","date":"2018-05-03T06:04:33.000Z","volume":2000,"label":" ","price":11.26},{"type":"A","date":"2018-05-03T06:04:50.000Z","volume":12000,"label":" ","price":11.28},{"type":"A","date":"2018-05-03T06:04:50.000Z","volume":6000,"label":" ","price":11.28},{"type":"A","date":"2018-05-03T06:05:32.000Z","volume":4000,"label":" ","price":11.3},{"type":"B","date":"2018-05-03T06:05:32.000Z","volume":4000,"label":" ","price":11.3},{"type":"A","date":"2018-05-03T06:06:30.000Z","volume":4000,"label":" ","price":11.3},{"type":"A","date":"2018-05-03T06:06:30.000Z","volume":2000,"label":" ","price":11.3},{"type":"U","date":"2018-05-03T06:06:30.000Z","volume":2000,"label":" ","price":11.3},{"type":"B","date":"2018-05-03T06:06:32.000Z","volume":2000,"label":" ","price":11.3},{"type":"A","date":"2018-05-03T06:06:55.000Z","volume":6000,"label":" ","price":11.32},{"type":"U","date":"2018-05-03T06:07:25.000Z","volume":2000,"label":"X","price":11.28},{"type":"A","date":"2018-05-03T06:07:29.000Z","volume":4000,"label":" ","price":11.32},{"type":"A","date":"2018-05-03T06:07:29.000Z","volume":4000,"label":" ","price":11.32},{"type":"U","date":"2018-05-03T06:07:39.000Z","volume":2000,"label":"X","price":11.28},{"type":"A","date":"2018-05-03T06:07:58.000Z","volume":26000,"label":" ","price":11.32},{"type":"A","date":"2018-05-03T06:08:27.000Z","volume":4000,"label":" ","price":11.32},{"type":"A","date":"2018-05-03T06:08:27.000Z","volume":2000,"label":" ","price":11.32},{"type":"A","date":"2018-05-03T06:09:25.000Z","volume":2000,"label":" ","price":11.26},{"type":"A","date":"2018-05-03T06:09:25.000Z","volume":2000,"label":" ","price":11.26},{"type":"A","date":"2018-05-03T06:09:26.000Z","volume":4000,"label":" ","price":11.26},{"type":"A","date":"2018-05-03T06:10:23.000Z","volume":4000,"label":" ","price":11.26},{"type":"A","date":"2018-05-03T06:10:24.000Z","volume":2000,"label":" ","price":11.26},{"type":"U","date":"2018-05-03T06:10:40.000Z","volume":2000,"label":"X","price":11.27},{"type":"A","date":"2018-05-03T06:10:45.000Z","volume":4000,"label":" ","price":11.28},{"type":"B","date":"2018-05-03T06:10:51.000Z","volume":2000,"label":" ","price":11.26},{"type":"A","date":"2018-05-03T06:11:22.000Z","volume":4000,"label":" ","price":11.26},{"type":"A","date":"2018-05-03T06:11:22.000Z","volume":2000,"label":" ","price":11.26},{"type":"A","date":"2018-05-03T06:12:20.000Z","volume":4000,"label":" ","price":11.26},{"type":"B","date":"2018-05-03T06:12:20.000Z","volume":2000,"label":" ","price":11.26},{"type":"A","date":"2018-05-03T06:12:20.000Z","volume":2000,"label":" ","price":11.26},{"type":"B","date":"2018-05-03T06:12:21.000Z","volume":2000,"label":" ","price":11.26},{"type":"A","date":"2018-05-03T06:12:23.000Z","volume":4000,"label":" ","price":11.26},{"type":"B","date":"2018-05-03T06:12:23.000Z","volume":12000,"label":" ","price":11.26},{"type":"A","date":"2018-05-03T06:12:28.000Z","volume":2000,"label":" ","price":11.26},{"type":"A","date":"2018-05-03T06:13:18.000Z","volume":4000,"label":" ","price":11.26},{"type":"A","date":"2018-05-03T06:13:18.000Z","volume":2000,"label":" ","price":11.26},{"type":"A","date":"2018-05-03T06:13:23.000Z","volume":10000,"label":" ","price":11.26},{"type":"B","date":"2018-05-03T06:13:23.000Z","volume":4000,"label":" ","price":11.26},{"type":"U","date":"2018-05-03T06:14:01.000Z","volume":2000,"label":"X","price":11.26},{"type":"B","date":"2018-05-03T06:14:01.000Z","volume":6000,"label":" ","price":11.26},{"type":"B","date":"2018-05-03T06:14:01.000Z","volume":6000,"label":" ","price":11.26},{"type":"B","date":"2018-05-03T06:14:01.000Z","volume":2000,"label":" ","price":11.26},{"type":"B","date":"2018-05-03T06:14:01.000Z","volume":2000,"label":" ","price":11.26},{"type":"B","date":"2018-05-03T06:14:02.000Z","volume":2000,"label":" ","price":11.26},{"type":"B","date":"2018-05-03T06:14:05.000Z","volume":4000,"label":" ","price":11.26},{"type":"A","date":"2018-05-03T06:14:17.000Z","volume":4000,"label":" ","price":11.3},{"type":"A","date":"2018-05-03T06:14:17.000Z","volume":2000,"label":" ","price":11.3},{"type":"A","date":"2018-05-03T06:14:17.000Z","volume":2000,"label":" ","price":11.3},{"type":"U","date":"2018-05-03T06:14:17.000Z","volume":4000,"label":" ","price":11.3},{"type":"U","date":"2018-05-03T06:14:17.000Z","volume":2000,"label":" ","price":11.3},{"type":"B","date":"2018-05-03T06:15:08.000Z","volume":40000,"label":" ","price":11.28},{"type":"A","date":"2018-05-03T06:15:15.000Z","volume":4000,"label":" ","price":11.3},{"type":"A","date":"2018-05-03T06:15:15.000Z","volume":2000,"label":" ","price":11.3},{"type":"A","date":"2018-05-03T06:16:13.000Z","volume":4000,"label":" ","price":11.3},{"type":"A","date":"2018-05-03T06:16:13.000Z","volume":2000,"label":" ","price":11.3},{"type":"U","date":"2018-05-03T06:16:17.000Z","volume":2000,"label":"X","price":11.283},{"type":"B","date":"2018-05-03T06:17:09.000Z","volume":4000,"label":" ","price":11.26},{"type":"A","date":"2018-05-03T06:17:12.000Z","volume":4000,"label":" ","price":11.3},{"type":"A","date":"2018-05-03T06:17:12.000Z","volume":4000,"label":" ","price":11.3},{"type":"A","date":"2018-05-03T06:17:12.000Z","volume":2000,"label":" ","price":11.3},{"type":"A","date":"2018-05-03T06:18:10.000Z","volume":2000,"label":" ","price":11.3},{"type":"A","date":"2018-05-03T06:18:10.000Z","volume":4000,"label":" ","price":11.3},{"type":"A","date":"2018-05-03T06:19:05.000Z","volume":16000,"label":" ","price":11.3},{"type":"A","date":"2018-05-03T06:19:05.000Z","volume":2000,"label":" ","price":11.3},{"type":"A","date":"2018-05-03T06:19:09.000Z","volume":4000,"label":" ","price":11.3},{"type":"A","date":"2018-05-03T06:19:09.000Z","volume":4000,"label":" ","price":11.3},{"type":"A","date":"2018-05-03T06:20:07.000Z","volume":2000,"label":" ","price":11.3},{"type":"A","date":"2018-05-03T06:20:07.000Z","volume":2000,"label":" ","price":11.3},{"type":"A","date":"2018-05-03T06:20:07.000Z","volume":6000,"label":" ","price":11.3},{"type":"A","date":"2018-05-03T06:21:04.000Z","volume":4000,"label":" ","price":11.3},{"type":"A","date":"2018-05-03T06:21:04.000Z","volume":2000,"label":" ","price":11.3},{"type":"U","date":"2018-05-03T06:21:17.000Z","volume":2000,"label":"X","price":11.297},{"type":"A","date":"2018-05-03T06:22:03.000Z","volume":4000,"label":" ","price":11.3},{"type":"A","date":"2018-05-03T06:22:03.000Z","volume":4000,"label":" ","price":11.3},{"type":"B","date":"2018-05-03T06:22:59.000Z","volume":8000,"label":" ","price":11.26},{"type":"A","date":"2018-05-03T06:23:01.000Z","volume":2000,"label":"Y","price":11.28},{"type":"A","date":"2018-05-03T06:23:01.000Z","volume":4000,"label":"Y","price":11.28},{"type":"A","date":"2018-05-03T06:23:01.000Z","volume":2000,"label":"Y","price":11.28},{"type":"U","date":"2018-05-03T06:23:13.000Z","volume":2000,"label":"X","price":11.26},{"type":"A","date":"2018-05-03T06:24:05.000Z","volume":4000,"label":"Y","price":11.28},{"type":"A","date":"2018-05-03T06:24:05.000Z","volume":4000,"label":"Y","price":11.28},{"type":"A","date":"2018-05-03T06:24:57.000Z","volume":2000,"label":"Y","price":11.28},{"type":"A","date":"2018-05-03T06:24:57.000Z","volume":4000,"label":"Y","price":11.28},{"type":"A","date":"2018-05-03T06:24:57.000Z","volume":2000,"label":"Y","price":11.28},{"type":"A","date":"2018-05-03T06:24:57.000Z","volume":2000,"label":"Y","price":11.28},{"type":"A","date":"2018-05-03T06:24:57.000Z","volume":2000,"label":"Y","price":11.28},{"type":"A","date":"2018-05-03T06:25:55.000Z","volume":4000,"label":"Y","price":11.28},{"type":"A","date":"2018-05-03T06:25:55.000Z","volume":4000,"label":"Y","price":11.28},{"type":"B","date":"2018-05-03T06:25:58.000Z","volume":4000,"label":" ","price":11.24},{"type":"A","date":"2018-05-03T06:26:54.000Z","volume":2000,"label":"Y","price":11.28},{"type":"A","date":"2018-05-03T06:26:54.000Z","volume":2000,"label":"Y","price":11.28},{"type":"A","date":"2018-05-03T06:26:54.000Z","volume":2000,"label":" ","price":11.28},{"type":"A","date":"2018-05-03T06:27:52.000Z","volume":2000,"label":" ","price":11.28},{"type":"A","date":"2018-05-03T06:27:52.000Z","volume":4000,"label":" ","price":11.28},{"type":"A","date":"2018-05-03T06:27:52.000Z","volume":2000,"label":" ","price":11.28},{"type":"A","date":"2018-05-03T06:28:50.000Z","volume":4000,"label":" ","price":11.28},{"type":"A","date":"2018-05-03T06:28:50.000Z","volume":4000,"label":" ","price":11.28},{"type":"A","date":"2018-05-03T06:29:49.000Z","volume":2000,"label":"Y","price":11.28},{"type":"A","date":"2018-05-03T06:29:49.000Z","volume":2000,"label":" ","price":11.28},{"type":"A","date":"2018-05-03T06:29:49.000Z","volume":2000,"label":"Y","price":11.28},{"type":"A","date":"2018-05-03T06:30:47.000Z","volume":4000,"label":" ","price":11.28},{"type":"A","date":"2018-05-03T06:30:47.000Z","volume":2000,"label":" ","price":11.28},{"type":"B","date":"2018-05-03T06:30:48.000Z","volume":4000,"label":" ","price":11.28},{"type":"U","date":"2018-05-03T06:31:17.000Z","volume":2000,"label":"X","price":11.278},{"type":"A","date":"2018-05-03T06:31:46.000Z","volume":2000,"label":" ","price":11.3},{"type":"A","date":"2018-05-03T06:31:46.000Z","volume":2000,"label":" ","price":11.3},{"type":"A","date":"2018-05-03T06:31:46.000Z","volume":2000,"label":" ","price":11.3},{"type":"A","date":"2018-05-03T06:32:44.000Z","volume":2000,"label":" ","price":11.3},{"type":"U","date":"2018-05-03T06:32:44.000Z","volume":4000,"label":" ","price":11.3},{"type":"U","date":"2018-05-03T06:32:44.000Z","volume":2000,"label":" ","price":11.3},{"type":"B","date":"2018-05-03T06:32:55.000Z","volume":2000,"label":" ","price":11.26},{"type":"A","date":"2018-05-03T06:33:42.000Z","volume":4000,"label":" ","price":11.3},{"type":"A","date":"2018-05-03T06:33:42.000Z","volume":4000,"label":" ","price":11.3},{"type":"A","date":"2018-05-03T06:34:40.000Z","volume":2000,"label":" ","price":11.3},{"type":"A","date":"2018-05-03T06:34:40.000Z","volume":4000,"label":" ","price":11.3},{"type":"A","date":"2018-05-03T06:35:38.000Z","volume":4000,"label":" ","price":11.28},{"type":"A","date":"2018-05-03T06:35:38.000Z","volume":2000,"label":" ","price":11.28},{"type":"A","date":"2018-05-03T06:35:38.000Z","volume":2000,"label":" ","price":11.28},{"type":"A","date":"2018-05-03T06:35:38.000Z","volume":4000,"label":" ","price":11.28},{"type":"B","date":"2018-05-03T06:35:38.000Z","volume":2000,"label":" ","price":11.28},{"type":"U","date":"2018-05-03T06:35:51.000Z","volume":2000,"label":"X","price":11.27},{"type":"A","date":"2018-05-03T06:36:36.000Z","volume":4000,"label":" ","price":11.3},{"type":"A","date":"2018-05-03T06:36:37.000Z","volume":2000,"label":" ","price":11.3},{"type":"A","date":"2018-05-03T06:37:34.000Z","volume":4000,"label":" ","price":11.3},{"type":"A","date":"2018-05-03T06:37:34.000Z","volume":4000,"label":" ","price":11.3},{"type":"A","date":"2018-05-03T06:38:33.000Z","volume":4000,"label":" ","price":11.3},{"type":"A","date":"2018-05-03T06:38:33.000Z","volume":2000,"label":" ","price":11.3},{"type":"A","date":"2018-05-03T06:38:33.000Z","volume":2000,"label":" ","price":11.3},{"type":"A","date":"2018-05-03T06:38:36.000Z","volume":14000,"label":" ","price":11.3},{"type":"A","date":"2018-05-03T06:39:31.000Z","volume":4000,"label":" ","price":11.32},{"type":"A","date":"2018-05-03T06:39:31.000Z","volume":2000,"label":" ","price":11.32},{"type":"A","date":"2018-05-03T06:40:23.000Z","volume":10000,"label":" ","price":11.32},{"type":"A","date":"2018-05-03T06:40:29.000Z","volume":2000,"label":" ","price":11.32},{"type":"A","date":"2018-05-03T06:40:29.000Z","volume":2000,"label":" ","price":11.32},{"type":"A","date":"2018-05-03T06:40:29.000Z","volume":4000,"label":" ","price":11.32},{"type":"A","date":"2018-05-03T06:41:27.000Z","volume":2000,"label":" ","price":11.32},{"type":"A","date":"2018-05-03T06:41:27.000Z","volume":4000,"label":" ","price":11.32},{"type":"U","date":"2018-05-03T06:41:27.000Z","volume":2000,"label":" ","price":11.32},{"type":"A","date":"2018-05-03T06:42:26.000Z","volume":4000,"label":" ","price":11.32},{"type":"B","date":"2018-05-03T06:42:26.000Z","volume":4000,"label":" ","price":11.32},{"type":"A","date":"2018-05-03T06:43:24.000Z","volume":2000,"label":" ","price":11.32},{"type":"A","date":"2018-05-03T06:43:24.000Z","volume":4000,"label":" ","price":11.32},{"type":"A","date":"2018-05-03T06:43:24.000Z","volume":2000,"label":" ","price":11.32},{"type":"A","date":"2018-05-03T06:44:10.000Z","volume":2000,"label":" ","price":11.32},{"type":"A","date":"2018-05-03T06:44:10.000Z","volume":12000,"label":" ","price":11.34},{"type":"A","date":"2018-05-03T06:44:22.000Z","volume":4000,"label":" ","price":11.34},{"type":"A","date":"2018-05-03T06:44:22.000Z","volume":2000,"label":" ","price":11.34},{"type":"A","date":"2018-05-03T06:44:35.000Z","volume":6000,"label":" ","price":11.32},{"type":"A","date":"2018-05-03T06:44:35.000Z","volume":6000,"label":" ","price":11.34},{"type":"A","date":"2018-05-03T06:45:20.000Z","volume":4000,"label":" ","price":11.32},{"type":"A","date":"2018-05-03T06:45:20.000Z","volume":4000,"label":" ","price":11.32},{"type":"U","date":"2018-05-03T06:46:17.000Z","volume":2000,"label":"X","price":11.318},{"type":"A","date":"2018-05-03T06:46:19.000Z","volume":2000,"label":" ","price":11.32},{"type":"A","date":"2018-05-03T06:46:19.000Z","volume":4000,"label":" ","price":11.32},{"type":"A","date":"2018-05-03T06:46:19.000Z","volume":2000,"label":" ","price":11.32},{"type":"A","date":"2018-05-03T06:46:19.000Z","volume":2000,"label":" ","price":11.32},{"type":"A","date":"2018-05-03T06:46:19.000Z","volume":2000,"label":" ","price":11.32},{"type":"U","date":"2018-05-03T06:46:28.000Z","volume":2000,"label":"X","price":11.3},{"type":"A","date":"2018-05-03T06:47:17.000Z","volume":4000,"label":" ","price":11.32},{"type":"A","date":"2018-05-03T06:47:17.000Z","volume":4000,"label":" ","price":11.32},{"type":"A","date":"2018-05-03T06:48:15.000Z","volume":4000,"label":" ","price":11.3},{"type":"A","date":"2018-05-03T06:48:15.000Z","volume":2000,"label":" ","price":11.3},{"type":"A","date":"2018-05-03T06:49:14.000Z","volume":2000,"label":" ","price":11.3},{"type":"A","date":"2018-05-03T06:49:14.000Z","volume":2000,"label":" ","price":11.3},{"type":"A","date":"2018-05-03T06:49:14.000Z","volume":4000,"label":" ","price":11.3},{"type":"A","date":"2018-05-03T06:49:14.000Z","volume":10000,"label":" ","price":11.3},{"type":"B","date":"2018-05-03T06:49:21.000Z","volume":20000,"label":" ","price":11.28},{"type":"U","date":"2018-05-03T06:49:21.000Z","volume":2000,"label":"X","price":11.28},{"type":"U","date":"2018-05-03T06:49:36.000Z","volume":2000,"label":"X","price":11.27},{"type":"U","date":"2018-05-03T06:50:07.000Z","volume":2000,"label":"X","price":11.24},{"type":"B","date":"2018-05-03T06:50:07.000Z","volume":2000,"label":" ","price":11.24},{"type":"B","date":"2018-05-03T06:50:07.000Z","volume":12000,"label":" ","price":11.24},{"type":"B","date":"2018-05-03T06:50:07.000Z","volume":2000,"label":" ","price":11.24},{"type":"B","date":"2018-05-03T06:50:07.000Z","volume":2000,"label":" ","price":11.24},{"type":"B","date":"2018-05-03T06:50:07.000Z","volume":2000,"label":" ","price":11.24},{"type":"B","date":"2018-05-03T06:50:07.000Z","volume":2000,"label":" ","price":11.24},{"type":"B","date":"2018-05-03T06:50:08.000Z","volume":2000,"label":" ","price":11.24},{"type":"A","date":"2018-05-03T06:50:13.000Z","volume":4000,"label":" ","price":11.28},{"type":"A","date":"2018-05-03T06:50:13.000Z","volume":4000,"label":" ","price":11.28},{"type":"A","date":"2018-05-03T06:51:11.000Z","volume":4000,"label":" ","price":11.28},{"type":"A","date":"2018-05-03T06:51:11.000Z","volume":2000,"label":" ","price":11.28},{"type":"A","date":"2018-05-03T06:51:11.000Z","volume":2000,"label":" ","price":11.28},{"type":"U","date":"2018-05-03T06:51:17.000Z","volume":2000,"label":"X","price":11.283},{"type":"A","date":"2018-05-03T06:51:29.000Z","volume":14000,"label":" ","price":11.28},{"type":"A","date":"2018-05-03T06:52:09.000Z","volume":4000,"label":" ","price":11.28},{"type":"B","date":"2018-05-03T06:52:09.000Z","volume":4000,"label":" ","price":11.28},{"type":"A","date":"2018-05-03T06:53:07.000Z","volume":2000,"label":" ","price":11.3},{"type":"A","date":"2018-05-03T06:53:07.000Z","volume":6000,"label":" ","price":11.3},{"type":"A","date":"2018-05-03T06:53:45.000Z","volume":8000,"label":" ","price":11.3},{"type":"A","date":"2018-05-03T06:54:05.000Z","volume":4000,"label":" ","price":11.3},{"type":"A","date":"2018-05-03T06:54:06.000Z","volume":2000,"label":" ","price":11.3},{"type":"A","date":"2018-05-03T06:54:06.000Z","volume":4000,"label":" ","price":11.3},{"type":"A","date":"2018-05-03T06:55:04.000Z","volume":4000,"label":" ","price":11.3},{"type":"A","date":"2018-05-03T06:55:04.000Z","volume":2000,"label":" ","price":11.3},{"type":"A","date":"2018-05-03T06:56:03.000Z","volume":4000,"label":" ","price":11.32},{"type":"A","date":"2018-05-03T06:56:03.000Z","volume":2000,"label":" ","price":11.32},{"type":"A","date":"2018-05-03T06:57:01.000Z","volume":2000,"label":" ","price":11.32},{"type":"A","date":"2018-05-03T06:57:01.000Z","volume":4000,"label":" ","price":11.32},{"type":"A","date":"2018-05-03T06:57:01.000Z","volume":2000,"label":" ","price":11.32},{"type":"A","date":"2018-05-03T06:57:01.000Z","volume":2000,"label":" ","price":11.32},{"type":"A","date":"2018-05-03T06:57:01.000Z","volume":4000,"label":" ","price":11.32},{"type":"U","date":"2018-05-03T06:57:26.000Z","volume":2000,"label":"X","price":11.29},{"type":"A","date":"2018-05-03T06:57:58.000Z","volume":10000,"label":" ","price":11.32},{"type":"A","date":"2018-05-03T06:57:59.000Z","volume":4000,"label":" ","price":11.32},{"type":"A","date":"2018-05-03T06:57:59.000Z","volume":2000,"label":" ","price":11.32},{"type":"A","date":"2018-05-03T06:58:57.000Z","volume":4000,"label":" ","price":11.32},{"type":"A","date":"2018-05-03T06:58:57.000Z","volume":2000,"label":" ","price":11.32},{"type":"A","date":"2018-05-03T06:58:57.000Z","volume":2000,"label":" ","price":11.32},{"type":"A","date":"2018-05-03T06:59:46.000Z","volume":30000,"label":" ","price":11.34},{"type":"A","date":"2018-05-03T06:59:46.000Z","volume":2000,"label":" ","price":11.34},{"type":"A","date":"2018-05-03T06:59:55.000Z","volume":4000,"label":" ","price":11.34},{"type":"A","date":"2018-05-03T06:59:55.000Z","volume":2000,"label":" ","price":11.34},{"type":"A","date":"2018-05-03T06:59:55.000Z","volume":2000,"label":" ","price":11.34},{"type":"A","date":"2018-05-03T07:00:54.000Z","volume":4000,"label":" ","price":11.34},{"type":"A","date":"2018-05-03T07:00:54.000Z","volume":2000,"label":" ","price":11.34},{"type":"B","date":"2018-05-03T07:00:56.000Z","volume":2000,"label":" ","price":11.26},{"type":"A","date":"2018-05-03T07:01:54.000Z","volume":4000,"label":" ","price":11.32},{"type":"A","date":"2018-05-03T07:01:54.000Z","volume":4000,"label":" ","price":11.32},{"type":"U","date":"2018-05-03T07:02:18.000Z","volume":2000,"label":"X","price":11.29},{"type":"U","date":"2018-05-03T07:02:43.000Z","volume":2000,"label":"X","price":11.29},{"type":"A","date":"2018-05-03T07:02:51.000Z","volume":4000,"label":" ","price":11.32},{"type":"A","date":"2018-05-03T07:04:48.000Z","volume":4000,"label":" ","price":11.32},{"type":"A","date":"2018-05-03T07:04:48.000Z","volume":2000,"label":" ","price":11.32},{"type":"A","date":"2018-05-03T07:04:48.000Z","volume":2000,"label":" ","price":11.32},{"type":"A","date":"2018-05-03T07:05:46.000Z","volume":4000,"label":" ","price":11.32},{"type":"A","date":"2018-05-03T07:05:47.000Z","volume":4000,"label":" ","price":11.32},{"type":"A","date":"2018-05-03T07:06:37.000Z","volume":4000,"label":"Y","price":11.3},{"type":"A","date":"2018-05-03T07:06:45.000Z","volume":4000,"label":"Y","price":11.3},{"type":"A","date":"2018-05-03T07:06:45.000Z","volume":2000,"label":"Y","price":11.3},{"type":"A","date":"2018-05-03T07:07:48.000Z","volume":2000,"label":"Y","price":11.3},{"type":"A","date":"2018-05-03T07:07:48.000Z","volume":2000,"label":" ","price":11.3},{"type":"A","date":"2018-05-03T07:07:50.000Z","volume":4000,"label":" ","price":11.3},{"type":"A","date":"2018-05-03T07:07:50.000Z","volume":2000,"label":" ","price":11.3},{"type":"A","date":"2018-05-03T07:07:50.000Z","volume":2000,"label":" ","price":11.3},{"type":"A","date":"2018-05-03T07:07:50.000Z","volume":2000,"label":" ","price":11.3},{"type":"A","date":"2018-05-03T07:08:18.000Z","volume":2000,"label":" ","price":11.3},{"type":"A","date":"2018-05-03T07:08:42.000Z","volume":4000,"label":" ","price":11.3},{"type":"A","date":"2018-05-03T07:08:42.000Z","volume":2000,"label":" ","price":11.3},{"type":"A","date":"2018-05-03T07:09:40.000Z","volume":4000,"label":" ","price":11.3},{"type":"A","date":"2018-05-03T07:09:40.000Z","volume":2000,"label":" ","price":11.3},{"type":"U","date":"2018-05-03T07:10:26.000Z","volume":2000,"label":"X","price":11.26},{"type":"B","date":"2018-05-03T07:10:26.000Z","volume":6000,"label":" ","price":11.26},{"type":"B","date":"2018-05-03T07:10:26.000Z","volume":2000,"label":" ","price":11.26},{"type":"B","date":"2018-05-03T07:10:26.000Z","volume":2000,"label":" ","price":11.26},{"type":"A","date":"2018-05-03T07:10:38.000Z","volume":4000,"label":" ","price":11.3},{"type":"A","date":"2018-05-03T07:10:38.000Z","volume":2000,"label":" ","price":11.3},{"type":"A","date":"2018-05-03T07:10:38.000Z","volume":4000,"label":" ","price":11.3},{"type":"A","date":"2018-05-03T07:11:36.000Z","volume":4000,"label":" ","price":11.3},{"type":"U","date":"2018-05-03T07:11:36.000Z","volume":2000,"label":" ","price":11.3},{"type":"A","date":"2018-05-03T07:11:46.000Z","volume":18000,"label":" ","price":11.32},{"type":"A","date":"2018-05-03T07:11:46.000Z","volume":2000,"label":" ","price":11.32},{"type":"A","date":"2018-05-03T07:12:34.000Z","volume":2000,"label":" ","price":11.32},{"type":"A","date":"2018-05-03T07:12:34.000Z","volume":2000,"label":" ","price":11.32},{"type":"A","date":"2018-05-03T07:12:34.000Z","volume":6000,"label":" ","price":11.32},{"type":"A","date":"2018-05-03T07:12:54.000Z","volume":4000,"label":" ","price":11.32},{"type":"A","date":"2018-05-03T07:12:54.000Z","volume":6000,"label":" ","price":11.32},{"type":"A","date":"2018-05-03T07:12:54.000Z","volume":2000,"label":" ","price":11.32},{"type":"U","date":"2018-05-03T07:13:17.000Z","volume":2000,"label":"X","price":11.306},{"type":"A","date":"2018-05-03T07:13:33.000Z","volume":2000,"label":" ","price":11.32},{"type":"A","date":"2018-05-03T07:13:33.000Z","volume":4000,"label":" ","price":11.32},{"type":"A","date":"2018-05-03T07:14:32.000Z","volume":4000,"label":" ","price":11.32},{"type":"A","date":"2018-05-03T07:14:32.000Z","volume":4000,"label":" ","price":11.32},{"type":"A","date":"2018-05-03T07:15:30.000Z","volume":4000,"label":" ","price":11.32},{"type":"A","date":"2018-05-03T07:15:30.000Z","volume":2000,"label":" ","price":11.32},{"type":"A","date":"2018-05-03T07:15:30.000Z","volume":2000,"label":" ","price":11.32},{"type":"A","date":"2018-05-03T07:16:28.000Z","volume":4000,"label":" ","price":11.34},{"type":"A","date":"2018-05-03T07:16:28.000Z","volume":2000,"label":" ","price":11.34},{"type":"A","date":"2018-05-03T07:16:58.000Z","volume":8000,"label":" ","price":11.34},{"type":"A","date":"2018-05-03T07:17:26.000Z","volume":4000,"label":" ","price":11.32},{"type":"A","date":"2018-05-03T07:17:26.000Z","volume":2000,"label":" ","price":11.32},{"type":"A","date":"2018-05-03T07:17:26.000Z","volume":2000,"label":" ","price":11.32},{"type":"B","date":"2018-05-03T07:17:33.000Z","volume":20000,"label":" ","price":11.26},{"type":"B","date":"2018-05-03T07:17:34.000Z","volume":2000,"label":" ","price":11.26},{"type":"B","date":"2018-05-03T07:17:34.000Z","volume":2000,"label":" ","price":11.26},{"type":"A","date":"2018-05-03T07:18:24.000Z","volume":2000,"label":" ","price":11.32},{"type":"A","date":"2018-05-03T07:18:24.000Z","volume":2000,"label":" ","price":11.32},{"type":"A","date":"2018-05-03T07:18:24.000Z","volume":2000,"label":" ","price":11.32},{"type":"A","date":"2018-05-03T07:18:24.000Z","volume":2000,"label":" ","price":11.32},{"type":"A","date":"2018-05-03T07:18:24.000Z","volume":4000,"label":" ","price":11.32},{"type":"A","date":"2018-05-03T07:19:23.000Z","volume":4000,"label":" ","price":11.32},{"type":"A","date":"2018-05-03T07:19:23.000Z","volume":2000,"label":" ","price":11.32},{"type":"A","date":"2018-05-03T07:19:23.000Z","volume":2000,"label":" ","price":11.32},{"type":"A","date":"2018-05-03T07:20:22.000Z","volume":2000,"label":" ","price":11.32},{"type":"A","date":"2018-05-03T07:20:22.000Z","volume":2000,"label":" ","price":11.32},{"type":"A","date":"2018-05-03T07:20:22.000Z","volume":6000,"label":" ","price":11.32},{"type":"U","date":"2018-05-03T07:20:23.000Z","volume":2000,"label":"X","price":11.26},{"type":"B","date":"2018-05-03T07:20:23.000Z","volume":4000,"label":" ","price":11.26},{"type":"B","date":"2018-05-03T07:20:23.000Z","volume":2000,"label":" ","price":11.26},{"type":"A","date":"2018-05-03T07:20:31.000Z","volume":4000,"label":" ","price":11.3},{"type":"A","date":"2018-05-03T07:21:20.000Z","volume":2000,"label":" ","price":11.32},{"type":"A","date":"2018-05-03T07:21:20.000Z","volume":4000,"label":" ","price":11.32},{"type":"A","date":"2018-05-03T07:21:24.000Z","volume":12000,"label":" ","price":11.32},{"type":"A","date":"2018-05-03T07:22:18.000Z","volume":4000,"label":"Y","price":11.3},{"type":"A","date":"2018-05-03T07:22:18.000Z","volume":4000,"label":"Y","price":11.3},{"type":"U","date":"2018-05-03T07:22:19.000Z","volume":2000,"label":"X","price":11.26},{"type":"A","date":"2018-05-03T07:22:19.000Z","volume":2000,"label":" ","price":11.3},{"type":"A","date":"2018-05-03T07:23:16.000Z","volume":4000,"label":" ","price":11.3},{"type":"A","date":"2018-05-03T07:23:16.000Z","volume":2000,"label":" ","price":11.3},{"type":"A","date":"2018-05-03T07:23:16.000Z","volume":2000,"label":" ","price":11.3},{"type":"U","date":"2018-05-03T07:23:17.000Z","volume":2000,"label":"X","price":11.306},{"type":"A","date":"2018-05-03T07:24:14.000Z","volume":4000,"label":" ","price":11.3},{"type":"A","date":"2018-05-03T07:24:14.000Z","volume":4000,"label":" ","price":11.3},{"type":"A","date":"2018-05-03T07:25:12.000Z","volume":2000,"label":" ","price":11.3},{"type":"A","date":"2018-05-03T07:25:12.000Z","volume":4000,"label":" ","price":11.3},{"type":"A","date":"2018-05-03T07:26:15.000Z","volume":2000,"label":" ","price":11.3},{"type":"A","date":"2018-05-03T07:26:16.000Z","volume":4000,"label":" ","price":11.3},{"type":"A","date":"2018-05-03T07:26:16.000Z","volume":4000,"label":" ","price":11.3},{"type":"A","date":"2018-05-03T07:26:56.000Z","volume":8000,"label":" ","price":11.3},{"type":"U","date":"2018-05-03T07:26:58.000Z","volume":2000,"label":"X","price":11.26},{"type":"A","date":"2018-05-03T07:27:09.000Z","volume":2000,"label":" ","price":11.3},{"type":"A","date":"2018-05-03T07:27:09.000Z","volume":2000,"label":" ","price":11.3},{"type":"A","date":"2018-05-03T07:27:09.000Z","volume":2000,"label":" ","price":11.3},{"type":"A","date":"2018-05-03T07:28:16.000Z","volume":2000,"label":" ","price":11.32},{"type":"A","date":"2018-05-03T07:28:17.000Z","volume":4000,"label":" ","price":11.32},{"type":"A","date":"2018-05-03T07:28:53.000Z","volume":4000,"label":" ","price":11.32},{"type":"A","date":"2018-05-03T07:28:59.000Z","volume":10000,"label":" ","price":11.32},{"type":"A","date":"2018-05-03T07:28:59.000Z","volume":2000,"label":" ","price":11.32},{"type":"A","date":"2018-05-03T07:28:59.000Z","volume":14000,"label":" ","price":11.32},{"type":"A","date":"2018-05-03T07:29:05.000Z","volume":4000,"label":" ","price":11.32},{"type":"A","date":"2018-05-03T07:29:06.000Z","volume":4000,"label":" ","price":11.32},{"type":"A","date":"2018-05-03T07:29:06.000Z","volume":2000,"label":" ","price":11.32},{"type":"A","date":"2018-05-03T07:29:06.000Z","volume":2000,"label":" ","price":11.32},{"type":"A","date":"2018-05-03T07:29:06.000Z","volume":2000,"label":" ","price":11.32},{"type":"U","date":"2018-05-03T07:29:07.000Z","volume":2000,"label":"X","price":11.26},{"type":"U","date":"2018-05-03T07:29:10.000Z","volume":2000,"label":"X","price":11.28},{"type":"A","date":"2018-05-03T07:30:04.000Z","volume":4000,"label":" ","price":11.3},{"type":"A","date":"2018-05-03T07:30:04.000Z","volume":2000,"label":" ","price":11.3},{"type":"U","date":"2018-05-03T07:30:50.000Z","volume":2000,"label":" ","price":11.28},{"type":"A","date":"2018-05-03T07:31:02.000Z","volume":4000,"label":" ","price":11.3},{"type":"A","date":"2018-05-03T07:31:24.000Z","volume":30000,"label":" ","price":11.32},{"type":"A","date":"2018-05-03T07:32:00.000Z","volume":2000,"label":" ","price":11.32},{"type":"A","date":"2018-05-03T07:32:05.000Z","volume":4000,"label":" ","price":11.32},{"type":"U","date":"2018-05-03T07:32:52.000Z","volume":2000,"label":"X","price":11.3},{"type":"A","date":"2018-05-03T07:32:58.000Z","volume":2000,"label":" ","price":11.32},{"type":"A","date":"2018-05-03T07:32:58.000Z","volume":4000,"label":" ","price":11.32},{"type":"U","date":"2018-05-03T07:33:17.000Z","volume":2000,"label":"X","price":11.317},{"type":"A","date":"2018-05-03T07:33:58.000Z","volume":4000,"label":" ","price":11.32},{"type":"A","date":"2018-05-03T07:33:58.000Z","volume":4000,"label":" ","price":11.32},{"type":"A","date":"2018-05-03T07:33:58.000Z","volume":2000,"label":" ","price":11.32},{"type":"U","date":"2018-05-03T07:33:59.000Z","volume":2000,"label":"X","price":11.3},{"type":"B","date":"2018-05-03T07:33:59.000Z","volume":36000,"label":" ","price":11.3},{"type":"B","date":"2018-05-03T07:33:59.000Z","volume":10000,"label":" ","price":11.3},{"type":"U","date":"2018-05-03T07:34:35.000Z","volume":2000,"label":"X","price":11.28},{"type":"A","date":"2018-05-03T07:34:56.000Z","volume":4000,"label":" ","price":11.32},{"type":"A","date":"2018-05-03T07:34:56.000Z","volume":2000,"label":" ","price":11.32},{"type":"A","date":"2018-05-03T07:35:54.000Z","volume":4000,"label":" ","price":11.32},{"type":"A","date":"2018-05-03T07:35:54.000Z","volume":4000,"label":" ","price":11.32},{"type":"A","date":"2018-05-03T07:36:52.000Z","volume":4000,"label":" ","price":11.3},{"type":"A","date":"2018-05-03T07:36:52.000Z","volume":2000,"label":" ","price":11.3},{"type":"A","date":"2018-05-03T07:36:52.000Z","volume":2000,"label":" ","price":11.3},{"type":"B","date":"2018-05-03T07:37:34.000Z","volume":2000,"label":" ","price":11.28},{"type":"U","date":"2018-05-03T07:37:39.000Z","volume":2000,"label":"X","price":11.28},{"type":"A","date":"2018-05-03T07:37:50.000Z","volume":4000,"label":" ","price":11.3},{"type":"A","date":"2018-05-03T07:37:50.000Z","volume":4000,"label":" ","price":11.3},{"type":"U","date":"2018-05-03T07:37:52.000Z","volume":2000,"label":"X","price":11.28},{"type":"A","date":"2018-05-03T07:38:48.000Z","volume":4000,"label":" ","price":11.3},{"type":"A","date":"2018-05-03T07:38:48.000Z","volume":2000,"label":" ","price":11.3},{"type":"A","date":"2018-05-03T07:38:48.000Z","volume":2000,"label":" ","price":11.3},{"type":"A","date":"2018-05-03T07:38:48.000Z","volume":2000,"label":" ","price":11.3},{"type":"A","date":"2018-05-03T07:38:53.000Z","volume":2000,"label":" ","price":11.3},{"type":"A","date":"2018-05-03T07:39:47.000Z","volume":2000,"label":" ","price":11.3},{"type":"A","date":"2018-05-03T07:39:47.000Z","volume":4000,"label":" ","price":11.3},{"type":"B","date":"2018-05-03T07:39:59.000Z","volume":22000,"label":" ","price":11.28},{"type":"B","date":"2018-05-03T07:39:59.000Z","volume":32000,"label":" ","price":11.26},{"type":"B","date":"2018-05-03T07:39:59.000Z","volume":20000,"label":" ","price":11.24},{"type":"A","date":"2018-05-03T07:39:59.000Z","volume":4000,"label":" ","price":11.24},{"type":"A","date":"2018-05-03T07:40:03.000Z","volume":50000,"label":" ","price":11.24},{"type":"A","date":"2018-05-03T07:40:11.000Z","volume":26000,"label":" ","price":11.24},{"type":"A","date":"2018-05-03T07:40:30.000Z","volume":30000,"label":" ","price":11.24},{"type":"A","date":"2018-05-03T07:40:30.000Z","volume":18000,"label":" ","price":11.24},{"type":"A","date":"2018-05-03T07:40:45.000Z","volume":4000,"label":" ","price":11.28},{"type":"A","date":"2018-05-03T07:40:45.000Z","volume":4000,"label":" ","price":11.28},{"type":"U","date":"2018-05-03T07:40:54.000Z","volume":2000,"label":"X","price":11.24},{"type":"U","date":"2018-05-03T07:40:54.000Z","volume":2000,"label":"X","price":11.24},{"type":"B","date":"2018-05-03T07:40:54.000Z","volume":4000,"label":" ","price":11.24},{"type":"B","date":"2018-05-03T07:40:54.000Z","volume":2000,"label":" ","price":11.24},{"type":"B","date":"2018-05-03T07:40:54.000Z","volume":2000,"label":" ","price":11.24},{"type":"U","date":"2018-05-03T07:41:16.000Z","volume":2000,"label":"X","price":11.267},{"type":"A","date":"2018-05-03T07:41:43.000Z","volume":2000,"label":" ","price":11.28},{"type":"A","date":"2018-05-03T07:41:43.000Z","volume":2000,"label":" ","price":11.28},{"type":"A","date":"2018-05-03T07:41:43.000Z","volume":4000,"label":" ","price":11.28},{"type":"A","date":"2018-05-03T07:42:42.000Z","volume":4000,"label":" ","price":11.28},{"type":"A","date":"2018-05-03T07:42:42.000Z","volume":4000,"label":" ","price":11.28},{"type":"A","date":"2018-05-03T07:43:40.000Z","volume":4000,"label":" ","price":11.28},{"type":"A","date":"2018-05-03T07:43:40.000Z","volume":2000,"label":" ","price":11.28},{"type":"A","date":"2018-05-03T07:44:38.000Z","volume":2000,"label":" ","price":11.3},{"type":"A","date":"2018-05-03T07:44:38.000Z","volume":4000,"label":" ","price":11.3},{"type":"A","date":"2018-05-03T07:44:38.000Z","volume":2000,"label":" ","price":11.3},{"type":"A","date":"2018-05-03T07:44:38.000Z","volume":2000,"label":" ","price":11.3},{"type":"A","date":"2018-05-03T07:45:09.000Z","volume":4000,"label":" ","price":11.3},{"type":"A","date":"2018-05-03T07:45:37.000Z","volume":4000,"label":" ","price":11.3},{"type":"A","date":"2018-05-03T07:45:37.000Z","volume":4000,"label":" ","price":11.3},{"type":"A","date":"2018-05-03T07:46:04.000Z","volume":4000,"label":" ","price":11.3},{"type":"A","date":"2018-05-03T07:46:35.000Z","volume":4000,"label":" ","price":11.3},{"type":"A","date":"2018-05-03T07:46:35.000Z","volume":2000,"label":" ","price":11.3},{"type":"A","date":"2018-05-03T07:47:24.000Z","volume":2000,"label":" ","price":11.3},{"type":"A","date":"2018-05-03T07:47:33.000Z","volume":2000,"label":" ","price":11.3},{"type":"U","date":"2018-05-03T07:47:33.000Z","volume":4000,"label":" ","price":11.3},{"type":"B","date":"2018-05-03T07:47:34.000Z","volume":6000,"label":" ","price":11.3},{"type":"A","date":"2018-05-03T07:47:38.000Z","volume":2000,"label":" ","price":11.32},{"type":"A","date":"2018-05-03T07:47:38.000Z","volume":2000,"label":" ","price":11.32},{"type":"A","date":"2018-05-03T07:47:38.000Z","volume":2000,"label":" ","price":11.32},{"type":"A","date":"2018-05-03T07:48:18.000Z","volume":2000,"label":" ","price":11.32},{"type":"B","date":"2018-05-03T07:55:20.000Z","volume":2000,"label":" ","price":11.28},{"type":"B","date":"2018-05-03T07:55:21.000Z","volume":4000,"label":" ","price":11.28},{"type":"U","date":"2018-05-03T07:55:51.000Z","volume":2000,"label":"X","price":11.27},{"type":"B","date":"2018-05-03T07:56:02.000Z","volume":6000,"label":" ","price":11.26},{"type":"B","date":"2018-05-03T07:56:02.000Z","volume":6000,"label":" ","price":11.24},{"type":"B","date":"2018-05-03T07:56:02.000Z","volume":8000,"label":" ","price":11.22},{"type":"A","date":"2018-05-03T07:57:22.000Z","volume":2000,"label":" ","price":11.28},{"type":"B","date":"2018-05-03T07:57:31.000Z","volume":2000,"label":" ","price":11.24},{"type":"A","date":"2018-05-03T07:57:54.000Z","volume":18000,"label":" ","price":11.26},{"type":"B","date":"2018-05-03T07:57:56.000Z","volume":2000,"label":" ","price":11.28},{"type":"A","date":"2018-05-03T07:58:45.000Z","volume":2000,"label":" ","price":11.28},{"type":"B","date":"2018-05-03T07:59:04.000Z","volume":2000,"label":" ","price":11.24},{"type":"A","date":"2018-05-03T07:59:21.000Z","volume":2000,"label":" ","price":11.28},{"type":"A","date":"2018-05-03T07:59:30.000Z","volume":2000,"label":" ","price":11.28},{"type":"U","date":"2018-05-03T08:08:12.000Z","volume":22000,"label":"U","price":11.3}]