[{"type":"U","date":"2018-03-23T01:20:00.000Z","volume":316000,"label":"U","price":2.2},{"type":"A","date":"2018-03-23T01:30:00.000Z","volume":54000,"label":" ","price":2.2},{"type":"B","date":"2018-03-23T01:30:00.000Z","volume":22000,"label":" ","price":2.19},{"type":"A","date":"2018-03-23T01:30:04.000Z","volume":112000,"label":" ","price":2.27},{"type":"A","date":"2018-03-23T01:30:04.000Z","volume":38000,"label":" ","price":2.28},{"type":"B","date":"2018-03-23T01:30:06.000Z","volume":6000,"label":" ","price":2.2},{"type":"B","date":"2018-03-23T01:30:23.000Z","volume":30000,"label":" ","price":2.21},{"type":"B","date":"2018-03-23T01:30:23.000Z","volume":50000,"label":"Y","price":2.2},{"type":"B","date":"2018-03-23T01:30:23.000Z","volume":350000,"label":" ","price":2.2},{"type":"B","date":"2018-03-23T01:30:23.000Z","volume":22000,"label":" ","price":2.19},{"type":"B","date":"2018-03-23T01:30:23.000Z","volume":54000,"label":" ","price":2.18},{"type":"B","date":"2018-03-23T01:30:23.000Z","volume":410000,"label":" ","price":2.18},{"type":"B","date":"2018-03-23T01:30:23.000Z","volume":12000,"label":" ","price":2.18},{"type":"B","date":"2018-03-23T01:30:23.000Z","volume":2000,"label":" ","price":2.18},{"type":"A","date":"2018-03-23T01:30:23.000Z","volume":164000,"label":" ","price":2.18},{"type":"A","date":"2018-03-23T01:30:23.000Z","volume":12000,"label":" ","price":2.18},{"type":"B","date":"2018-03-23T01:30:47.000Z","volume":30000,"label":" ","price":2.21},{"type":"B","date":"2018-03-23T01:30:51.000Z","volume":6000,"label":" ","price":2.22},{"type":"B","date":"2018-03-23T01:30:51.000Z","volume":24000,"label":" ","price":2.21},{"type":"A","date":"2018-03-23T01:30:52.000Z","volume":4000,"label":"Y","price":2.26},{"type":"B","date":"2018-03-23T01:30:52.000Z","volume":90000,"label":" ","price":2.22},{"type":"B","date":"2018-03-23T01:31:02.000Z","volume":40000,"label":" ","price":2.21},{"type":"B","date":"2018-03-23T01:31:02.000Z","volume":20000,"label":" ","price":2.21},{"type":"B","date":"2018-03-23T01:31:06.000Z","volume":20000,"label":" ","price":2.21},{"type":"B","date":"2018-03-23T01:31:15.000Z","volume":110000,"label":" ","price":2.21},{"type":"B","date":"2018-03-23T01:31:17.000Z","volume":100000,"label":" ","price":2.21},{"type":"B","date":"2018-03-23T01:31:21.000Z","volume":6000,"label":" ","price":2.22},{"type":"B","date":"2018-03-23T01:31:31.000Z","volume":20000,"label":" ","price":2.2},{"type":"A","date":"2018-03-23T01:31:35.000Z","volume":40000,"label":" ","price":2.22},{"type":"B","date":"2018-03-23T01:31:45.000Z","volume":4000,"label":" ","price":2.21},{"type":"B","date":"2018-03-23T01:32:36.000Z","volume":172000,"label":" ","price":2.21},{"type":"B","date":"2018-03-23T01:32:36.000Z","volume":28000,"label":" ","price":2.21},{"type":"A","date":"2018-03-23T01:33:01.000Z","volume":34000,"label":"Y","price":2.23},{"type":"A","date":"2018-03-23T01:33:01.000Z","volume":16000,"label":" ","price":2.23},{"type":"A","date":"2018-03-23T01:33:37.000Z","volume":20000,"label":" ","price":2.23},{"type":"B","date":"2018-03-23T01:33:45.000Z","volume":20000,"label":" ","price":2.22},{"type":"B","date":"2018-03-23T01:33:45.000Z","volume":8000,"label":" ","price":2.22},{"type":"B","date":"2018-03-23T01:34:08.000Z","volume":100000,"label":" ","price":2.21},{"type":"B","date":"2018-03-23T01:34:09.000Z","volume":10000,"label":" ","price":2.21},{"type":"B","date":"2018-03-23T01:34:21.000Z","volume":10000,"label":" ","price":2.22},{"type":"U","date":"2018-03-23T01:34:32.000Z","volume":10000,"label":" ","price":2.22},{"type":"A","date":"2018-03-23T01:34:53.000Z","volume":54000,"label":" ","price":2.23},{"type":"A","date":"2018-03-23T01:35:12.000Z","volume":10000,"label":" ","price":2.24},{"type":"A","date":"2018-03-23T01:35:12.000Z","volume":8000,"label":" ","price":2.24},{"type":"A","date":"2018-03-23T01:35:31.000Z","volume":30000,"label":" ","price":2.24},{"type":"A","date":"2018-03-23T01:35:31.000Z","volume":8000,"label":" ","price":2.24},{"type":"U","date":"2018-03-23T01:35:40.000Z","volume":8000,"label":" ","price":2.24},{"type":"A","date":"2018-03-23T01:35:41.000Z","volume":20000,"label":" ","price":2.25},{"type":"A","date":"2018-03-23T01:35:49.000Z","volume":20000,"label":" ","price":2.25},{"type":"A","date":"2018-03-23T01:35:51.000Z","volume":4000,"label":" ","price":2.25},{"type":"A","date":"2018-03-23T01:35:58.000Z","volume":4000,"label":" ","price":2.25},{"type":"A","date":"2018-03-23T01:36:02.000Z","volume":12000,"label":" ","price":2.25},{"type":"A","date":"2018-03-23T01:36:02.000Z","volume":88000,"label":" ","price":2.25},{"type":"A","date":"2018-03-23T01:36:08.000Z","volume":8000,"label":"Y","price":2.26},{"type":"A","date":"2018-03-23T01:36:08.000Z","volume":2000,"label":" ","price":2.26},{"type":"A","date":"2018-03-23T01:36:08.000Z","volume":10000,"label":"Y","price":2.27},{"type":"A","date":"2018-03-23T01:36:08.000Z","volume":180000,"label":" ","price":2.27},{"type":"A","date":"2018-03-23T01:36:18.000Z","volume":12000,"label":" ","price":2.26},{"type":"A","date":"2018-03-23T01:36:18.000Z","volume":84000,"label":" ","price":2.27},{"type":"A","date":"2018-03-23T01:36:18.000Z","volume":4000,"label":" ","price":2.28},{"type":"A","date":"2018-03-23T01:37:15.000Z","volume":10000,"label":" ","price":2.27},{"type":"A","date":"2018-03-23T01:37:35.000Z","volume":30000,"label":" ","price":2.27},{"type":"B","date":"2018-03-23T01:37:41.000Z","volume":28000,"label":" ","price":2.26},{"type":"B","date":"2018-03-23T01:37:41.000Z","volume":4000,"label":" ","price":2.26},{"type":"B","date":"2018-03-23T01:37:41.000Z","volume":22000,"label":" ","price":2.26},{"type":"A","date":"2018-03-23T01:37:55.000Z","volume":6000,"label":" ","price":2.26},{"type":"A","date":"2018-03-23T01:38:17.000Z","volume":14000,"label":" ","price":2.27},{"type":"A","date":"2018-03-23T01:38:17.000Z","volume":70000,"label":" ","price":2.27},{"type":"A","date":"2018-03-23T01:38:17.000Z","volume":16000,"label":" ","price":2.27},{"type":"B","date":"2018-03-23T01:38:24.000Z","volume":4000,"label":" ","price":2.26},{"type":"A","date":"2018-03-23T01:38:45.000Z","volume":10000,"label":" ","price":2.26},{"type":"A","date":"2018-03-23T01:39:07.000Z","volume":24000,"label":" ","price":2.27},{"type":"A","date":"2018-03-23T01:39:38.000Z","volume":20000,"label":" ","price":2.28},{"type":"A","date":"2018-03-23T01:39:42.000Z","volume":100000,"label":" ","price":2.28},{"type":"A","date":"2018-03-23T01:39:56.000Z","volume":120000,"label":" ","price":2.29},{"type":"A","date":"2018-03-23T01:40:07.000Z","volume":2000,"label":" ","price":2.29},{"type":"A","date":"2018-03-23T01:40:07.000Z","volume":42000,"label":" ","price":2.29},{"type":"A","date":"2018-03-23T01:40:07.000Z","volume":6000,"label":" ","price":2.29},{"type":"A","date":"2018-03-23T01:40:31.000Z","volume":30000,"label":" ","price":2.29},{"type":"B","date":"2018-03-23T01:40:36.000Z","volume":4000,"label":" ","price":2.28},{"type":"B","date":"2018-03-23T01:40:48.000Z","volume":2000,"label":" ","price":2.27},{"type":"B","date":"2018-03-23T01:40:56.000Z","volume":20000,"label":" ","price":2.27},{"type":"B","date":"2018-03-23T01:40:56.000Z","volume":46000,"label":" ","price":2.27},{"type":"A","date":"2018-03-23T01:41:01.000Z","volume":100000,"label":" ","price":2.28},{"type":"A","date":"2018-03-23T01:41:08.000Z","volume":100000,"label":" ","price":2.28},{"type":"A","date":"2018-03-23T01:41:09.000Z","volume":100000,"label":" ","price":2.28},{"type":"A","date":"2018-03-23T01:41:15.000Z","volume":150000,"label":" ","price":2.28},{"type":"U","date":"2018-03-23T01:41:18.000Z","volume":2000,"label":" ","price":2.27},{"type":"A","date":"2018-03-23T01:41:24.000Z","volume":6000,"label":" ","price":2.27},{"type":"U","date":"2018-03-23T01:41:25.000Z","volume":4000,"label":" ","price":2.27},{"type":"B","date":"2018-03-23T01:41:44.000Z","volume":2000,"label":" ","price":2.27},{"type":"B","date":"2018-03-23T01:41:44.000Z","volume":10000,"label":" ","price":2.27},{"type":"B","date":"2018-03-23T01:41:53.000Z","volume":12000,"label":" ","price":2.27},{"type":"U","date":"2018-03-23T01:41:57.000Z","volume":14000,"label":" ","price":2.27},{"type":"B","date":"2018-03-23T01:41:58.000Z","volume":26000,"label":" ","price":2.27},{"type":"U","date":"2018-03-23T01:41:59.000Z","volume":2000,"label":" ","price":2.27},{"type":"A","date":"2018-03-23T01:42:11.000Z","volume":8000,"label":" ","price":2.27},{"type":"A","date":"2018-03-23T01:42:11.000Z","volume":92000,"label":" ","price":2.28},{"type":"A","date":"2018-03-23T01:42:11.000Z","volume":10000,"label":" ","price":2.28},{"type":"B","date":"2018-03-23T01:42:13.000Z","volume":10000,"label":" ","price":2.26},{"type":"B","date":"2018-03-23T01:42:17.000Z","volume":16000,"label":" ","price":2.27},{"type":"U","date":"2018-03-23T01:42:25.000Z","volume":4000,"label":" ","price":2.27},{"type":"A","date":"2018-03-23T01:42:27.000Z","volume":48000,"label":" ","price":2.27},{"type":"A","date":"2018-03-23T01:42:27.000Z","volume":42000,"label":" ","price":2.28},{"type":"A","date":"2018-03-23T01:42:29.000Z","volume":12000,"label":" ","price":2.28},{"type":"U","date":"2018-03-23T01:42:37.000Z","volume":38000,"label":" ","price":2.27},{"type":"A","date":"2018-03-23T01:42:39.000Z","volume":10000,"label":" ","price":2.27},{"type":"A","date":"2018-03-23T01:42:42.000Z","volume":12000,"label":" ","price":2.27},{"type":"B","date":"2018-03-23T01:42:47.000Z","volume":66000,"label":" ","price":2.27},{"type":"B","date":"2018-03-23T01:42:47.000Z","volume":22000,"label":" ","price":2.27},{"type":"A","date":"2018-03-23T01:43:25.000Z","volume":12000,"label":" ","price":2.27},{"type":"A","date":"2018-03-23T01:43:25.000Z","volume":8000,"label":" ","price":2.27},{"type":"B","date":"2018-03-23T01:43:42.000Z","volume":114000,"label":" ","price":2.26},{"type":"B","date":"2018-03-23T01:43:57.000Z","volume":200000,"label":" ","price":2.25},{"type":"B","date":"2018-03-23T01:43:57.000Z","volume":30000,"label":" ","price":2.25},{"type":"B","date":"2018-03-23T01:44:05.000Z","volume":310000,"label":" ","price":2.24},{"type":"B","date":"2018-03-23T01:44:27.000Z","volume":80000,"label":" ","price":2.23},{"type":"B","date":"2018-03-23T01:44:51.000Z","volume":32000,"label":" ","price":2.23},{"type":"B","date":"2018-03-23T01:45:07.000Z","volume":18000,"label":" ","price":2.22},{"type":"B","date":"2018-03-23T01:45:10.000Z","volume":46000,"label":" ","price":2.22},{"type":"B","date":"2018-03-23T01:45:10.000Z","volume":28000,"label":" ","price":2.22},{"type":"B","date":"2018-03-23T01:45:11.000Z","volume":6000,"label":" ","price":2.22},{"type":"B","date":"2018-03-23T01:45:11.000Z","volume":16000,"label":" ","price":2.22},{"type":"B","date":"2018-03-23T01:45:11.000Z","volume":30000,"label":" ","price":2.22},{"type":"B","date":"2018-03-23T01:45:16.000Z","volume":50000,"label":"Y","price":2.22},{"type":"B","date":"2018-03-23T01:45:16.000Z","volume":102000,"label":" ","price":2.22},{"type":"B","date":"2018-03-23T01:45:16.000Z","volume":2000,"label":" ","price":2.22},{"type":"B","date":"2018-03-23T01:45:16.000Z","volume":2000,"label":" ","price":2.22},{"type":"B","date":"2018-03-23T01:45:23.000Z","volume":30000,"label":" ","price":2.21},{"type":"B","date":"2018-03-23T01:48:16.000Z","volume":10000,"label":" ","price":2.22},{"type":"B","date":"2018-03-23T01:48:18.000Z","volume":100000,"label":" ","price":2.22},{"type":"B","date":"2018-03-23T01:48:45.000Z","volume":20000,"label":" ","price":2.22},{"type":"A","date":"2018-03-23T01:52:05.000Z","volume":100000,"label":" ","price":2.23},{"type":"B","date":"2018-03-23T01:52:07.000Z","volume":28000,"label":" ","price":2.22},{"type":"A","date":"2018-03-23T01:53:49.000Z","volume":10000,"label":" ","price":2.23},{"type":"A","date":"2018-03-23T01:53:59.000Z","volume":146000,"label":" ","price":2.23},{"type":"B","date":"2018-03-23T01:54:27.000Z","volume":50000,"label":" ","price":2.22},{"type":"A","date":"2018-03-23T01:54:39.000Z","volume":50000,"label":" ","price":2.23},{"type":"A","date":"2018-03-23T01:54:51.000Z","volume":100000,"label":" ","price":2.23},{"type":"A","date":"2018-03-23T01:54:51.000Z","volume":370000,"label":" ","price":2.23},{"type":"A","date":"2018-03-23T01:54:51.000Z","volume":80000,"label":" ","price":2.23},{"type":"B","date":"2018-03-23T01:55:26.000Z","volume":18000,"label":" ","price":2.23},{"type":"A","date":"2018-03-23T01:56:25.000Z","volume":50000,"label":" ","price":2.24},{"type":"A","date":"2018-03-23T01:56:35.000Z","volume":80000,"label":" ","price":2.24},{"type":"A","date":"2018-03-23T01:56:35.000Z","volume":200000,"label":" ","price":2.24},{"type":"A","date":"2018-03-23T01:56:58.000Z","volume":32000,"label":" ","price":2.24},{"type":"B","date":"2018-03-23T01:57:02.000Z","volume":14000,"label":" ","price":2.23},{"type":"A","date":"2018-03-23T01:57:04.000Z","volume":20000,"label":" ","price":2.24},{"type":"A","date":"2018-03-23T01:57:08.000Z","volume":20000,"label":" ","price":2.24},{"type":"B","date":"2018-03-23T01:57:48.000Z","volume":8000,"label":" ","price":2.23},{"type":"A","date":"2018-03-23T01:59:13.000Z","volume":6000,"label":" ","price":2.24},{"type":"A","date":"2018-03-23T01:59:26.000Z","volume":18000,"label":" ","price":2.24},{"type":"A","date":"2018-03-23T01:59:48.000Z","volume":20000,"label":" ","price":2.24},{"type":"A","date":"2018-03-23T02:00:31.000Z","volume":350000,"label":" ","price":2.24},{"type":"A","date":"2018-03-23T02:00:31.000Z","volume":142000,"label":" ","price":2.24},{"type":"A","date":"2018-03-23T02:00:32.000Z","volume":186000,"label":" ","price":2.24},{"type":"A","date":"2018-03-23T02:00:33.000Z","volume":332000,"label":" ","price":2.25},{"type":"A","date":"2018-03-23T02:00:46.000Z","volume":14000,"label":" ","price":2.25},{"type":"A","date":"2018-03-23T02:01:07.000Z","volume":20000,"label":" ","price":2.25},{"type":"A","date":"2018-03-23T02:01:19.000Z","volume":10000,"label":" ","price":2.25},{"type":"A","date":"2018-03-23T02:01:25.000Z","volume":10000,"label":" ","price":2.25},{"type":"A","date":"2018-03-23T02:01:32.000Z","volume":18000,"label":" ","price":2.25},{"type":"A","date":"2018-03-23T02:01:47.000Z","volume":20000,"label":" ","price":2.25},{"type":"A","date":"2018-03-23T02:02:31.000Z","volume":20000,"label":" ","price":2.25},{"type":"B","date":"2018-03-23T02:02:37.000Z","volume":2000,"label":" ","price":2.24},{"type":"A","date":"2018-03-23T02:02:41.000Z","volume":40000,"label":" ","price":2.25},{"type":"A","date":"2018-03-23T02:02:41.000Z","volume":6000,"label":" ","price":2.25},{"type":"B","date":"2018-03-23T02:02:54.000Z","volume":10000,"label":"Y","price":2.25},{"type":"B","date":"2018-03-23T02:03:27.000Z","volume":10000,"label":" ","price":2.25},{"type":"B","date":"2018-03-23T02:03:40.000Z","volume":8000,"label":" ","price":2.25},{"type":"B","date":"2018-03-23T02:04:20.000Z","volume":50000,"label":" ","price":2.25},{"type":"B","date":"2018-03-23T02:04:47.000Z","volume":20000,"label":"Y","price":2.25},{"type":"B","date":"2018-03-23T02:04:47.000Z","volume":50000,"label":" ","price":2.25},{"type":"B","date":"2018-03-23T02:05:02.000Z","volume":4000,"label":"Y","price":2.25},{"type":"B","date":"2018-03-23T02:05:02.000Z","volume":4000,"label":" ","price":2.25},{"type":"A","date":"2018-03-23T02:06:26.000Z","volume":50000,"label":" ","price":2.25},{"type":"A","date":"2018-03-23T02:06:26.000Z","volume":28000,"label":" ","price":2.25},{"type":"A","date":"2018-03-23T02:07:37.000Z","volume":50000,"label":" ","price":2.25},{"type":"A","date":"2018-03-23T02:08:20.000Z","volume":50000,"label":" ","price":2.25},{"type":"B","date":"2018-03-23T02:08:59.000Z","volume":152000,"label":" ","price":2.24},{"type":"B","date":"2018-03-23T02:10:06.000Z","volume":20000,"label":" ","price":2.23},{"type":"A","date":"2018-03-23T02:10:08.000Z","volume":50000,"label":" ","price":2.24},{"type":"A","date":"2018-03-23T02:10:45.000Z","volume":160000,"label":" ","price":2.24},{"type":"A","date":"2018-03-23T02:11:27.000Z","volume":10000,"label":" ","price":2.24},{"type":"B","date":"2018-03-23T02:11:40.000Z","volume":20000,"label":" ","price":2.23},{"type":"B","date":"2018-03-23T02:11:58.000Z","volume":10000,"label":" ","price":2.23},{"type":"B","date":"2018-03-23T02:13:19.000Z","volume":20000,"label":" ","price":2.23},{"type":"B","date":"2018-03-23T02:13:25.000Z","volume":10000,"label":" ","price":2.23},{"type":"B","date":"2018-03-23T02:13:29.000Z","volume":10000,"label":" ","price":2.23},{"type":"B","date":"2018-03-23T02:13:36.000Z","volume":6000,"label":"Y","price":2.23},{"type":"B","date":"2018-03-23T02:13:36.000Z","volume":44000,"label":" ","price":2.23},{"type":"B","date":"2018-03-23T02:14:03.000Z","volume":156000,"label":" ","price":2.23},{"type":"B","date":"2018-03-23T02:14:03.000Z","volume":14000,"label":" ","price":2.23},{"type":"B","date":"2018-03-23T02:14:07.000Z","volume":20000,"label":" ","price":2.23},{"type":"A","date":"2018-03-23T02:14:52.000Z","volume":10000,"label":" ","price":2.23},{"type":"A","date":"2018-03-23T02:15:14.000Z","volume":100000,"label":" ","price":2.23},{"type":"A","date":"2018-03-23T02:15:46.000Z","volume":100000,"label":" ","price":2.23},{"type":"A","date":"2018-03-23T02:15:46.000Z","volume":32000,"label":" ","price":2.23},{"type":"A","date":"2018-03-23T02:15:56.000Z","volume":10000,"label":" ","price":2.23},{"type":"A","date":"2018-03-23T02:16:39.000Z","volume":10000,"label":" ","price":2.23},{"type":"A","date":"2018-03-23T02:17:10.000Z","volume":4000,"label":" ","price":2.23},{"type":"A","date":"2018-03-23T02:17:37.000Z","volume":10000,"label":" ","price":2.23},{"type":"A","date":"2018-03-23T02:17:47.000Z","volume":100000,"label":" ","price":2.23},{"type":"A","date":"2018-03-23T02:17:47.000Z","volume":2000,"label":" ","price":2.23},{"type":"A","date":"2018-03-23T02:19:13.000Z","volume":2000,"label":" ","price":2.24},{"type":"A","date":"2018-03-23T02:20:41.000Z","volume":20000,"label":" ","price":2.24},{"type":"A","date":"2018-03-23T02:22:02.000Z","volume":4000,"label":" ","price":2.24},{"type":"A","date":"2018-03-23T02:23:02.000Z","volume":380000,"label":" ","price":2.24},{"type":"A","date":"2018-03-23T02:25:09.000Z","volume":10000,"label":" ","price":2.24},{"type":"A","date":"2018-03-23T02:26:26.000Z","volume":20000,"label":" ","price":2.24},{"type":"B","date":"2018-03-23T02:27:44.000Z","volume":140000,"label":" ","price":2.23},{"type":"B","date":"2018-03-23T02:27:44.000Z","volume":14000,"label":" ","price":2.23},{"type":"B","date":"2018-03-23T02:31:43.000Z","volume":2000,"label":" ","price":2.23},{"type":"B","date":"2018-03-23T02:33:46.000Z","volume":8000,"label":" ","price":2.23},{"type":"B","date":"2018-03-23T02:33:46.000Z","volume":82000,"label":"Y","price":2.22},{"type":"B","date":"2018-03-23T02:35:54.000Z","volume":2000,"label":" ","price":2.22},{"type":"A","date":"2018-03-23T02:38:04.000Z","volume":50000,"label":" ","price":2.23},{"type":"A","date":"2018-03-23T02:39:08.000Z","volume":30000,"label":" ","price":2.23},{"type":"A","date":"2018-03-23T02:40:40.000Z","volume":50000,"label":" ","price":2.23},{"type":"A","date":"2018-03-23T02:40:58.000Z","volume":70000,"label":" ","price":2.23},{"type":"B","date":"2018-03-23T02:41:53.000Z","volume":100000,"label":" ","price":2.23},{"type":"B","date":"2018-03-23T02:41:53.000Z","volume":2000,"label":" ","price":2.23},{"type":"B","date":"2018-03-23T02:44:51.000Z","volume":18000,"label":" ","price":2.23},{"type":"A","date":"2018-03-23T02:44:51.000Z","volume":2000,"label":" ","price":2.23},{"type":"A","date":"2018-03-23T02:45:20.000Z","volume":2000,"label":" ","price":2.23},{"type":"B","date":"2018-03-23T02:45:41.000Z","volume":2000,"label":"Y","price":2.22},{"type":"A","date":"2018-03-23T02:47:14.000Z","volume":10000,"label":" ","price":2.23},{"type":"A","date":"2018-03-23T02:50:41.000Z","volume":2000,"label":" ","price":2.23},{"type":"A","date":"2018-03-23T02:52:22.000Z","volume":10000,"label":" ","price":2.23},{"type":"A","date":"2018-03-23T02:54:43.000Z","volume":2000,"label":" ","price":2.23},{"type":"A","date":"2018-03-23T02:54:55.000Z","volume":72000,"label":" ","price":2.23},{"type":"A","date":"2018-03-23T02:55:06.000Z","volume":200000,"label":"Y","price":2.24},{"type":"A","date":"2018-03-23T02:55:15.000Z","volume":92000,"label":"Y","price":2.24},{"type":"A","date":"2018-03-23T02:55:15.000Z","volume":108000,"label":" ","price":2.24},{"type":"A","date":"2018-03-23T02:55:15.000Z","volume":60000,"label":" ","price":2.24},{"type":"A","date":"2018-03-23T02:55:49.000Z","volume":4000,"label":" ","price":2.24},{"type":"A","date":"2018-03-23T02:55:59.000Z","volume":22000,"label":" ","price":2.24},{"type":"A","date":"2018-03-23T02:56:05.000Z","volume":2000,"label":" ","price":2.24},{"type":"A","date":"2018-03-23T02:57:11.000Z","volume":8000,"label":" ","price":2.24},{"type":"A","date":"2018-03-23T02:57:14.000Z","volume":4000,"label":" ","price":2.24},{"type":"A","date":"2018-03-23T02:59:02.000Z","volume":30000,"label":" ","price":2.24},{"type":"B","date":"2018-03-23T02:59:16.000Z","volume":244000,"label":" ","price":2.23},{"type":"A","date":"2018-03-23T02:59:22.000Z","volume":120000,"label":" ","price":2.23},{"type":"A","date":"2018-03-23T02:59:22.000Z","volume":80000,"label":" ","price":2.23},{"type":"A","date":"2018-03-23T02:59:22.000Z","volume":8000,"label":" ","price":2.23},{"type":"A","date":"2018-03-23T02:59:22.000Z","volume":82000,"label":" ","price":2.23},{"type":"B","date":"2018-03-23T02:59:58.000Z","volume":20000,"label":" ","price":2.24},{"type":"A","date":"2018-03-23T03:00:41.000Z","volume":50000,"label":" ","price":2.25},{"type":"A","date":"2018-03-23T03:01:28.000Z","volume":30000,"label":" ","price":2.25},{"type":"A","date":"2018-03-23T03:04:06.000Z","volume":60000,"label":" ","price":2.25},{"type":"A","date":"2018-03-23T03:04:42.000Z","volume":2000,"label":" ","price":2.25},{"type":"A","date":"2018-03-23T03:05:08.000Z","volume":30000,"label":" ","price":2.25},{"type":"A","date":"2018-03-23T03:05:09.000Z","volume":6000,"label":" ","price":2.25},{"type":"A","date":"2018-03-23T03:05:15.000Z","volume":10000,"label":" ","price":2.25},{"type":"A","date":"2018-03-23T03:05:17.000Z","volume":6000,"label":" ","price":2.25},{"type":"A","date":"2018-03-23T03:06:05.000Z","volume":30000,"label":" ","price":2.25},{"type":"A","date":"2018-03-23T03:08:54.000Z","volume":10000,"label":" ","price":2.25},{"type":"A","date":"2018-03-23T03:08:54.000Z","volume":6000,"label":" ","price":2.25},{"type":"A","date":"2018-03-23T03:09:35.000Z","volume":76000,"label":" ","price":2.25},{"type":"B","date":"2018-03-23T03:14:03.000Z","volume":10000,"label":" ","price":2.25},{"type":"B","date":"2018-03-23T03:14:34.000Z","volume":14000,"label":"Y","price":2.25},{"type":"B","date":"2018-03-23T03:14:34.000Z","volume":16000,"label":" ","price":2.25},{"type":"B","date":"2018-03-23T03:15:08.000Z","volume":2000,"label":" ","price":2.25},{"type":"B","date":"2018-03-23T03:22:38.000Z","volume":38000,"label":" ","price":2.25},{"type":"A","date":"2018-03-23T03:23:10.000Z","volume":10000,"label":" ","price":2.25},{"type":"B","date":"2018-03-23T03:24:10.000Z","volume":20000,"label":" ","price":2.24},{"type":"B","date":"2018-03-23T03:24:49.000Z","volume":68000,"label":" ","price":2.24},{"type":"A","date":"2018-03-23T03:24:49.000Z","volume":4000,"label":" ","price":2.24},{"type":"B","date":"2018-03-23T03:27:13.000Z","volume":100000,"label":" ","price":2.23},{"type":"A","date":"2018-03-23T03:27:13.000Z","volume":6000,"label":" ","price":2.24},{"type":"A","date":"2018-03-23T03:29:16.000Z","volume":50000,"label":" ","price":2.24},{"type":"A","date":"2018-03-23T03:29:17.000Z","volume":6000,"label":" ","price":2.24},{"type":"A","date":"2018-03-23T03:30:08.000Z","volume":192000,"label":" ","price":2.24},{"type":"A","date":"2018-03-23T03:30:09.000Z","volume":18000,"label":" ","price":2.25},{"type":"A","date":"2018-03-23T03:30:10.000Z","volume":6000,"label":" ","price":2.25},{"type":"A","date":"2018-03-23T03:30:26.000Z","volume":6000,"label":" ","price":2.25},{"type":"A","date":"2018-03-23T03:30:42.000Z","volume":6000,"label":" ","price":2.25},{"type":"A","date":"2018-03-23T03:32:13.000Z","volume":6000,"label":" ","price":2.25},{"type":"A","date":"2018-03-23T03:32:18.000Z","volume":2000,"label":" ","price":2.25},{"type":"A","date":"2018-03-23T03:33:15.000Z","volume":2000,"label":" ","price":2.26},{"type":"A","date":"2018-03-23T03:34:22.000Z","volume":2000,"label":" ","price":2.25},{"type":"A","date":"2018-03-23T03:35:53.000Z","volume":2000,"label":" ","price":2.25},{"type":"B","date":"2018-03-23T03:37:30.000Z","volume":120000,"label":" ","price":2.24},{"type":"B","date":"2018-03-23T03:37:49.000Z","volume":8000,"label":" ","price":2.24},{"type":"B","date":"2018-03-23T03:37:49.000Z","volume":260000,"label":" ","price":2.23},{"type":"A","date":"2018-03-23T03:37:49.000Z","volume":100000,"label":" ","price":2.23},{"type":"A","date":"2018-03-23T03:37:50.000Z","volume":6000,"label":" ","price":2.23},{"type":"A","date":"2018-03-23T03:37:52.000Z","volume":6000,"label":" ","price":2.23},{"type":"A","date":"2018-03-23T03:37:52.000Z","volume":36000,"label":" ","price":2.23},{"type":"A","date":"2018-03-23T03:37:55.000Z","volume":2000,"label":" ","price":2.25},{"type":"A","date":"2018-03-23T03:44:55.000Z","volume":98000,"label":" ","price":2.25},{"type":"A","date":"2018-03-23T03:48:39.000Z","volume":2000,"label":" ","price":2.26},{"type":"B","date":"2018-03-23T03:49:17.000Z","volume":10000,"label":" ","price":2.25},{"type":"A","date":"2018-03-23T03:49:30.000Z","volume":186000,"label":" ","price":2.26},{"type":"B","date":"2018-03-23T03:49:30.000Z","volume":6000,"label":" ","price":2.26},{"type":"A","date":"2018-03-23T03:49:39.000Z","volume":2000,"label":" ","price":2.27},{"type":"A","date":"2018-03-23T03:50:30.000Z","volume":20000,"label":" ","price":2.27},{"type":"A","date":"2018-03-23T03:50:31.000Z","volume":2000,"label":" ","price":2.27},{"type":"A","date":"2018-03-23T03:50:53.000Z","volume":20000,"label":"Y","price":2.27},{"type":"A","date":"2018-03-23T03:51:02.000Z","volume":20000,"label":" ","price":2.27},{"type":"A","date":"2018-03-23T03:51:11.000Z","volume":10000,"label":" ","price":2.27},{"type":"A","date":"2018-03-23T03:51:16.000Z","volume":4000,"label":" ","price":2.27},{"type":"A","date":"2018-03-23T03:51:16.000Z","volume":10000,"label":" ","price":2.27},{"type":"A","date":"2018-03-23T03:51:31.000Z","volume":2000,"label":" ","price":2.27},{"type":"A","date":"2018-03-23T03:51:47.000Z","volume":2000,"label":" ","price":2.27},{"type":"A","date":"2018-03-23T03:52:38.000Z","volume":2000,"label":" ","price":2.27},{"type":"A","date":"2018-03-23T03:53:40.000Z","volume":2000,"label":" ","price":2.27},{"type":"A","date":"2018-03-23T03:54:32.000Z","volume":2000,"label":" ","price":2.27},{"type":"A","date":"2018-03-23T03:54:47.000Z","volume":2000,"label":" ","price":2.27},{"type":"A","date":"2018-03-23T03:55:40.000Z","volume":2000,"label":" ","price":2.27},{"type":"A","date":"2018-03-23T03:56:04.000Z","volume":112000,"label":" ","price":2.27},{"type":"A","date":"2018-03-23T03:56:33.000Z","volume":2000,"label":" ","price":2.28},{"type":"A","date":"2018-03-23T03:57:32.000Z","volume":2000,"label":" ","price":2.28},{"type":"A","date":"2018-03-23T03:57:47.000Z","volume":2000,"label":" ","price":2.28},{"type":"A","date":"2018-03-23T03:58:34.000Z","volume":10000,"label":" ","price":2.28},{"type":"A","date":"2018-03-23T03:58:40.000Z","volume":2000,"label":" ","price":2.28},{"type":"A","date":"2018-03-23T03:59:33.000Z","volume":2000,"label":" ","price":2.28},{"type":"B","date":"2018-03-23T05:00:01.000Z","volume":2000,"label":" ","price":2.27},{"type":"A","date":"2018-03-23T05:00:03.000Z","volume":56000,"label":" ","price":2.28},{"type":"B","date":"2018-03-23T05:00:10.000Z","volume":100000,"label":" ","price":2.27},{"type":"A","date":"2018-03-23T05:00:34.000Z","volume":2000,"label":" ","price":2.28},{"type":"A","date":"2018-03-23T05:00:50.000Z","volume":2000,"label":" ","price":2.28},{"type":"A","date":"2018-03-23T05:01:32.000Z","volume":64000,"label":" ","price":2.28},{"type":"B","date":"2018-03-23T05:01:37.000Z","volume":4000,"label":" ","price":2.27},{"type":"A","date":"2018-03-23T05:01:42.000Z","volume":2000,"label":" ","price":2.28},{"type":"A","date":"2018-03-23T05:02:43.000Z","volume":2000,"label":" ","price":2.28},{"type":"B","date":"2018-03-23T05:02:49.000Z","volume":110000,"label":" ","price":2.27},{"type":"A","date":"2018-03-23T05:02:49.000Z","volume":6000,"label":" ","price":2.27},{"type":"A","date":"2018-03-23T05:03:42.000Z","volume":2000,"label":" ","price":2.27},{"type":"A","date":"2018-03-23T05:03:48.000Z","volume":4000,"label":" ","price":2.27},{"type":"B","date":"2018-03-23T05:03:59.000Z","volume":180000,"label":" ","price":2.26},{"type":"B","date":"2018-03-23T05:03:59.000Z","volume":4000,"label":" ","price":2.26},{"type":"B","date":"2018-03-23T05:03:59.000Z","volume":18000,"label":"Y","price":2.26},{"type":"B","date":"2018-03-23T05:03:59.000Z","volume":20000,"label":" ","price":2.26},{"type":"B","date":"2018-03-23T05:04:18.000Z","volume":2000,"label":" ","price":2.26},{"type":"A","date":"2018-03-23T05:06:44.000Z","volume":2000,"label":" ","price":2.26},{"type":"A","date":"2018-03-23T05:06:54.000Z","volume":2000,"label":" ","price":2.26},{"type":"A","date":"2018-03-23T05:07:49.000Z","volume":2000,"label":" ","price":2.26},{"type":"B","date":"2018-03-23T05:07:50.000Z","volume":2000,"label":" ","price":2.25},{"type":"B","date":"2018-03-23T05:08:08.000Z","volume":2000,"label":" ","price":2.25},{"type":"A","date":"2018-03-23T05:08:45.000Z","volume":2000,"label":" ","price":2.26},{"type":"A","date":"2018-03-23T05:09:45.000Z","volume":2000,"label":" ","price":2.26},{"type":"A","date":"2018-03-23T05:10:36.000Z","volume":2000,"label":" ","price":2.26},{"type":"A","date":"2018-03-23T05:10:51.000Z","volume":2000,"label":" ","price":2.26},{"type":"B","date":"2018-03-23T05:11:40.000Z","volume":2000,"label":" ","price":2.25},{"type":"A","date":"2018-03-23T05:11:43.000Z","volume":2000,"label":" ","price":2.26},{"type":"A","date":"2018-03-23T05:12:44.000Z","volume":2000,"label":" ","price":2.26},{"type":"A","date":"2018-03-23T05:13:36.000Z","volume":2000,"label":" ","price":2.26},{"type":"A","date":"2018-03-23T05:13:51.000Z","volume":2000,"label":" ","price":2.26},{"type":"B","date":"2018-03-23T05:14:37.000Z","volume":2000,"label":" ","price":2.25},{"type":"A","date":"2018-03-23T05:14:45.000Z","volume":2000,"label":" ","price":2.26},{"type":"A","date":"2018-03-23T05:15:44.000Z","volume":2000,"label":" ","price":2.26},{"type":"B","date":"2018-03-23T05:15:54.000Z","volume":12000,"label":" ","price":2.25},{"type":"B","date":"2018-03-23T05:15:54.000Z","volume":116000,"label":" ","price":2.24},{"type":"B","date":"2018-03-23T05:15:54.000Z","volume":40000,"label":" ","price":2.24},{"type":"U","date":"2018-03-23T05:15:54.000Z","volume":2000,"label":" ","price":2.24},{"type":"A","date":"2018-03-23T05:16:44.000Z","volume":2000,"label":" ","price":2.26},{"type":"A","date":"2018-03-23T05:17:50.000Z","volume":2000,"label":" ","price":2.26},{"type":"B","date":"2018-03-23T05:18:43.000Z","volume":4000,"label":" ","price":2.25},{"type":"A","date":"2018-03-23T05:19:37.000Z","volume":10000,"label":"Y","price":2.26},{"type":"B","date":"2018-03-23T05:19:37.000Z","volume":22000,"label":" ","price":2.25},{"type":"A","date":"2018-03-23T05:19:46.000Z","volume":2000,"label":" ","price":2.26},{"type":"A","date":"2018-03-23T05:19:56.000Z","volume":2000,"label":" ","price":2.26},{"type":"A","date":"2018-03-23T05:20:50.000Z","volume":2000,"label":" ","price":2.26},{"type":"B","date":"2018-03-23T05:21:18.000Z","volume":2000,"label":" ","price":2.25},{"type":"B","date":"2018-03-23T05:21:19.000Z","volume":8000,"label":" ","price":2.25},{"type":"B","date":"2018-03-23T05:21:19.000Z","volume":6000,"label":" ","price":2.24},{"type":"A","date":"2018-03-23T05:21:20.000Z","volume":26000,"label":" ","price":2.24},{"type":"B","date":"2018-03-23T05:21:28.000Z","volume":20000,"label":" ","price":2.23},{"type":"A","date":"2018-03-23T05:22:38.000Z","volume":2000,"label":" ","price":2.24},{"type":"A","date":"2018-03-23T05:23:23.000Z","volume":30000,"label":" ","price":2.24},{"type":"A","date":"2018-03-23T05:23:38.000Z","volume":2000,"label":" ","price":2.24},{"type":"A","date":"2018-03-23T05:24:39.000Z","volume":2000,"label":" ","price":2.24},{"type":"A","date":"2018-03-23T05:25:29.000Z","volume":2000,"label":" ","price":2.24},{"type":"A","date":"2018-03-23T05:25:49.000Z","volume":2000,"label":" ","price":2.24},{"type":"A","date":"2018-03-23T05:26:29.000Z","volume":26000,"label":" ","price":2.24},{"type":"A","date":"2018-03-23T05:26:39.000Z","volume":2000,"label":" ","price":2.24},{"type":"A","date":"2018-03-23T05:27:38.000Z","volume":2000,"label":" ","price":2.24},{"type":"A","date":"2018-03-23T05:28:12.000Z","volume":40000,"label":" ","price":2.24},{"type":"A","date":"2018-03-23T05:28:29.000Z","volume":2000,"label":" ","price":2.24},{"type":"A","date":"2018-03-23T05:28:35.000Z","volume":20000,"label":" ","price":2.24},{"type":"A","date":"2018-03-23T05:28:51.000Z","volume":2000,"label":" ","price":2.24},{"type":"A","date":"2018-03-23T05:29:40.000Z","volume":2000,"label":" ","price":2.24},{"type":"A","date":"2018-03-23T05:29:48.000Z","volume":20000,"label":" ","price":2.24},{"type":"A","date":"2018-03-23T05:30:40.000Z","volume":2000,"label":" ","price":2.24},{"type":"A","date":"2018-03-23T05:31:39.000Z","volume":2000,"label":" ","price":2.24},{"type":"A","date":"2018-03-23T05:32:31.000Z","volume":2000,"label":" ","price":2.24},{"type":"A","date":"2018-03-23T05:32:50.000Z","volume":2000,"label":" ","price":2.24},{"type":"A","date":"2018-03-23T05:33:39.000Z","volume":2000,"label":" ","price":2.24},{"type":"A","date":"2018-03-23T05:33:53.000Z","volume":102000,"label":" ","price":2.24},{"type":"A","date":"2018-03-23T05:34:38.000Z","volume":2000,"label":" ","price":2.25},{"type":"A","date":"2018-03-23T05:34:39.000Z","volume":2000,"label":" ","price":2.25},{"type":"A","date":"2018-03-23T05:35:30.000Z","volume":2000,"label":" ","price":2.25},{"type":"A","date":"2018-03-23T05:35:50.000Z","volume":2000,"label":" ","price":2.25},{"type":"A","date":"2018-03-23T05:36:40.000Z","volume":2000,"label":" ","price":2.25},{"type":"A","date":"2018-03-23T05:37:40.000Z","volume":2000,"label":" ","price":2.25},{"type":"A","date":"2018-03-23T05:37:49.000Z","volume":18000,"label":" ","price":2.25},{"type":"B","date":"2018-03-23T05:37:49.000Z","volume":2000,"label":" ","price":2.25},{"type":"A","date":"2018-03-23T05:38:16.000Z","volume":2000,"label":"Y","price":2.26},{"type":"B","date":"2018-03-23T05:38:18.000Z","volume":18000,"label":" ","price":2.25},{"type":"A","date":"2018-03-23T05:39:47.000Z","volume":2000,"label":" ","price":2.25},{"type":"A","date":"2018-03-23T05:39:51.000Z","volume":200000,"label":" ","price":2.25},{"type":"A","date":"2018-03-23T05:40:09.000Z","volume":150000,"label":" ","price":2.25},{"type":"B","date":"2018-03-23T05:40:27.000Z","volume":58000,"label":" ","price":2.25},{"type":"A","date":"2018-03-23T05:40:33.000Z","volume":180000,"label":" ","price":2.25},{"type":"B","date":"2018-03-23T05:41:01.000Z","volume":4000,"label":" ","price":2.25},{"type":"A","date":"2018-03-23T05:41:11.000Z","volume":20000,"label":" ","price":2.25},{"type":"A","date":"2018-03-23T05:41:47.000Z","volume":2000,"label":" ","price":2.25},{"type":"A","date":"2018-03-23T05:42:28.000Z","volume":20000,"label":" ","price":2.25},{"type":"A","date":"2018-03-23T05:42:48.000Z","volume":2000,"label":" ","price":2.25},{"type":"A","date":"2018-03-23T05:43:47.000Z","volume":2000,"label":" ","price":2.25},{"type":"A","date":"2018-03-23T05:44:40.000Z","volume":2000,"label":" ","price":2.25},{"type":"A","date":"2018-03-23T05:44:55.000Z","volume":2000,"label":" ","price":2.25},{"type":"B","date":"2018-03-23T05:45:35.000Z","volume":30000,"label":" ","price":2.24},{"type":"A","date":"2018-03-23T05:45:47.000Z","volume":2000,"label":" ","price":2.25},{"type":"B","date":"2018-03-23T05:46:17.000Z","volume":82000,"label":" ","price":2.24},{"type":"A","date":"2018-03-23T05:46:40.000Z","volume":126000,"label":" ","price":2.24},{"type":"A","date":"2018-03-23T05:46:40.000Z","volume":146000,"label":" ","price":2.25},{"type":"B","date":"2018-03-23T05:46:40.000Z","volume":28000,"label":" ","price":2.25},{"type":"U","date":"2018-03-23T05:47:06.000Z","volume":2000,"label":" ","price":2.25},{"type":"B","date":"2018-03-23T05:47:40.000Z","volume":10000,"label":" ","price":2.24},{"type":"B","date":"2018-03-23T05:48:15.000Z","volume":38000,"label":" ","price":2.24},{"type":"A","date":"2018-03-23T05:49:13.000Z","volume":52000,"label":" ","price":2.24},{"type":"A","date":"2018-03-23T05:49:24.000Z","volume":110000,"label":" ","price":2.24},{"type":"A","date":"2018-03-23T05:49:31.000Z","volume":76000,"label":" ","price":2.25},{"type":"A","date":"2018-03-23T05:49:41.000Z","volume":2000,"label":" ","price":2.26},{"type":"A","date":"2018-03-23T05:49:41.000Z","volume":18000,"label":" ","price":2.26},{"type":"A","date":"2018-03-23T05:50:32.000Z","volume":2000,"label":" ","price":2.26},{"type":"A","date":"2018-03-23T05:50:52.000Z","volume":2000,"label":" ","price":2.26},{"type":"B","date":"2018-03-23T05:50:56.000Z","volume":20000,"label":" ","price":2.25},{"type":"A","date":"2018-03-23T05:51:42.000Z","volume":2000,"label":" ","price":2.26},{"type":"A","date":"2018-03-23T05:52:43.000Z","volume":20000,"label":" ","price":2.26},{"type":"A","date":"2018-03-23T05:52:43.000Z","volume":2000,"label":" ","price":2.26},{"type":"A","date":"2018-03-23T05:53:33.000Z","volume":2000,"label":" ","price":2.26},{"type":"A","date":"2018-03-23T05:54:33.000Z","volume":2000,"label":" ","price":2.26},{"type":"A","date":"2018-03-23T05:54:52.000Z","volume":2000,"label":" ","price":2.26},{"type":"A","date":"2018-03-23T05:55:41.000Z","volume":2000,"label":" ","price":2.26},{"type":"B","date":"2018-03-23T05:55:55.000Z","volume":140000,"label":"Y","price":2.25},{"type":"B","date":"2018-03-23T05:56:40.000Z","volume":10000,"label":" ","price":2.25},{"type":"A","date":"2018-03-23T05:56:49.000Z","volume":2000,"label":" ","price":2.26},{"type":"A","date":"2018-03-23T05:57:41.000Z","volume":2000,"label":" ","price":2.26},{"type":"A","date":"2018-03-23T05:57:57.000Z","volume":2000,"label":" ","price":2.26},{"type":"A","date":"2018-03-23T05:58:04.000Z","volume":2000,"label":"Y","price":2.26},{"type":"B","date":"2018-03-23T05:58:41.000Z","volume":200000,"label":" ","price":2.25},{"type":"B","date":"2018-03-23T05:58:44.000Z","volume":10000,"label":" ","price":2.25},{"type":"B","date":"2018-03-23T05:58:47.000Z","volume":50000,"label":" ","price":2.25},{"type":"A","date":"2018-03-23T05:58:49.000Z","volume":2000,"label":" ","price":2.26},{"type":"B","date":"2018-03-23T05:58:53.000Z","volume":40000,"label":" ","price":2.25},{"type":"B","date":"2018-03-23T05:59:21.000Z","volume":20000,"label":" ","price":2.25},{"type":"B","date":"2018-03-23T05:59:22.000Z","volume":20000,"label":" ","price":2.25},{"type":"B","date":"2018-03-23T05:59:22.000Z","volume":14000,"label":" ","price":2.25},{"type":"B","date":"2018-03-23T05:59:52.000Z","volume":200000,"label":" ","price":2.23},{"type":"A","date":"2018-03-23T06:00:43.000Z","volume":2000,"label":" ","price":2.25},{"type":"A","date":"2018-03-23T06:01:23.000Z","volume":54000,"label":" ","price":2.25},{"type":"A","date":"2018-03-23T06:01:50.000Z","volume":2000,"label":" ","price":2.25},{"type":"B","date":"2018-03-23T06:02:29.000Z","volume":46000,"label":" ","price":2.24},{"type":"B","date":"2018-03-23T06:03:50.000Z","volume":30000,"label":" ","price":2.23},{"type":"A","date":"2018-03-23T06:03:51.000Z","volume":2000,"label":" ","price":2.24},{"type":"B","date":"2018-03-23T06:04:24.000Z","volume":2000,"label":" ","price":2.23},{"type":"B","date":"2018-03-23T06:05:20.000Z","volume":2000,"label":" ","price":2.23},{"type":"A","date":"2018-03-23T06:05:54.000Z","volume":2000,"label":" ","price":2.23},{"type":"A","date":"2018-03-23T06:06:01.000Z","volume":6000,"label":" ","price":2.23},{"type":"A","date":"2018-03-23T06:06:45.000Z","volume":2000,"label":" ","price":2.23},{"type":"A","date":"2018-03-23T06:07:00.000Z","volume":14000,"label":" ","price":2.23},{"type":"A","date":"2018-03-23T06:07:45.000Z","volume":2000,"label":" ","price":2.23},{"type":"A","date":"2018-03-23T06:08:44.000Z","volume":2000,"label":" ","price":2.23},{"type":"A","date":"2018-03-23T06:09:25.000Z","volume":40000,"label":"Y","price":2.23},{"type":"A","date":"2018-03-23T06:09:25.000Z","volume":60000,"label":" ","price":2.23},{"type":"A","date":"2018-03-23T06:09:25.000Z","volume":6000,"label":" ","price":2.23},{"type":"A","date":"2018-03-23T06:09:35.000Z","volume":2000,"label":" ","price":2.23},{"type":"A","date":"2018-03-23T06:09:51.000Z","volume":40000,"label":"Y","price":2.23},{"type":"A","date":"2018-03-23T06:09:54.000Z","volume":2000,"label":" ","price":2.23},{"type":"A","date":"2018-03-23T06:10:08.000Z","volume":10000,"label":"Y","price":2.23},{"type":"A","date":"2018-03-23T06:10:45.000Z","volume":2000,"label":" ","price":2.23},{"type":"A","date":"2018-03-23T06:11:36.000Z","volume":2000,"label":" ","price":2.23},{"type":"A","date":"2018-03-23T06:12:36.000Z","volume":2000,"label":" ","price":2.23},{"type":"A","date":"2018-03-23T06:12:57.000Z","volume":2000,"label":" ","price":2.23},{"type":"A","date":"2018-03-23T06:12:57.000Z","volume":2000,"label":"Y","price":2.23},{"type":"A","date":"2018-03-23T06:13:24.000Z","volume":10000,"label":" ","price":2.23},{"type":"A","date":"2018-03-23T06:13:46.000Z","volume":2000,"label":" ","price":2.23},{"type":"A","date":"2018-03-23T06:14:35.000Z","volume":20000,"label":"Y","price":2.23},{"type":"A","date":"2018-03-23T06:14:46.000Z","volume":2000,"label":" ","price":2.23},{"type":"A","date":"2018-03-23T06:15:00.000Z","volume":2000,"label":" ","price":2.23},{"type":"B","date":"2018-03-23T06:15:22.000Z","volume":30000,"label":"Y","price":2.22},{"type":"B","date":"2018-03-23T06:15:34.000Z","volume":28000,"label":" ","price":2.22},{"type":"A","date":"2018-03-23T06:15:37.000Z","volume":2000,"label":" ","price":2.23},{"type":"A","date":"2018-03-23T06:17:47.000Z","volume":2000,"label":" ","price":2.23},{"type":"A","date":"2018-03-23T06:17:51.000Z","volume":50000,"label":" ","price":2.23},{"type":"A","date":"2018-03-23T06:18:37.000Z","volume":2000,"label":" ","price":2.23},{"type":"A","date":"2018-03-23T06:19:37.000Z","volume":2000,"label":" ","price":2.23},{"type":"A","date":"2018-03-23T06:19:57.000Z","volume":2000,"label":" ","price":2.23},{"type":"A","date":"2018-03-23T06:20:47.000Z","volume":2000,"label":" ","price":2.23},{"type":"A","date":"2018-03-23T06:21:19.000Z","volume":10000,"label":"Y","price":2.23},{"type":"A","date":"2018-03-23T06:21:47.000Z","volume":2000,"label":" ","price":2.23},{"type":"A","date":"2018-03-23T06:22:38.000Z","volume":2000,"label":" ","price":2.23},{"type":"A","date":"2018-03-23T06:22:59.000Z","volume":2000,"label":" ","price":2.23},{"type":"B","date":"2018-03-23T06:23:10.000Z","volume":6000,"label":" ","price":2.22},{"type":"A","date":"2018-03-23T06:23:46.000Z","volume":2000,"label":" ","price":2.23},{"type":"A","date":"2018-03-23T06:24:37.000Z","volume":2000,"label":" ","price":2.23},{"type":"A","date":"2018-03-23T06:24:48.000Z","volume":2000,"label":"Y","price":2.23},{"type":"A","date":"2018-03-23T06:24:49.000Z","volume":20000,"label":" ","price":2.23},{"type":"A","date":"2018-03-23T06:25:38.000Z","volume":2000,"label":" ","price":2.23},{"type":"A","date":"2018-03-23T06:25:43.000Z","volume":40000,"label":"Y","price":2.23},{"type":"A","date":"2018-03-23T06:25:43.000Z","volume":60000,"label":" ","price":2.23},{"type":"A","date":"2018-03-23T06:25:56.000Z","volume":12000,"label":" ","price":2.23},{"type":"A","date":"2018-03-23T06:25:59.000Z","volume":2000,"label":" ","price":2.23},{"type":"A","date":"2018-03-23T06:26:33.000Z","volume":30000,"label":" ","price":2.23},{"type":"A","date":"2018-03-23T06:26:48.000Z","volume":2000,"label":" ","price":2.23},{"type":"A","date":"2018-03-23T06:26:54.000Z","volume":20000,"label":" ","price":2.23},{"type":"A","date":"2018-03-23T06:26:54.000Z","volume":56000,"label":" ","price":2.23},{"type":"A","date":"2018-03-23T06:26:54.000Z","volume":16000,"label":" ","price":2.24},{"type":"B","date":"2018-03-23T06:26:55.000Z","volume":2000,"label":" ","price":2.23},{"type":"A","date":"2018-03-23T06:28:47.000Z","volume":2000,"label":" ","price":2.24},{"type":"A","date":"2018-03-23T06:29:02.000Z","volume":2000,"label":" ","price":2.24},{"type":"A","date":"2018-03-23T06:29:55.000Z","volume":2000,"label":" ","price":2.24},{"type":"A","date":"2018-03-23T06:29:59.000Z","volume":248000,"label":"Y","price":2.24},{"type":"A","date":"2018-03-23T06:30:24.000Z","volume":110000,"label":"Y","price":2.24},{"type":"A","date":"2018-03-23T06:30:48.000Z","volume":2000,"label":" ","price":2.24},{"type":"A","date":"2018-03-23T06:31:17.000Z","volume":6000,"label":"Y","price":2.24},{"type":"A","date":"2018-03-23T06:31:39.000Z","volume":2000,"label":" ","price":2.24},{"type":"A","date":"2018-03-23T06:31:57.000Z","volume":2000,"label":" ","price":2.24},{"type":"A","date":"2018-03-23T06:32:49.000Z","volume":2000,"label":" ","price":2.24},{"type":"A","date":"2018-03-23T06:33:49.000Z","volume":2000,"label":" ","price":2.24},{"type":"A","date":"2018-03-23T06:34:48.000Z","volume":2000,"label":" ","price":2.24},{"type":"B","date":"2018-03-23T06:35:03.000Z","volume":28000,"label":" ","price":2.23},{"type":"A","date":"2018-03-23T06:35:04.000Z","volume":2000,"label":" ","price":2.24},{"type":"B","date":"2018-03-23T06:36:02.000Z","volume":2000,"label":"Y","price":2.23},{"type":"B","date":"2018-03-23T06:36:08.000Z","volume":36000,"label":" ","price":2.23},{"type":"A","date":"2018-03-23T06:36:56.000Z","volume":2000,"label":" ","price":2.24},{"type":"B","date":"2018-03-23T06:37:05.000Z","volume":70000,"label":" ","price":2.23},{"type":"A","date":"2018-03-23T06:37:48.000Z","volume":2000,"label":" ","price":2.24},{"type":"A","date":"2018-03-23T06:38:03.000Z","volume":2000,"label":" ","price":2.24},{"type":"A","date":"2018-03-23T06:38:32.000Z","volume":10000,"label":" ","price":2.24},{"type":"A","date":"2018-03-23T06:38:56.000Z","volume":2000,"label":" ","price":2.24},{"type":"B","date":"2018-03-23T06:39:13.000Z","volume":2000,"label":" ","price":2.23},{"type":"A","date":"2018-03-23T06:39:50.000Z","volume":50000,"label":" ","price":2.24},{"type":"B","date":"2018-03-23T06:39:56.000Z","volume":26000,"label":" ","price":2.23},{"type":"A","date":"2018-03-23T06:39:57.000Z","volume":2000,"label":" ","price":2.24},{"type":"A","date":"2018-03-23T06:40:04.000Z","volume":8000,"label":"Y","price":2.24},{"type":"A","date":"2018-03-23T06:40:57.000Z","volume":2000,"label":" ","price":2.24},{"type":"A","date":"2018-03-23T06:41:49.000Z","volume":2000,"label":" ","price":2.24},{"type":"A","date":"2018-03-23T06:42:04.000Z","volume":2000,"label":" ","price":2.24},{"type":"B","date":"2018-03-23T06:42:26.000Z","volume":2000,"label":" ","price":2.23},{"type":"A","date":"2018-03-23T06:42:57.000Z","volume":2000,"label":" ","price":2.24},{"type":"A","date":"2018-03-23T06:43:57.000Z","volume":2000,"label":" ","price":2.24},{"type":"A","date":"2018-03-23T06:44:01.000Z","volume":28000,"label":"Y","price":2.24},{"type":"A","date":"2018-03-23T06:44:49.000Z","volume":2000,"label":" ","price":2.24},{"type":"A","date":"2018-03-23T06:45:04.000Z","volume":2000,"label":" ","price":2.24},{"type":"A","date":"2018-03-23T06:45:31.000Z","volume":100000,"label":" ","price":2.24},{"type":"A","date":"2018-03-23T06:45:56.000Z","volume":2000,"label":" ","price":2.24},{"type":"A","date":"2018-03-23T06:45:59.000Z","volume":16000,"label":" ","price":2.24},{"type":"A","date":"2018-03-23T06:46:50.000Z","volume":2000,"label":" ","price":2.24},{"type":"A","date":"2018-03-23T06:47:23.000Z","volume":40000,"label":" ","price":2.24},{"type":"A","date":"2018-03-23T06:47:42.000Z","volume":2000,"label":" ","price":2.24},{"type":"A","date":"2018-03-23T06:48:02.000Z","volume":2000,"label":" ","price":2.24},{"type":"A","date":"2018-03-23T06:48:50.000Z","volume":2000,"label":" ","price":2.24},{"type":"B","date":"2018-03-23T06:48:58.000Z","volume":10000,"label":" ","price":2.23},{"type":"A","date":"2018-03-23T06:49:41.000Z","volume":2000,"label":" ","price":2.24},{"type":"A","date":"2018-03-23T06:50:27.000Z","volume":42000,"label":"Y","price":2.24},{"type":"A","date":"2018-03-23T06:50:27.000Z","volume":8000,"label":" ","price":2.24},{"type":"A","date":"2018-03-23T06:50:42.000Z","volume":2000,"label":" ","price":2.24},{"type":"A","date":"2018-03-23T06:51:01.000Z","volume":2000,"label":" ","price":2.24},{"type":"A","date":"2018-03-23T06:51:12.000Z","volume":2000,"label":"Y","price":2.24},{"type":"A","date":"2018-03-23T06:51:12.000Z","volume":28000,"label":" ","price":2.24},{"type":"A","date":"2018-03-23T06:51:13.000Z","volume":30000,"label":" ","price":2.24},{"type":"A","date":"2018-03-23T06:51:18.000Z","volume":100000,"label":" ","price":2.24},{"type":"A","date":"2018-03-23T06:51:18.000Z","volume":10000,"label":" ","price":2.24},{"type":"A","date":"2018-03-23T06:51:25.000Z","volume":20000,"label":" ","price":2.24},{"type":"A","date":"2018-03-23T06:51:50.000Z","volume":30000,"label":" ","price":2.24},{"type":"A","date":"2018-03-23T06:51:50.000Z","volume":8000,"label":" ","price":2.24},{"type":"A","date":"2018-03-23T06:51:53.000Z","volume":2000,"label":" ","price":2.24},{"type":"A","date":"2018-03-23T06:52:31.000Z","volume":30000,"label":" ","price":2.24},{"type":"A","date":"2018-03-23T06:52:40.000Z","volume":10000,"label":" ","price":2.24},{"type":"A","date":"2018-03-23T06:52:41.000Z","volume":40000,"label":" ","price":2.24},{"type":"A","date":"2018-03-23T06:52:41.000Z","volume":12000,"label":" ","price":2.24},{"type":"A","date":"2018-03-23T06:52:41.000Z","volume":4000,"label":" ","price":2.24},{"type":"A","date":"2018-03-23T06:52:50.000Z","volume":20000,"label":" ","price":2.24},{"type":"A","date":"2018-03-23T06:52:51.000Z","volume":2000,"label":" ","price":2.25},{"type":"A","date":"2018-03-23T06:53:43.000Z","volume":2000,"label":" ","price":2.25},{"type":"A","date":"2018-03-23T06:54:04.000Z","volume":2000,"label":" ","price":2.25},{"type":"A","date":"2018-03-23T06:54:52.000Z","volume":2000,"label":" ","price":2.25},{"type":"A","date":"2018-03-23T06:55:52.000Z","volume":2000,"label":" ","price":2.25},{"type":"A","date":"2018-03-23T06:56:51.000Z","volume":2000,"label":" ","price":2.25},{"type":"A","date":"2018-03-23T06:57:06.000Z","volume":2000,"label":" ","price":2.25},{"type":"A","date":"2018-03-23T06:57:47.000Z","volume":6000,"label":" ","price":2.25},{"type":"A","date":"2018-03-23T06:57:59.000Z","volume":2000,"label":" ","price":2.25},{"type":"A","date":"2018-03-23T06:58:59.000Z","volume":2000,"label":" ","price":2.25},{"type":"A","date":"2018-03-23T06:59:52.000Z","volume":2000,"label":" ","price":2.25},{"type":"A","date":"2018-03-23T07:00:07.000Z","volume":2000,"label":" ","price":2.25},{"type":"A","date":"2018-03-23T07:00:50.000Z","volume":178000,"label":" ","price":2.25},{"type":"A","date":"2018-03-23T07:00:50.000Z","volume":4000,"label":"Y","price":2.26},{"type":"A","date":"2018-03-23T07:00:50.000Z","volume":66000,"label":" ","price":2.26},{"type":"A","date":"2018-03-23T07:00:50.000Z","volume":2000,"label":"Y","price":2.25},{"type":"A","date":"2018-03-23T07:01:02.000Z","volume":2000,"label":" ","price":2.26},{"type":"B","date":"2018-03-23T07:01:24.000Z","volume":10000,"label":" ","price":2.25},{"type":"A","date":"2018-03-23T07:01:24.000Z","volume":8000,"label":" ","price":2.25},{"type":"A","date":"2018-03-23T07:02:07.000Z","volume":2000,"label":" ","price":2.25},{"type":"B","date":"2018-03-23T07:02:10.000Z","volume":6000,"label":"Y","price":2.24},{"type":"B","date":"2018-03-23T07:02:10.000Z","volume":4000,"label":" ","price":2.24},{"type":"A","date":"2018-03-23T07:03:35.000Z","volume":2000,"label":" ","price":2.25},{"type":"A","date":"2018-03-23T07:03:52.000Z","volume":2000,"label":" ","price":2.25},{"type":"A","date":"2018-03-23T07:04:08.000Z","volume":2000,"label":" ","price":2.25},{"type":"A","date":"2018-03-23T07:04:55.000Z","volume":30000,"label":" ","price":2.25},{"type":"A","date":"2018-03-23T07:04:57.000Z","volume":2000,"label":" ","price":2.25},{"type":"A","date":"2018-03-23T07:05:00.000Z","volume":2000,"label":" ","price":2.25},{"type":"A","date":"2018-03-23T07:05:53.000Z","volume":2000,"label":" ","price":2.25},{"type":"A","date":"2018-03-23T07:06:52.000Z","volume":2000,"label":" ","price":2.25},{"type":"A","date":"2018-03-23T07:07:08.000Z","volume":2000,"label":" ","price":2.25},{"type":"A","date":"2018-03-23T07:07:59.000Z","volume":2000,"label":" ","price":2.25},{"type":"A","date":"2018-03-23T07:09:02.000Z","volume":2000,"label":" ","price":2.25},{"type":"A","date":"2018-03-23T07:09:53.000Z","volume":2000,"label":" ","price":2.25},{"type":"A","date":"2018-03-23T07:10:08.000Z","volume":2000,"label":" ","price":2.25},{"type":"A","date":"2018-03-23T07:10:34.000Z","volume":20000,"label":" ","price":2.25},{"type":"A","date":"2018-03-23T07:10:37.000Z","volume":100000,"label":" ","price":2.25},{"type":"A","date":"2018-03-23T07:11:01.000Z","volume":2000,"label":" ","price":2.25},{"type":"A","date":"2018-03-23T07:11:42.000Z","volume":20000,"label":" ","price":2.25},{"type":"A","date":"2018-03-23T07:12:01.000Z","volume":2000,"label":" ","price":2.25},{"type":"A","date":"2018-03-23T07:12:48.000Z","volume":12000,"label":" ","price":2.25},{"type":"A","date":"2018-03-23T07:12:54.000Z","volume":2000,"label":" ","price":2.25},{"type":"A","date":"2018-03-23T07:13:04.000Z","volume":10000,"label":" ","price":2.25},{"type":"A","date":"2018-03-23T07:13:09.000Z","volume":2000,"label":" ","price":2.25},{"type":"A","date":"2018-03-23T07:14:01.000Z","volume":2000,"label":" ","price":2.25},{"type":"A","date":"2018-03-23T07:14:05.000Z","volume":2000,"label":" ","price":2.25},{"type":"A","date":"2018-03-23T07:14:55.000Z","volume":2000,"label":" ","price":2.25},{"type":"A","date":"2018-03-23T07:15:46.000Z","volume":2000,"label":" ","price":2.25},{"type":"A","date":"2018-03-23T07:15:54.000Z","volume":150000,"label":" ","price":2.25},{"type":"A","date":"2018-03-23T07:15:54.000Z","volume":28000,"label":" ","price":2.25},{"type":"A","date":"2018-03-23T07:16:06.000Z","volume":2000,"label":" ","price":2.25},{"type":"A","date":"2018-03-23T07:16:07.000Z","volume":30000,"label":" ","price":2.25},{"type":"A","date":"2018-03-23T07:16:35.000Z","volume":102000,"label":" ","price":2.26},{"type":"A","date":"2018-03-23T07:16:50.000Z","volume":50000,"label":" ","price":2.26},{"type":"A","date":"2018-03-23T07:16:57.000Z","volume":72000,"label":" ","price":2.26},{"type":"A","date":"2018-03-23T07:16:57.000Z","volume":4000,"label":" ","price":2.26},{"type":"A","date":"2018-03-23T07:17:03.000Z","volume":2000,"label":" ","price":2.27},{"type":"A","date":"2018-03-23T07:18:04.000Z","volume":2000,"label":" ","price":2.27},{"type":"A","date":"2018-03-23T07:18:56.000Z","volume":2000,"label":" ","price":2.27},{"type":"A","date":"2018-03-23T07:19:11.000Z","volume":2000,"label":" ","price":2.27},{"type":"A","date":"2018-03-23T07:19:46.000Z","volume":40000,"label":" ","price":2.27},{"type":"B","date":"2018-03-23T07:19:49.000Z","volume":50000,"label":" ","price":2.26},{"type":"A","date":"2018-03-23T07:21:56.000Z","volume":2000,"label":" ","price":2.27},{"type":"A","date":"2018-03-23T07:22:04.000Z","volume":2000,"label":" ","price":2.27},{"type":"A","date":"2018-03-23T07:22:56.000Z","volume":2000,"label":" ","price":2.27},{"type":"A","date":"2018-03-23T07:23:57.000Z","volume":2000,"label":" ","price":2.27},{"type":"A","date":"2018-03-23T07:24:58.000Z","volume":2000,"label":" ","price":2.27},{"type":"A","date":"2018-03-23T07:25:05.000Z","volume":2000,"label":" ","price":2.27},{"type":"A","date":"2018-03-23T07:25:57.000Z","volume":2000,"label":" ","price":2.27},{"type":"B","date":"2018-03-23T07:26:17.000Z","volume":6000,"label":" ","price":2.26},{"type":"B","date":"2018-03-23T07:26:39.000Z","volume":20000,"label":" ","price":2.26},{"type":"B","date":"2018-03-23T07:26:48.000Z","volume":30000,"label":" ","price":2.26},{"type":"B","date":"2018-03-23T07:26:48.000Z","volume":12000,"label":"Y","price":2.26},{"type":"B","date":"2018-03-23T07:26:48.000Z","volume":94000,"label":" ","price":2.26},{"type":"A","date":"2018-03-23T07:28:13.000Z","volume":40000,"label":" ","price":2.27},{"type":"B","date":"2018-03-23T07:28:35.000Z","volume":24000,"label":" ","price":2.26},{"type":"B","date":"2018-03-23T07:29:04.000Z","volume":2000,"label":" ","price":2.26},{"type":"A","date":"2018-03-23T07:30:06.000Z","volume":2000,"label":" ","price":2.27},{"type":"A","date":"2018-03-23T07:31:06.000Z","volume":2000,"label":" ","price":2.27},{"type":"A","date":"2018-03-23T07:31:59.000Z","volume":2000,"label":" ","price":2.27},{"type":"A","date":"2018-03-23T07:32:13.000Z","volume":2000,"label":" ","price":2.27},{"type":"B","date":"2018-03-23T07:32:56.000Z","volume":100000,"label":" ","price":2.26},{"type":"B","date":"2018-03-23T07:32:56.000Z","volume":2000,"label":" ","price":2.26},{"type":"A","date":"2018-03-23T07:33:06.000Z","volume":2000,"label":" ","price":2.27},{"type":"B","date":"2018-03-23T07:34:27.000Z","volume":20000,"label":" ","price":2.26},{"type":"A","date":"2018-03-23T07:34:59.000Z","volume":2000,"label":" ","price":2.27},{"type":"A","date":"2018-03-23T07:35:15.000Z","volume":2000,"label":" ","price":2.27},{"type":"A","date":"2018-03-23T07:36:00.000Z","volume":2000,"label":" ","price":2.27},{"type":"B","date":"2018-03-23T07:36:11.000Z","volume":2000,"label":" ","price":2.26},{"type":"A","date":"2018-03-23T07:37:00.000Z","volume":2000,"label":" ","price":2.27},{"type":"A","date":"2018-03-23T07:37:50.000Z","volume":2000,"label":" ","price":2.27},{"type":"A","date":"2018-03-23T07:38:10.000Z","volume":2000,"label":" ","price":2.27},{"type":"A","date":"2018-03-23T07:39:00.000Z","volume":2000,"label":" ","price":2.27},{"type":"B","date":"2018-03-23T07:39:13.000Z","volume":4000,"label":" ","price":2.26},{"type":"A","date":"2018-03-23T07:39:51.000Z","volume":2000,"label":" ","price":2.27},{"type":"B","date":"2018-03-23T07:39:52.000Z","volume":20000,"label":" ","price":2.26},{"type":"A","date":"2018-03-23T07:40:51.000Z","volume":2000,"label":" ","price":2.27},{"type":"A","date":"2018-03-23T07:41:13.000Z","volume":2000,"label":" ","price":2.27},{"type":"A","date":"2018-03-23T07:41:18.000Z","volume":50000,"label":" ","price":2.27},{"type":"B","date":"2018-03-23T07:41:42.000Z","volume":2000,"label":" ","price":2.26},{"type":"A","date":"2018-03-23T07:42:00.000Z","volume":2000,"label":" ","price":2.27},{"type":"B","date":"2018-03-23T07:42:45.000Z","volume":20000,"label":" ","price":2.26},{"type":"A","date":"2018-03-23T07:42:59.000Z","volume":2000,"label":" ","price":2.27},{"type":"A","date":"2018-03-23T07:43:13.000Z","volume":2000,"label":" ","price":2.27},{"type":"B","date":"2018-03-23T07:43:17.000Z","volume":4000,"label":" ","price":2.26},{"type":"A","date":"2018-03-23T07:43:49.000Z","volume":14000,"label":"Y","price":2.27},{"type":"A","date":"2018-03-23T07:43:49.000Z","volume":286000,"label":" ","price":2.27},{"type":"A","date":"2018-03-23T07:43:49.000Z","volume":34000,"label":" ","price":2.27},{"type":"A","date":"2018-03-23T07:43:54.000Z","volume":4000,"label":"Y","price":2.27},{"type":"A","date":"2018-03-23T07:43:54.000Z","volume":12000,"label":" ","price":2.27},{"type":"A","date":"2018-03-23T07:43:57.000Z","volume":24000,"label":" ","price":2.27},{"type":"A","date":"2018-03-23T07:44:02.000Z","volume":2000,"label":" ","price":2.28},{"type":"B","date":"2018-03-23T07:44:32.000Z","volume":50000,"label":" ","price":2.27},{"type":"B","date":"2018-03-23T07:44:34.000Z","volume":30000,"label":" ","price":2.27},{"type":"A","date":"2018-03-23T07:44:34.000Z","volume":10000,"label":" ","price":2.27},{"type":"A","date":"2018-03-23T07:44:54.000Z","volume":104000,"label":"Y","price":2.28},{"type":"A","date":"2018-03-23T07:44:54.000Z","volume":386000,"label":" ","price":2.28},{"type":"A","date":"2018-03-23T07:45:22.000Z","volume":20000,"label":" ","price":2.28},{"type":"A","date":"2018-03-23T07:47:01.000Z","volume":2000,"label":" ","price":2.28},{"type":"A","date":"2018-03-23T07:47:08.000Z","volume":2000,"label":" ","price":2.28},{"type":"B","date":"2018-03-23T07:47:35.000Z","volume":4000,"label":" ","price":2.27},{"type":"A","date":"2018-03-23T07:48:03.000Z","volume":2000,"label":" ","price":2.28},{"type":"A","date":"2018-03-23T07:48:53.000Z","volume":2000,"label":" ","price":2.28},{"type":"A","date":"2018-03-23T07:49:53.000Z","volume":2000,"label":" ","price":2.28},{"type":"A","date":"2018-03-23T07:50:10.000Z","volume":20000,"label":" ","price":2.28},{"type":"A","date":"2018-03-23T07:50:10.000Z","volume":4000,"label":" ","price":2.28},{"type":"A","date":"2018-03-23T07:50:11.000Z","volume":42000,"label":" ","price":2.28},{"type":"A","date":"2018-03-23T07:50:15.000Z","volume":2000,"label":" ","price":2.29},{"type":"A","date":"2018-03-23T07:51:04.000Z","volume":20000,"label":" ","price":2.29},{"type":"A","date":"2018-03-23T07:51:15.000Z","volume":2000,"label":" ","price":2.29},{"type":"A","date":"2018-03-23T07:51:18.000Z","volume":10000,"label":" ","price":2.29},{"type":"B","date":"2018-03-23T07:52:02.000Z","volume":28000,"label":" ","price":2.28},{"type":"B","date":"2018-03-23T07:52:02.000Z","volume":6000,"label":" ","price":2.27},{"type":"B","date":"2018-03-23T07:52:02.000Z","volume":16000,"label":" ","price":2.26},{"type":"B","date":"2018-03-23T07:52:37.000Z","volume":2000,"label":" ","price":2.28},{"type":"B","date":"2018-03-23T07:53:46.000Z","volume":6000,"label":" ","price":2.28},{"type":"A","date":"2018-03-23T07:53:47.000Z","volume":8000,"label":" ","price":2.28},{"type":"A","date":"2018-03-23T07:54:16.000Z","volume":2000,"label":" ","price":2.29},{"type":"B","date":"2018-03-23T07:54:25.000Z","volume":4000,"label":" ","price":2.28},{"type":"A","date":"2018-03-23T07:55:53.000Z","volume":2000,"label":" ","price":2.28},{"type":"B","date":"2018-03-23T07:55:57.000Z","volume":2000,"label":" ","price":2.27},{"type":"B","date":"2018-03-23T07:56:25.000Z","volume":294000,"label":" ","price":2.27},{"type":"B","date":"2018-03-23T07:56:25.000Z","volume":6000,"label":" ","price":2.27},{"type":"B","date":"2018-03-23T07:56:28.000Z","volume":2000,"label":" ","price":2.27},{"type":"A","date":"2018-03-23T07:57:47.000Z","volume":2000,"label":" ","price":2.28},{"type":"B","date":"2018-03-23T07:57:54.000Z","volume":2000,"label":" ","price":2.27},{"type":"A","date":"2018-03-23T07:57:55.000Z","volume":12000,"label":" ","price":2.28},{"type":"B","date":"2018-03-23T07:58:29.000Z","volume":2000,"label":" ","price":2.27},{"type":"A","date":"2018-03-23T07:59:30.000Z","volume":2000,"label":" ","price":2.28},{"type":"U","date":"2018-03-23T08:08:12.000Z","volume":90000,"label":"U","price":2.27}]