[{"type":"U","date":"2018-04-17T01:20:00.000Z","volume":107000,"label":"U","price":2.67},{"type":"B","date":"2018-04-17T01:30:08.000Z","volume":20000,"label":" ","price":2.67},{"type":"A","date":"2018-04-17T01:30:21.000Z","volume":1000,"label":"Y","price":2.68},{"type":"U","date":"2018-04-17T01:30:23.000Z","volume":648,"label":"D","price":2.62},{"type":"B","date":"2018-04-17T01:30:29.000Z","volume":1000,"label":"Y","price":2.68},{"type":"B","date":"2018-04-17T01:30:48.000Z","volume":1000,"label":" ","price":2.68},{"type":"B","date":"2018-04-17T01:31:01.000Z","volume":2000,"label":"Y","price":2.68},{"type":"B","date":"2018-04-17T01:31:01.000Z","volume":1000,"label":" ","price":2.68},{"type":"B","date":"2018-04-17T01:31:01.000Z","volume":4000,"label":" ","price":2.67},{"type":"B","date":"2018-04-17T01:31:09.000Z","volume":10000,"label":" ","price":2.67},{"type":"B","date":"2018-04-17T01:31:26.000Z","volume":1000,"label":" ","price":2.67},{"type":"B","date":"2018-04-17T01:31:42.000Z","volume":80000,"label":" ","price":2.67},{"type":"A","date":"2018-04-17T01:32:28.000Z","volume":15000,"label":" ","price":2.69},{"type":"B","date":"2018-04-17T01:32:42.000Z","volume":5000,"label":" ","price":2.68},{"type":"A","date":"2018-04-17T01:34:48.000Z","volume":40000,"label":" ","price":2.7},{"type":"A","date":"2018-04-17T01:35:00.000Z","volume":1000,"label":" ","price":2.71},{"type":"B","date":"2018-04-17T01:35:15.000Z","volume":1000,"label":" ","price":2.71},{"type":"B","date":"2018-04-17T01:36:10.000Z","volume":1000,"label":" ","price":2.7},{"type":"B","date":"2018-04-17T01:36:24.000Z","volume":6000,"label":" ","price":2.7},{"type":"A","date":"2018-04-17T01:36:25.000Z","volume":2000,"label":" ","price":2.71},{"type":"A","date":"2018-04-17T01:36:47.000Z","volume":1000,"label":" ","price":2.71},{"type":"B","date":"2018-04-17T01:37:46.000Z","volume":31000,"label":" ","price":2.7},{"type":"A","date":"2018-04-17T01:37:46.000Z","volume":1000,"label":" ","price":2.71},{"type":"B","date":"2018-04-17T01:37:47.000Z","volume":1000,"label":" ","price":2.69},{"type":"B","date":"2018-04-17T01:39:15.000Z","volume":3000,"label":" ","price":2.69},{"type":"B","date":"2018-04-17T01:41:40.000Z","volume":1000,"label":" ","price":2.68},{"type":"B","date":"2018-04-17T01:42:42.000Z","volume":1000,"label":" ","price":2.68},{"type":"B","date":"2018-04-17T01:43:43.000Z","volume":5000,"label":" ","price":2.68},{"type":"A","date":"2018-04-17T01:44:15.000Z","volume":20000,"label":" ","price":2.69},{"type":"B","date":"2018-04-17T01:44:27.000Z","volume":5000,"label":" ","price":2.68},{"type":"A","date":"2018-04-17T01:45:16.000Z","volume":3000,"label":" ","price":2.69},{"type":"A","date":"2018-04-17T01:46:05.000Z","volume":1000,"label":" ","price":2.69},{"type":"B","date":"2018-04-17T01:46:32.000Z","volume":1000,"label":" ","price":2.68},{"type":"B","date":"2018-04-17T01:51:02.000Z","volume":1000,"label":" ","price":2.68},{"type":"B","date":"2018-04-17T01:54:52.000Z","volume":10000,"label":" ","price":2.68},{"type":"B","date":"2018-04-17T01:55:17.000Z","volume":1000,"label":" ","price":2.68},{"type":"B","date":"2018-04-17T01:55:49.000Z","volume":20000,"label":" ","price":2.68},{"type":"B","date":"2018-04-17T01:56:39.000Z","volume":50000,"label":" ","price":2.68},{"type":"B","date":"2018-04-17T01:57:38.000Z","volume":10000,"label":" ","price":2.67},{"type":"B","date":"2018-04-17T01:58:02.000Z","volume":1000,"label":" ","price":2.68},{"type":"B","date":"2018-04-17T01:58:56.000Z","volume":1000,"label":" ","price":2.68},{"type":"B","date":"2018-04-17T01:59:10.000Z","volume":3000,"label":" ","price":2.68},{"type":"B","date":"2018-04-17T01:59:10.000Z","volume":7000,"label":" ","price":2.68},{"type":"B","date":"2018-04-17T01:59:42.000Z","volume":10000,"label":" ","price":2.67},{"type":"B","date":"2018-04-17T02:00:07.000Z","volume":30000,"label":" ","price":2.67},{"type":"U","date":"2018-04-17T02:00:15.000Z","volume":5000,"label":" ","price":2.68},{"type":"U","date":"2018-04-17T02:00:15.000Z","volume":1000,"label":" ","price":2.68},{"type":"B","date":"2018-04-17T02:02:55.000Z","volume":1000,"label":" ","price":2.68},{"type":"A","date":"2018-04-17T02:03:39.000Z","volume":1000,"label":" ","price":2.68},{"type":"B","date":"2018-04-17T02:04:17.000Z","volume":1000,"label":" ","price":2.67},{"type":"B","date":"2018-04-17T02:06:00.000Z","volume":4000,"label":" ","price":2.67},{"type":"A","date":"2018-04-17T02:07:52.000Z","volume":10000,"label":" ","price":2.68},{"type":"B","date":"2018-04-17T02:08:12.000Z","volume":10000,"label":" ","price":2.68},{"type":"A","date":"2018-04-17T02:08:12.000Z","volume":3000,"label":" ","price":2.69},{"type":"A","date":"2018-04-17T02:09:10.000Z","volume":14000,"label":" ","price":2.69},{"type":"A","date":"2018-04-17T02:09:10.000Z","volume":2000,"label":" ","price":2.69},{"type":"B","date":"2018-04-17T02:09:13.000Z","volume":1000,"label":" ","price":2.69},{"type":"B","date":"2018-04-17T02:10:20.000Z","volume":24000,"label":" ","price":2.69},{"type":"A","date":"2018-04-17T02:12:16.000Z","volume":1000,"label":" ","price":2.69},{"type":"A","date":"2018-04-17T02:12:29.000Z","volume":4000,"label":" ","price":2.69},{"type":"A","date":"2018-04-17T02:12:45.000Z","volume":1000,"label":"Y","price":2.69},{"type":"A","date":"2018-04-17T02:12:45.000Z","volume":2000,"label":" ","price":2.69},{"type":"B","date":"2018-04-17T02:13:19.000Z","volume":6000,"label":" ","price":2.69},{"type":"B","date":"2018-04-17T02:13:20.000Z","volume":1000,"label":" ","price":2.69},{"type":"B","date":"2018-04-17T02:14:44.000Z","volume":6000,"label":" ","price":2.69},{"type":"B","date":"2018-04-17T02:15:15.000Z","volume":2000,"label":" ","price":2.68},{"type":"B","date":"2018-04-17T02:16:16.000Z","volume":1000,"label":" ","price":2.69},{"type":"B","date":"2018-04-17T02:17:39.000Z","volume":31000,"label":" ","price":2.69},{"type":"A","date":"2018-04-17T02:18:02.000Z","volume":10000,"label":" ","price":2.69},{"type":"A","date":"2018-04-17T02:18:20.000Z","volume":41000,"label":" ","price":2.69},{"type":"B","date":"2018-04-17T02:18:37.000Z","volume":10000,"label":" ","price":2.68},{"type":"B","date":"2018-04-17T02:18:42.000Z","volume":37000,"label":" ","price":2.68},{"type":"B","date":"2018-04-17T02:19:06.000Z","volume":170000,"label":" ","price":2.67},{"type":"B","date":"2018-04-17T02:19:07.000Z","volume":1000,"label":" ","price":2.67},{"type":"U","date":"2018-04-17T02:19:09.000Z","volume":50000,"label":" ","price":2.67},{"type":"B","date":"2018-04-17T02:19:10.000Z","volume":36000,"label":" ","price":2.67},{"type":"U","date":"2018-04-17T02:19:11.000Z","volume":5000,"label":" ","price":2.67},{"type":"U","date":"2018-04-17T02:19:16.000Z","volume":8000,"label":" ","price":2.69},{"type":"B","date":"2018-04-17T02:23:43.000Z","volume":1000,"label":" ","price":2.68},{"type":"B","date":"2018-04-17T02:24:12.000Z","volume":1000,"label":" ","price":2.68},{"type":"B","date":"2018-04-17T02:24:16.000Z","volume":19000,"label":" ","price":2.68},{"type":"B","date":"2018-04-17T02:26:32.000Z","volume":1000,"label":" ","price":2.67},{"type":"B","date":"2018-04-17T02:26:32.000Z","volume":6000,"label":" ","price":2.67},{"type":"A","date":"2018-04-17T02:30:30.000Z","volume":1000,"label":" ","price":2.68},{"type":"B","date":"2018-04-17T02:31:17.000Z","volume":1000,"label":" ","price":2.67},{"type":"A","date":"2018-04-17T02:32:27.000Z","volume":2000,"label":" ","price":2.68},{"type":"A","date":"2018-04-17T02:34:51.000Z","volume":5000,"label":" ","price":2.68},{"type":"A","date":"2018-04-17T02:35:37.000Z","volume":1000,"label":" ","price":2.68},{"type":"A","date":"2018-04-17T02:36:27.000Z","volume":1000,"label":" ","price":2.68},{"type":"A","date":"2018-04-17T02:38:03.000Z","volume":7000,"label":" ","price":2.68},{"type":"A","date":"2018-04-17T02:38:44.000Z","volume":1000,"label":" ","price":2.68},{"type":"A","date":"2018-04-17T02:38:58.000Z","volume":2000,"label":" ","price":2.68},{"type":"B","date":"2018-04-17T02:40:02.000Z","volume":1000,"label":" ","price":2.67},{"type":"A","date":"2018-04-17T02:40:22.000Z","volume":26000,"label":" ","price":2.68},{"type":"A","date":"2018-04-17T02:40:51.000Z","volume":1000,"label":" ","price":2.68},{"type":"A","date":"2018-04-17T02:42:03.000Z","volume":1000,"label":" ","price":2.68},{"type":"B","date":"2018-04-17T02:42:27.000Z","volume":10000,"label":" ","price":2.67},{"type":"B","date":"2018-04-17T02:42:30.000Z","volume":8000,"label":" ","price":2.67},{"type":"B","date":"2018-04-17T02:44:29.000Z","volume":1000,"label":" ","price":2.67},{"type":"B","date":"2018-04-17T02:44:32.000Z","volume":1000,"label":" ","price":2.67},{"type":"B","date":"2018-04-17T02:44:34.000Z","volume":1000,"label":" ","price":2.67},{"type":"B","date":"2018-04-17T02:45:17.000Z","volume":50000,"label":" ","price":2.67},{"type":"B","date":"2018-04-17T02:47:29.000Z","volume":1000,"label":" ","price":2.67},{"type":"A","date":"2018-04-17T02:47:39.000Z","volume":3000,"label":" ","price":2.68},{"type":"A","date":"2018-04-17T02:47:59.000Z","volume":2000,"label":" ","price":2.68},{"type":"B","date":"2018-04-17T02:48:05.000Z","volume":7000,"label":" ","price":2.67},{"type":"B","date":"2018-04-17T02:49:02.000Z","volume":1000,"label":" ","price":2.67},{"type":"A","date":"2018-04-17T02:51:17.000Z","volume":5000,"label":" ","price":2.68},{"type":"B","date":"2018-04-17T02:51:53.000Z","volume":80000,"label":" ","price":2.67},{"type":"B","date":"2018-04-17T02:52:29.000Z","volume":1000,"label":" ","price":2.67},{"type":"B","date":"2018-04-17T02:53:21.000Z","volume":2000,"label":" ","price":2.67},{"type":"B","date":"2018-04-17T02:53:32.000Z","volume":1000,"label":" ","price":2.67},{"type":"A","date":"2018-04-17T02:53:58.000Z","volume":10000,"label":" ","price":2.68},{"type":"A","date":"2018-04-17T02:54:15.000Z","volume":1000,"label":" ","price":2.68},{"type":"B","date":"2018-04-17T02:55:49.000Z","volume":2000,"label":" ","price":2.67},{"type":"B","date":"2018-04-17T02:57:47.000Z","volume":1000,"label":" ","price":2.67},{"type":"B","date":"2018-04-17T03:01:41.000Z","volume":1000,"label":" ","price":2.67},{"type":"B","date":"2018-04-17T03:02:32.000Z","volume":1000,"label":" ","price":2.67},{"type":"B","date":"2018-04-17T03:03:13.000Z","volume":1000,"label":" ","price":2.67},{"type":"A","date":"2018-04-17T03:03:16.000Z","volume":10000,"label":" ","price":2.68},{"type":"A","date":"2018-04-17T03:03:28.000Z","volume":5000,"label":" ","price":2.68},{"type":"B","date":"2018-04-17T03:06:47.000Z","volume":1000,"label":" ","price":2.67},{"type":"A","date":"2018-04-17T03:08:09.000Z","volume":1000,"label":" ","price":2.68},{"type":"A","date":"2018-04-17T03:10:19.000Z","volume":10000,"label":" ","price":2.68},{"type":"A","date":"2018-04-17T03:10:45.000Z","volume":1000,"label":" ","price":2.68},{"type":"B","date":"2018-04-17T03:11:17.000Z","volume":1000,"label":" ","price":2.67},{"type":"A","date":"2018-04-17T03:12:52.000Z","volume":1000,"label":" ","price":2.68},{"type":"A","date":"2018-04-17T03:15:02.000Z","volume":1000,"label":" ","price":2.68},{"type":"A","date":"2018-04-17T03:15:35.000Z","volume":9000,"label":" ","price":2.68},{"type":"B","date":"2018-04-17T03:15:46.000Z","volume":1000,"label":" ","price":2.67},{"type":"B","date":"2018-04-17T03:15:47.000Z","volume":1000,"label":" ","price":2.67},{"type":"A","date":"2018-04-17T03:18:00.000Z","volume":1000,"label":" ","price":2.68},{"type":"A","date":"2018-04-17T03:19:02.000Z","volume":5000,"label":" ","price":2.68},{"type":"B","date":"2018-04-17T03:20:16.000Z","volume":10000,"label":" ","price":2.67},{"type":"B","date":"2018-04-17T03:20:17.000Z","volume":1000,"label":" ","price":2.67},{"type":"B","date":"2018-04-17T03:24:47.000Z","volume":1000,"label":" ","price":2.67},{"type":"A","date":"2018-04-17T03:27:18.000Z","volume":10000,"label":" ","price":2.68},{"type":"A","date":"2018-04-17T03:27:40.000Z","volume":5000,"label":" ","price":2.68},{"type":"A","date":"2018-04-17T03:28:10.000Z","volume":5000,"label":" ","price":2.68},{"type":"A","date":"2018-04-17T03:28:11.000Z","volume":4000,"label":" ","price":2.68},{"type":"A","date":"2018-04-17T03:28:16.000Z","volume":3000,"label":" ","price":2.68},{"type":"B","date":"2018-04-17T03:29:02.000Z","volume":1000,"label":" ","price":2.67},{"type":"A","date":"2018-04-17T03:29:10.000Z","volume":10000,"label":" ","price":2.68},{"type":"A","date":"2018-04-17T03:29:15.000Z","volume":1000,"label":" ","price":2.68},{"type":"A","date":"2018-04-17T03:29:55.000Z","volume":5000,"label":" ","price":2.68},{"type":"B","date":"2018-04-17T03:33:28.000Z","volume":40000,"label":" ","price":2.67},{"type":"B","date":"2018-04-17T03:33:47.000Z","volume":1000,"label":" ","price":2.67},{"type":"B","date":"2018-04-17T03:35:25.000Z","volume":1000,"label":" ","price":2.67},{"type":"B","date":"2018-04-17T03:37:30.000Z","volume":1000,"label":" ","price":2.67},{"type":"A","date":"2018-04-17T03:37:42.000Z","volume":10000,"label":" ","price":2.68},{"type":"B","date":"2018-04-17T03:38:02.000Z","volume":1000,"label":" ","price":2.67},{"type":"A","date":"2018-04-17T03:38:30.000Z","volume":3000,"label":" ","price":2.68},{"type":"A","date":"2018-04-17T03:39:39.000Z","volume":1000,"label":" ","price":2.68},{"type":"A","date":"2018-04-17T03:40:47.000Z","volume":1000,"label":" ","price":2.68},{"type":"A","date":"2018-04-17T03:41:38.000Z","volume":1000,"label":" ","price":2.68},{"type":"B","date":"2018-04-17T03:41:44.000Z","volume":2000,"label":" ","price":2.67},{"type":"B","date":"2018-04-17T03:42:32.000Z","volume":1000,"label":" ","price":2.67},{"type":"A","date":"2018-04-17T03:43:54.000Z","volume":10000,"label":" ","price":2.68},{"type":"A","date":"2018-04-17T03:44:59.000Z","volume":1000,"label":" ","price":2.68},{"type":"A","date":"2018-04-17T03:45:31.000Z","volume":2000,"label":"Y","price":2.68},{"type":"A","date":"2018-04-17T03:45:31.000Z","volume":6000,"label":" ","price":2.68},{"type":"A","date":"2018-04-17T03:46:42.000Z","volume":10000,"label":" ","price":2.68},{"type":"B","date":"2018-04-17T03:46:47.000Z","volume":1000,"label":" ","price":2.67},{"type":"A","date":"2018-04-17T03:47:14.000Z","volume":5000,"label":" ","price":2.68},{"type":"A","date":"2018-04-17T03:47:43.000Z","volume":1000,"label":" ","price":2.68},{"type":"A","date":"2018-04-17T03:48:40.000Z","volume":8000,"label":"Y","price":2.68},{"type":"A","date":"2018-04-17T03:48:40.000Z","volume":2000,"label":" ","price":2.68},{"type":"B","date":"2018-04-17T03:48:54.000Z","volume":1000,"label":" ","price":2.67},{"type":"A","date":"2018-04-17T03:49:39.000Z","volume":1000,"label":" ","price":2.68},{"type":"B","date":"2018-04-17T03:50:02.000Z","volume":1000,"label":" ","price":2.67},{"type":"A","date":"2018-04-17T03:51:01.000Z","volume":38000,"label":" ","price":2.68},{"type":"A","date":"2018-04-17T03:51:01.000Z","volume":12000,"label":" ","price":2.69},{"type":"B","date":"2018-04-17T03:54:51.000Z","volume":1000,"label":" ","price":2.67},{"type":"A","date":"2018-04-17T03:55:11.000Z","volume":3000,"label":" ","price":2.68},{"type":"B","date":"2018-04-17T03:55:48.000Z","volume":1000,"label":" ","price":2.68},{"type":"B","date":"2018-04-17T03:57:25.000Z","volume":3000,"label":" ","price":2.68},{"type":"B","date":"2018-04-17T03:57:52.000Z","volume":10000,"label":" ","price":2.68},{"type":"B","date":"2018-04-17T03:57:52.000Z","volume":27000,"label":" ","price":2.67},{"type":"U","date":"2018-04-17T03:58:15.000Z","volume":224,"label":"D","price":2.62},{"type":"B","date":"2018-04-17T05:00:00.000Z","volume":1000,"label":" ","price":2.68},{"type":"B","date":"2018-04-17T05:00:00.000Z","volume":7000,"label":" ","price":2.67},{"type":"B","date":"2018-04-17T05:00:01.000Z","volume":5000,"label":" ","price":2.67},{"type":"A","date":"2018-04-17T05:00:01.000Z","volume":2000,"label":" ","price":2.68},{"type":"B","date":"2018-04-17T05:00:02.000Z","volume":1000,"label":" ","price":2.68},{"type":"B","date":"2018-04-17T05:00:02.000Z","volume":1000,"label":" ","price":2.68},{"type":"B","date":"2018-04-17T05:00:09.000Z","volume":16000,"label":" ","price":2.68},{"type":"A","date":"2018-04-17T05:00:10.000Z","volume":3000,"label":" ","price":2.68},{"type":"B","date":"2018-04-17T05:00:17.000Z","volume":1000,"label":" ","price":2.67},{"type":"U","date":"2018-04-17T05:00:34.000Z","volume":403,"label":"D","price":2.63},{"type":"A","date":"2018-04-17T05:01:59.000Z","volume":5000,"label":" ","price":2.68},{"type":"B","date":"2018-04-17T05:02:39.000Z","volume":1000,"label":" ","price":2.68},{"type":"B","date":"2018-04-17T05:04:30.000Z","volume":5000,"label":" ","price":2.68},{"type":"B","date":"2018-04-17T05:05:09.000Z","volume":5000,"label":" ","price":2.67},{"type":"A","date":"2018-04-17T05:06:00.000Z","volume":10000,"label":" ","price":2.68},{"type":"A","date":"2018-04-17T05:06:13.000Z","volume":1000,"label":" ","price":2.68},{"type":"A","date":"2018-04-17T05:07:10.000Z","volume":1000,"label":" ","price":2.68},{"type":"B","date":"2018-04-17T05:09:17.000Z","volume":1000,"label":" ","price":2.67},{"type":"B","date":"2018-04-17T05:10:54.000Z","volume":100000,"label":" ","price":2.67},{"type":"B","date":"2018-04-17T05:13:47.000Z","volume":1000,"label":" ","price":2.67},{"type":"A","date":"2018-04-17T05:14:30.000Z","volume":6000,"label":" ","price":2.68},{"type":"B","date":"2018-04-17T05:16:50.000Z","volume":50000,"label":" ","price":2.67},{"type":"B","date":"2018-04-17T05:16:51.000Z","volume":10000,"label":" ","price":2.67},{"type":"B","date":"2018-04-17T05:18:25.000Z","volume":1000,"label":" ","price":2.67},{"type":"B","date":"2018-04-17T05:18:46.000Z","volume":20000,"label":" ","price":2.67},{"type":"B","date":"2018-04-17T05:22:47.000Z","volume":1000,"label":" ","price":2.67},{"type":"A","date":"2018-04-17T05:23:12.000Z","volume":8000,"label":"Y","price":2.68},{"type":"B","date":"2018-04-17T05:25:01.000Z","volume":19000,"label":"Y","price":2.67},{"type":"B","date":"2018-04-17T05:25:01.000Z","volume":19000,"label":" ","price":2.67},{"type":"B","date":"2018-04-17T05:26:39.000Z","volume":3000,"label":" ","price":2.67},{"type":"B","date":"2018-04-17T05:27:17.000Z","volume":1000,"label":" ","price":2.67},{"type":"B","date":"2018-04-17T05:28:03.000Z","volume":20000,"label":" ","price":2.67},{"type":"B","date":"2018-04-17T05:28:05.000Z","volume":7000,"label":" ","price":2.67},{"type":"A","date":"2018-04-17T05:31:35.000Z","volume":1000,"label":" ","price":2.68},{"type":"B","date":"2018-04-17T05:32:02.000Z","volume":1000,"label":"Y","price":2.67},{"type":"A","date":"2018-04-17T05:33:36.000Z","volume":1000,"label":" ","price":2.68},{"type":"A","date":"2018-04-17T05:34:49.000Z","volume":5000,"label":" ","price":2.68},{"type":"B","date":"2018-04-17T05:34:51.000Z","volume":1000,"label":" ","price":2.67},{"type":"B","date":"2018-04-17T05:34:53.000Z","volume":3000,"label":" ","price":2.67},{"type":"B","date":"2018-04-17T05:36:17.000Z","volume":1000,"label":"Y","price":2.67},{"type":"A","date":"2018-04-17T05:36:22.000Z","volume":1000,"label":" ","price":2.68},{"type":"A","date":"2018-04-17T05:37:19.000Z","volume":5000,"label":" ","price":2.68},{"type":"B","date":"2018-04-17T05:39:38.000Z","volume":1000,"label":" ","price":2.67},{"type":"B","date":"2018-04-17T05:40:32.000Z","volume":1000,"label":"Y","price":2.67},{"type":"B","date":"2018-04-17T05:41:19.000Z","volume":30000,"label":" ","price":2.67},{"type":"B","date":"2018-04-17T05:45:02.000Z","volume":1000,"label":" ","price":2.67},{"type":"B","date":"2018-04-17T05:46:27.000Z","volume":7000,"label":" ","price":2.67},{"type":"B","date":"2018-04-17T05:48:32.000Z","volume":1000,"label":" ","price":2.67},{"type":"B","date":"2018-04-17T05:49:40.000Z","volume":1000,"label":" ","price":2.67},{"type":"A","date":"2018-04-17T05:51:19.000Z","volume":1000,"label":" ","price":2.68},{"type":"A","date":"2018-04-17T05:53:24.000Z","volume":1000,"label":" ","price":2.68},{"type":"B","date":"2018-04-17T05:53:27.000Z","volume":2000,"label":" ","price":2.67},{"type":"B","date":"2018-04-17T05:54:02.000Z","volume":1000,"label":" ","price":2.67},{"type":"A","date":"2018-04-17T05:54:02.000Z","volume":10000,"label":" ","price":2.68},{"type":"B","date":"2018-04-17T05:55:11.000Z","volume":1000,"label":" ","price":2.67},{"type":"A","date":"2018-04-17T05:55:17.000Z","volume":10000,"label":" ","price":2.68},{"type":"A","date":"2018-04-17T05:56:33.000Z","volume":1000,"label":" ","price":2.68},{"type":"B","date":"2018-04-17T05:58:17.000Z","volume":1000,"label":" ","price":2.67},{"type":"A","date":"2018-04-17T05:58:40.000Z","volume":1000,"label":" ","price":2.68},{"type":"A","date":"2018-04-17T06:00:13.000Z","volume":25000,"label":" ","price":2.68},{"type":"A","date":"2018-04-17T06:00:40.000Z","volume":1000,"label":" ","price":2.68},{"type":"B","date":"2018-04-17T06:03:02.000Z","volume":1000,"label":" ","price":2.67},{"type":"A","date":"2018-04-17T06:03:38.000Z","volume":1000,"label":" ","price":2.68},{"type":"B","date":"2018-04-17T06:04:25.000Z","volume":20000,"label":" ","price":2.67},{"type":"A","date":"2018-04-17T06:05:36.000Z","volume":10000,"label":" ","price":2.68},{"type":"B","date":"2018-04-17T06:07:32.000Z","volume":1000,"label":" ","price":2.67},{"type":"B","date":"2018-04-17T06:07:43.000Z","volume":10000,"label":" ","price":2.67},{"type":"B","date":"2018-04-17T06:08:01.000Z","volume":2000,"label":" ","price":2.67},{"type":"A","date":"2018-04-17T06:09:02.000Z","volume":12000,"label":" ","price":2.68},{"type":"B","date":"2018-04-17T06:11:47.000Z","volume":1000,"label":" ","price":2.67},{"type":"B","date":"2018-04-17T06:13:48.000Z","volume":3000,"label":" ","price":2.67},{"type":"B","date":"2018-04-17T06:14:13.000Z","volume":40000,"label":" ","price":2.67},{"type":"B","date":"2018-04-17T06:14:13.000Z","volume":2000,"label":" ","price":2.67},{"type":"A","date":"2018-04-17T06:15:01.000Z","volume":1000,"label":" ","price":2.68},{"type":"A","date":"2018-04-17T06:15:45.000Z","volume":10000,"label":" ","price":2.68},{"type":"A","date":"2018-04-17T06:16:19.000Z","volume":3000,"label":" ","price":2.68},{"type":"B","date":"2018-04-17T06:16:32.000Z","volume":1000,"label":" ","price":2.67},{"type":"A","date":"2018-04-17T06:16:51.000Z","volume":1000,"label":" ","price":2.68},{"type":"A","date":"2018-04-17T06:16:59.000Z","volume":1000,"label":" ","price":2.68},{"type":"A","date":"2018-04-17T06:19:00.000Z","volume":1000,"label":" ","price":2.68},{"type":"A","date":"2018-04-17T06:19:22.000Z","volume":2000,"label":" ","price":2.68},{"type":"B","date":"2018-04-17T06:19:27.000Z","volume":21000,"label":" ","price":2.67},{"type":"B","date":"2018-04-17T06:20:47.000Z","volume":1000,"label":" ","price":2.67},{"type":"B","date":"2018-04-17T06:21:42.000Z","volume":100000,"label":" ","price":2.67},{"type":"B","date":"2018-04-17T06:21:42.000Z","volume":9000,"label":" ","price":2.67},{"type":"B","date":"2018-04-17T06:21:47.000Z","volume":1000,"label":" ","price":2.67},{"type":"A","date":"2018-04-17T06:23:22.000Z","volume":5000,"label":" ","price":2.68},{"type":"B","date":"2018-04-17T06:25:55.000Z","volume":1000,"label":" ","price":2.67},{"type":"B","date":"2018-04-17T06:30:25.000Z","volume":1000,"label":" ","price":2.67},{"type":"B","date":"2018-04-17T06:31:19.000Z","volume":2000,"label":" ","price":2.67},{"type":"A","date":"2018-04-17T06:31:24.000Z","volume":8000,"label":" ","price":2.68},{"type":"B","date":"2018-04-17T06:32:10.000Z","volume":10000,"label":" ","price":2.67},{"type":"B","date":"2018-04-17T06:32:19.000Z","volume":1000,"label":" ","price":2.67},{"type":"B","date":"2018-04-17T06:34:25.000Z","volume":1000,"label":" ","price":2.67},{"type":"B","date":"2018-04-17T06:35:46.000Z","volume":1000,"label":" ","price":2.67},{"type":"B","date":"2018-04-17T06:39:06.000Z","volume":1000,"label":" ","price":2.67},{"type":"B","date":"2018-04-17T06:39:07.000Z","volume":1000,"label":" ","price":2.67},{"type":"B","date":"2018-04-17T06:39:54.000Z","volume":7000,"label":" ","price":2.67},{"type":"B","date":"2018-04-17T06:43:36.000Z","volume":10000,"label":" ","price":2.66},{"type":"A","date":"2018-04-17T06:43:51.000Z","volume":2000,"label":" ","price":2.67},{"type":"A","date":"2018-04-17T06:44:29.000Z","volume":6000,"label":" ","price":2.67},{"type":"A","date":"2018-04-17T06:45:11.000Z","volume":4000,"label":" ","price":2.67},{"type":"A","date":"2018-04-17T06:45:11.000Z","volume":1000,"label":" ","price":2.67},{"type":"B","date":"2018-04-17T06:47:12.000Z","volume":5000,"label":" ","price":2.66},{"type":"B","date":"2018-04-17T06:47:47.000Z","volume":1000,"label":" ","price":2.66},{"type":"A","date":"2018-04-17T06:47:57.000Z","volume":9000,"label":" ","price":2.67},{"type":"B","date":"2018-04-17T06:47:57.000Z","volume":1000,"label":" ","price":2.67},{"type":"B","date":"2018-04-17T06:47:57.000Z","volume":1000,"label":" ","price":2.67},{"type":"B","date":"2018-04-17T06:52:02.000Z","volume":1000,"label":" ","price":2.66},{"type":"B","date":"2018-04-17T06:52:14.000Z","volume":15000,"label":" ","price":2.66},{"type":"A","date":"2018-04-17T06:53:36.000Z","volume":2000,"label":" ","price":2.67},{"type":"A","date":"2018-04-17T06:53:47.000Z","volume":2000,"label":" ","price":2.67},{"type":"A","date":"2018-04-17T06:54:39.000Z","volume":1000,"label":" ","price":2.67},{"type":"B","date":"2018-04-17T06:54:56.000Z","volume":10000,"label":" ","price":2.66},{"type":"B","date":"2018-04-17T06:56:17.000Z","volume":1000,"label":" ","price":2.66},{"type":"A","date":"2018-04-17T06:56:21.000Z","volume":5000,"label":" ","price":2.67},{"type":"B","date":"2018-04-17T07:00:17.000Z","volume":1000,"label":" ","price":2.66},{"type":"A","date":"2018-04-17T07:01:59.000Z","volume":4000,"label":" ","price":2.67},{"type":"A","date":"2018-04-17T07:02:44.000Z","volume":3000,"label":" ","price":2.67},{"type":"A","date":"2018-04-17T07:03:02.000Z","volume":1000,"label":" ","price":2.67},{"type":"A","date":"2018-04-17T07:03:53.000Z","volume":1000,"label":" ","price":2.67},{"type":"B","date":"2018-04-17T07:05:32.000Z","volume":1000,"label":" ","price":2.66},{"type":"B","date":"2018-04-17T07:07:28.000Z","volume":85000,"label":" ","price":2.66},{"type":"B","date":"2018-04-17T07:07:50.000Z","volume":10000,"label":" ","price":2.66},{"type":"B","date":"2018-04-17T07:08:14.000Z","volume":20000,"label":" ","price":2.66},{"type":"B","date":"2018-04-17T07:09:32.000Z","volume":1000,"label":" ","price":2.66},{"type":"A","date":"2018-04-17T07:09:36.000Z","volume":5000,"label":" ","price":2.67},{"type":"A","date":"2018-04-17T07:10:14.000Z","volume":2000,"label":" ","price":2.67},{"type":"A","date":"2018-04-17T07:11:09.000Z","volume":1000,"label":" ","price":2.67},{"type":"A","date":"2018-04-17T07:12:42.000Z","volume":10000,"label":" ","price":2.67},{"type":"B","date":"2018-04-17T07:13:47.000Z","volume":1000,"label":" ","price":2.66},{"type":"B","date":"2018-04-17T07:14:06.000Z","volume":40000,"label":" ","price":2.66},{"type":"B","date":"2018-04-17T07:14:08.000Z","volume":1000,"label":" ","price":2.66},{"type":"B","date":"2018-04-17T07:17:24.000Z","volume":11000,"label":" ","price":2.66},{"type":"A","date":"2018-04-17T07:17:45.000Z","volume":10000,"label":" ","price":2.67},{"type":"A","date":"2018-04-17T07:18:17.000Z","volume":10000,"label":" ","price":2.67},{"type":"B","date":"2018-04-17T07:18:47.000Z","volume":1000,"label":" ","price":2.66},{"type":"B","date":"2018-04-17T07:18:54.000Z","volume":75000,"label":" ","price":2.66},{"type":"A","date":"2018-04-17T07:18:54.000Z","volume":3000,"label":" ","price":2.67},{"type":"A","date":"2018-04-17T07:22:37.000Z","volume":70000,"label":"Y","price":2.67},{"type":"A","date":"2018-04-17T07:22:37.000Z","volume":52000,"label":" ","price":2.67},{"type":"B","date":"2018-04-17T07:22:47.000Z","volume":1000,"label":" ","price":2.66},{"type":"A","date":"2018-04-17T07:23:06.000Z","volume":2000,"label":" ","price":2.67},{"type":"B","date":"2018-04-17T07:24:39.000Z","volume":16000,"label":" ","price":2.66},{"type":"A","date":"2018-04-17T07:24:42.000Z","volume":4000,"label":" ","price":2.67},{"type":"B","date":"2018-04-17T07:26:21.000Z","volume":15000,"label":" ","price":2.66},{"type":"B","date":"2018-04-17T07:27:02.000Z","volume":1000,"label":" ","price":2.66},{"type":"B","date":"2018-04-17T07:27:26.000Z","volume":3000,"label":" ","price":2.66},{"type":"B","date":"2018-04-17T07:27:44.000Z","volume":1000,"label":" ","price":2.66},{"type":"B","date":"2018-04-17T07:32:17.000Z","volume":1000,"label":" ","price":2.66},{"type":"B","date":"2018-04-17T07:34:37.000Z","volume":4000,"label":" ","price":2.66},{"type":"B","date":"2018-04-17T07:36:17.000Z","volume":1000,"label":" ","price":2.66},{"type":"B","date":"2018-04-17T07:36:29.000Z","volume":8000,"label":" ","price":2.66},{"type":"B","date":"2018-04-17T07:37:08.000Z","volume":10000,"label":" ","price":2.66},{"type":"B","date":"2018-04-17T07:37:53.000Z","volume":2000,"label":" ","price":2.66},{"type":"A","date":"2018-04-17T07:38:41.000Z","volume":1000,"label":" ","price":2.67},{"type":"B","date":"2018-04-17T07:38:57.000Z","volume":20000,"label":" ","price":2.66},{"type":"B","date":"2018-04-17T07:39:42.000Z","volume":10000,"label":" ","price":2.66},{"type":"B","date":"2018-04-17T07:40:02.000Z","volume":1000,"label":" ","price":2.66},{"type":"B","date":"2018-04-17T07:40:20.000Z","volume":20000,"label":" ","price":2.66},{"type":"A","date":"2018-04-17T07:40:41.000Z","volume":1000,"label":" ","price":2.67},{"type":"B","date":"2018-04-17T07:42:41.000Z","volume":20000,"label":" ","price":2.66},{"type":"B","date":"2018-04-17T07:43:45.000Z","volume":15000,"label":" ","price":2.66},{"type":"B","date":"2018-04-17T07:43:47.000Z","volume":1000,"label":" ","price":2.66},{"type":"B","date":"2018-04-17T07:44:05.000Z","volume":20000,"label":" ","price":2.66},{"type":"B","date":"2018-04-17T07:44:12.000Z","volume":20000,"label":" ","price":2.66},{"type":"B","date":"2018-04-17T07:44:37.000Z","volume":3000,"label":" ","price":2.66},{"type":"B","date":"2018-04-17T07:44:57.000Z","volume":1000,"label":"Y","price":2.66},{"type":"B","date":"2018-04-17T07:45:10.000Z","volume":1000,"label":"Y","price":2.66},{"type":"B","date":"2018-04-17T07:45:10.000Z","volume":14000,"label":" ","price":2.66},{"type":"B","date":"2018-04-17T07:46:06.000Z","volume":25000,"label":"Y","price":2.66},{"type":"B","date":"2018-04-17T07:46:06.000Z","volume":35000,"label":" ","price":2.66},{"type":"B","date":"2018-04-17T07:46:06.000Z","volume":13000,"label":" ","price":2.66},{"type":"B","date":"2018-04-17T07:46:24.000Z","volume":4000,"label":" ","price":2.66},{"type":"B","date":"2018-04-17T07:46:55.000Z","volume":1000,"label":" ","price":2.65},{"type":"A","date":"2018-04-17T07:46:55.000Z","volume":1000,"label":" ","price":2.66},{"type":"A","date":"2018-04-17T07:47:18.000Z","volume":1000,"label":" ","price":2.66},{"type":"B","date":"2018-04-17T07:47:41.000Z","volume":15000,"label":" ","price":2.65},{"type":"B","date":"2018-04-17T07:49:10.000Z","volume":1000,"label":" ","price":2.65},{"type":"B","date":"2018-04-17T07:49:59.000Z","volume":5000,"label":" ","price":2.65},{"type":"B","date":"2018-04-17T07:51:46.000Z","volume":6000,"label":" ","price":2.65},{"type":"B","date":"2018-04-17T07:52:16.000Z","volume":16000,"label":" ","price":2.65},{"type":"A","date":"2018-04-17T07:52:37.000Z","volume":10000,"label":" ","price":2.66},{"type":"A","date":"2018-04-17T07:53:22.000Z","volume":47000,"label":" ","price":2.66},{"type":"A","date":"2018-04-17T07:53:22.000Z","volume":1000,"label":" ","price":2.67},{"type":"B","date":"2018-04-17T07:54:10.000Z","volume":1000,"label":" ","price":2.66},{"type":"B","date":"2018-04-17T07:55:39.000Z","volume":7000,"label":" ","price":2.66},{"type":"B","date":"2018-04-17T07:56:09.000Z","volume":4000,"label":" ","price":2.66},{"type":"A","date":"2018-04-17T07:56:11.000Z","volume":1000,"label":" ","price":2.67},{"type":"B","date":"2018-04-17T07:56:29.000Z","volume":26000,"label":" ","price":2.66},{"type":"A","date":"2018-04-17T07:56:45.000Z","volume":1000,"label":"Y","price":2.67},{"type":"A","date":"2018-04-17T07:56:45.000Z","volume":88000,"label":" ","price":2.67},{"type":"A","date":"2018-04-17T07:57:37.000Z","volume":1000,"label":" ","price":2.67},{"type":"B","date":"2018-04-17T07:58:13.000Z","volume":1000,"label":" ","price":2.66},{"type":"B","date":"2018-04-17T07:58:56.000Z","volume":9000,"label":" ","price":2.66},{"type":"B","date":"2018-04-17T07:59:01.000Z","volume":1000,"label":" ","price":2.66},{"type":"B","date":"2018-04-17T07:59:05.000Z","volume":1000,"label":" ","price":2.66},{"type":"A","date":"2018-04-17T07:59:29.000Z","volume":1000,"label":" ","price":2.67},{"type":"B","date":"2018-04-17T07:59:31.000Z","volume":1000,"label":" ","price":2.66},{"type":"B","date":"2018-04-17T07:59:31.000Z","volume":30000,"label":" ","price":2.66},{"type":"A","date":"2018-04-17T07:59:32.000Z","volume":1000,"label":" ","price":2.67}]