[{"type":"U","date":"2018-04-04T01:20:00.000Z","volume":500,"label":"U","price":9.52},{"type":"B","date":"2018-04-04T01:33:07.000Z","volume":2500,"label":" ","price":9.49},{"type":"A","date":"2018-04-04T01:33:20.000Z","volume":500,"label":" ","price":9.49},{"type":"A","date":"2018-04-04T01:33:20.000Z","volume":1000,"label":" ","price":9.49},{"type":"A","date":"2018-04-04T01:33:20.000Z","volume":500,"label":" ","price":9.49},{"type":"A","date":"2018-04-04T01:35:13.000Z","volume":1000,"label":" ","price":9.48},{"type":"A","date":"2018-04-04T01:35:22.000Z","volume":1000,"label":" ","price":9.46},{"type":"A","date":"2018-04-04T01:35:40.000Z","volume":5000,"label":" ","price":9.46},{"type":"A","date":"2018-04-04T01:35:40.000Z","volume":500,"label":" ","price":9.47},{"type":"A","date":"2018-04-04T01:35:42.000Z","volume":500,"label":" ","price":9.47},{"type":"A","date":"2018-04-04T01:35:44.000Z","volume":500,"label":" ","price":9.5},{"type":"A","date":"2018-04-04T01:35:44.000Z","volume":500,"label":" ","price":9.51},{"type":"A","date":"2018-04-04T01:36:46.000Z","volume":500,"label":" ","price":9.53},{"type":"A","date":"2018-04-04T01:37:58.000Z","volume":500,"label":" ","price":9.53},{"type":"B","date":"2018-04-04T01:42:38.000Z","volume":500,"label":" ","price":9.52},{"type":"A","date":"2018-04-04T01:43:23.000Z","volume":10500,"label":" ","price":9.54},{"type":"A","date":"2018-04-04T01:46:13.000Z","volume":500,"label":" ","price":9.58},{"type":"U","date":"2018-04-04T01:48:18.000Z","volume":61,"label":"D","price":9.5},{"type":"A","date":"2018-04-04T02:11:16.000Z","volume":1000,"label":" ","price":9.55},{"type":"A","date":"2018-04-04T02:12:05.000Z","volume":500,"label":" ","price":9.55},{"type":"A","date":"2018-04-04T02:12:23.000Z","volume":500,"label":" ","price":9.55},{"type":"A","date":"2018-04-04T02:14:12.000Z","volume":1000,"label":" ","price":9.58},{"type":"B","date":"2018-04-04T02:14:15.000Z","volume":3000,"label":" ","price":9.53},{"type":"A","date":"2018-04-04T02:22:08.000Z","volume":1000,"label":"Y","price":9.57},{"type":"A","date":"2018-04-04T02:27:09.000Z","volume":500,"label":" ","price":9.55},{"type":"A","date":"2018-04-04T02:27:52.000Z","volume":6000,"label":" ","price":9.55},{"type":"B","date":"2018-04-04T02:27:52.000Z","volume":1000,"label":" ","price":9.53},{"type":"B","date":"2018-04-04T02:28:49.000Z","volume":2000,"label":" ","price":9.53},{"type":"B","date":"2018-04-04T02:30:51.000Z","volume":1000,"label":" ","price":9.53},{"type":"A","date":"2018-04-04T02:41:10.000Z","volume":1000,"label":" ","price":9.55},{"type":"A","date":"2018-04-04T02:45:58.000Z","volume":1000,"label":" ","price":9.55},{"type":"B","date":"2018-04-04T02:46:01.000Z","volume":500,"label":" ","price":9.53},{"type":"A","date":"2018-04-04T02:47:06.000Z","volume":500,"label":" ","price":9.55},{"type":"A","date":"2018-04-04T02:51:28.000Z","volume":1000,"label":" ","price":9.55},{"type":"B","date":"2018-04-04T02:51:32.000Z","volume":500,"label":" ","price":9.53},{"type":"A","date":"2018-04-04T02:57:08.000Z","volume":1000,"label":" ","price":9.55},{"type":"A","date":"2018-04-04T02:57:27.000Z","volume":2000,"label":" ","price":9.55},{"type":"A","date":"2018-04-04T03:01:19.000Z","volume":1000,"label":"Y","price":9.57},{"type":"B","date":"2018-04-04T03:01:19.000Z","volume":500,"label":" ","price":9.53},{"type":"A","date":"2018-04-04T03:06:06.000Z","volume":500,"label":"Y","price":9.57},{"type":"A","date":"2018-04-04T03:06:06.000Z","volume":500,"label":" ","price":9.57},{"type":"A","date":"2018-04-04T03:10:18.000Z","volume":1000,"label":" ","price":9.57},{"type":"A","date":"2018-04-04T03:12:02.000Z","volume":500,"label":" ","price":9.57},{"type":"B","date":"2018-04-04T03:12:03.000Z","volume":500,"label":" ","price":9.54},{"type":"A","date":"2018-04-04T03:16:08.000Z","volume":1000,"label":" ","price":9.57},{"type":"A","date":"2018-04-04T03:17:09.000Z","volume":500,"label":" ","price":9.57},{"type":"A","date":"2018-04-04T03:19:07.000Z","volume":500,"label":" ","price":9.57},{"type":"A","date":"2018-04-04T03:21:21.000Z","volume":500,"label":" ","price":9.58},{"type":"A","date":"2018-04-04T03:21:21.000Z","volume":500,"label":" ","price":9.59},{"type":"B","date":"2018-04-04T03:21:21.000Z","volume":500,"label":" ","price":9.54},{"type":"A","date":"2018-04-04T03:27:10.000Z","volume":500,"label":"Y","price":9.58},{"type":"A","date":"2018-04-04T03:31:00.000Z","volume":1000,"label":"Y","price":9.58},{"type":"B","date":"2018-04-04T03:31:02.000Z","volume":500,"label":" ","price":9.54},{"type":"A","date":"2018-04-04T03:31:23.000Z","volume":500,"label":" ","price":9.58},{"type":"A","date":"2018-04-04T03:32:06.000Z","volume":500,"label":" ","price":9.58},{"type":"A","date":"2018-04-04T03:36:07.000Z","volume":1500,"label":" ","price":9.58},{"type":"B","date":"2018-04-04T03:36:07.000Z","volume":500,"label":" ","price":9.54},{"type":"A","date":"2018-04-04T03:37:04.000Z","volume":500,"label":" ","price":9.58},{"type":"A","date":"2018-04-04T03:41:28.000Z","volume":1000,"label":" ","price":9.58},{"type":"A","date":"2018-04-04T03:46:14.000Z","volume":1000,"label":" ","price":9.58},{"type":"A","date":"2018-04-04T03:48:39.000Z","volume":500,"label":"Y","price":9.58},{"type":"B","date":"2018-04-04T03:48:41.000Z","volume":500,"label":" ","price":9.54},{"type":"A","date":"2018-04-04T03:52:00.000Z","volume":1000,"label":" ","price":9.58},{"type":"B","date":"2018-04-04T03:52:03.000Z","volume":500,"label":" ","price":9.54},{"type":"A","date":"2018-04-04T03:56:03.000Z","volume":1500,"label":" ","price":9.58},{"type":"B","date":"2018-04-04T03:56:05.000Z","volume":500,"label":" ","price":9.54},{"type":"A","date":"2018-04-04T03:57:06.000Z","volume":500,"label":" ","price":9.58},{"type":"A","date":"2018-04-04T03:59:31.000Z","volume":1000,"label":" ","price":9.58},{"type":"B","date":"2018-04-04T03:59:31.000Z","volume":500,"label":" ","price":9.54},{"type":"A","date":"2018-04-04T05:00:19.000Z","volume":500,"label":" ","price":9.58},{"type":"B","date":"2018-04-04T05:00:22.000Z","volume":500,"label":" ","price":9.54},{"type":"A","date":"2018-04-04T05:02:13.000Z","volume":1500,"label":" ","price":9.58},{"type":"B","date":"2018-04-04T05:02:15.000Z","volume":500,"label":" ","price":9.54},{"type":"A","date":"2018-04-04T05:05:16.000Z","volume":500,"label":" ","price":9.58},{"type":"A","date":"2018-04-04T05:07:15.000Z","volume":1000,"label":" ","price":9.58},{"type":"B","date":"2018-04-04T05:07:15.000Z","volume":500,"label":" ","price":9.54},{"type":"A","date":"2018-04-04T05:12:54.000Z","volume":13000,"label":" ","price":9.58},{"type":"B","date":"2018-04-04T05:12:54.000Z","volume":1500,"label":" ","price":9.55},{"type":"A","date":"2018-04-04T05:15:23.000Z","volume":500,"label":" ","price":9.59},{"type":"A","date":"2018-04-04T05:20:18.000Z","volume":1000,"label":" ","price":9.58},{"type":"A","date":"2018-04-04T05:20:18.000Z","volume":500,"label":" ","price":9.58},{"type":"B","date":"2018-04-04T05:20:18.000Z","volume":500,"label":" ","price":9.55},{"type":"B","date":"2018-04-04T05:20:20.000Z","volume":500,"label":" ","price":9.55},{"type":"A","date":"2018-04-04T05:21:23.000Z","volume":500,"label":" ","price":9.58},{"type":"A","date":"2018-04-04T05:22:05.000Z","volume":500,"label":" ","price":9.58},{"type":"A","date":"2018-04-04T05:24:56.000Z","volume":2000,"label":" ","price":9.58},{"type":"B","date":"2018-04-04T05:25:00.000Z","volume":500,"label":" ","price":9.56},{"type":"A","date":"2018-04-04T05:30:24.000Z","volume":1000,"label":" ","price":9.59},{"type":"B","date":"2018-04-04T05:30:27.000Z","volume":500,"label":" ","price":9.56},{"type":"A","date":"2018-04-04T05:35:11.000Z","volume":500,"label":" ","price":9.59},{"type":"A","date":"2018-04-04T05:35:25.000Z","volume":500,"label":" ","price":9.59},{"type":"A","date":"2018-04-04T05:39:34.000Z","volume":1000,"label":" ","price":9.59},{"type":"B","date":"2018-04-04T05:39:37.000Z","volume":500,"label":" ","price":9.56},{"type":"A","date":"2018-04-04T05:45:18.000Z","volume":1000,"label":" ","price":9.59},{"type":"B","date":"2018-04-04T05:45:18.000Z","volume":500,"label":" ","price":9.56},{"type":"A","date":"2018-04-04T05:49:24.000Z","volume":1500,"label":" ","price":9.6},{"type":"A","date":"2018-04-04T05:50:25.000Z","volume":500,"label":" ","price":9.6},{"type":"A","date":"2018-04-04T05:52:39.000Z","volume":1000,"label":" ","price":9.6},{"type":"A","date":"2018-04-04T05:54:37.000Z","volume":1500,"label":" ","price":9.6},{"type":"A","date":"2018-04-04T05:55:20.000Z","volume":500,"label":" ","price":9.6},{"type":"A","date":"2018-04-04T05:57:21.000Z","volume":500,"label":"Y","price":9.6},{"type":"A","date":"2018-04-04T05:57:21.000Z","volume":500,"label":" ","price":9.6},{"type":"A","date":"2018-04-04T05:59:09.000Z","volume":5500,"label":" ","price":9.6},{"type":"A","date":"2018-04-04T05:59:09.000Z","volume":1000,"label":" ","price":9.61},{"type":"B","date":"2018-04-04T05:59:10.000Z","volume":500,"label":" ","price":9.56},{"type":"A","date":"2018-04-04T06:00:18.000Z","volume":500,"label":" ","price":9.61},{"type":"A","date":"2018-04-04T06:03:39.000Z","volume":1500,"label":" ","price":9.61},{"type":"B","date":"2018-04-04T06:03:41.000Z","volume":1000,"label":" ","price":9.56},{"type":"A","date":"2018-04-04T06:05:25.000Z","volume":1000,"label":"Y","price":9.6},{"type":"B","date":"2018-04-04T06:05:30.000Z","volume":500,"label":" ","price":9.56},{"type":"B","date":"2018-04-04T06:05:31.000Z","volume":500,"label":" ","price":9.56},{"type":"A","date":"2018-04-04T06:10:07.000Z","volume":1000,"label":"Y","price":9.6},{"type":"A","date":"2018-04-04T06:10:07.000Z","volume":500,"label":" ","price":9.6},{"type":"A","date":"2018-04-04T06:10:16.000Z","volume":500,"label":" ","price":9.6},{"type":"A","date":"2018-04-04T06:12:16.000Z","volume":1500,"label":" ","price":9.6},{"type":"A","date":"2018-04-04T06:14:28.000Z","volume":1500,"label":" ","price":9.6},{"type":"A","date":"2018-04-04T06:15:15.000Z","volume":500,"label":" ","price":9.58},{"type":"A","date":"2018-04-04T06:15:15.000Z","volume":500,"label":" ","price":9.59},{"type":"A","date":"2018-04-04T06:20:19.000Z","volume":500,"label":" ","price":9.6},{"type":"A","date":"2018-04-04T06:24:31.000Z","volume":1000,"label":" ","price":9.6},{"type":"A","date":"2018-04-04T06:25:18.000Z","volume":500,"label":" ","price":9.6},{"type":"A","date":"2018-04-04T06:29:08.000Z","volume":1500,"label":"Y","price":9.6},{"type":"A","date":"2018-04-04T06:30:24.000Z","volume":1000,"label":" ","price":9.6},{"type":"A","date":"2018-04-04T06:31:01.000Z","volume":3000,"label":" ","price":9.6},{"type":"A","date":"2018-04-04T06:32:38.000Z","volume":2000,"label":" ","price":9.61},{"type":"A","date":"2018-04-04T06:34:44.000Z","volume":1000,"label":" ","price":9.61},{"type":"A","date":"2018-04-04T06:37:19.000Z","volume":1000,"label":" ","price":9.61},{"type":"A","date":"2018-04-04T06:39:23.000Z","volume":1000,"label":" ","price":9.61},{"type":"A","date":"2018-04-04T06:40:03.000Z","volume":5500,"label":" ","price":9.61},{"type":"A","date":"2018-04-04T06:40:18.000Z","volume":500,"label":" ","price":9.62},{"type":"A","date":"2018-04-04T06:40:51.000Z","volume":500,"label":" ","price":9.62},{"type":"A","date":"2018-04-04T06:44:22.000Z","volume":1000,"label":" ","price":9.62},{"type":"A","date":"2018-04-04T06:44:25.000Z","volume":500,"label":" ","price":9.62},{"type":"U","date":"2018-04-04T06:45:09.000Z","volume":500,"label":"X","price":9.56},{"type":"B","date":"2018-04-04T06:45:09.000Z","volume":500,"label":" ","price":9.56},{"type":"A","date":"2018-04-04T06:45:24.000Z","volume":500,"label":" ","price":9.62},{"type":"B","date":"2018-04-04T06:45:39.000Z","volume":500,"label":" ","price":9.56},{"type":"B","date":"2018-04-04T06:46:09.000Z","volume":1000,"label":" ","price":9.56},{"type":"B","date":"2018-04-04T06:46:40.000Z","volume":500,"label":" ","price":9.56},{"type":"B","date":"2018-04-04T06:47:10.000Z","volume":1000,"label":" ","price":9.56},{"type":"B","date":"2018-04-04T06:47:36.000Z","volume":500,"label":" ","price":9.56},{"type":"B","date":"2018-04-04T06:48:06.000Z","volume":1000,"label":" ","price":9.56},{"type":"B","date":"2018-04-04T06:48:31.000Z","volume":500,"label":" ","price":9.56},{"type":"B","date":"2018-04-04T06:48:56.000Z","volume":1000,"label":" ","price":9.56},{"type":"A","date":"2018-04-04T06:52:35.000Z","volume":1000,"label":"Y","price":9.61},{"type":"A","date":"2018-04-04T06:54:40.000Z","volume":500,"label":"Y","price":9.61},{"type":"A","date":"2018-04-04T06:54:40.000Z","volume":500,"label":" ","price":9.61},{"type":"A","date":"2018-04-04T06:55:23.000Z","volume":500,"label":"Y","price":9.61},{"type":"A","date":"2018-04-04T06:57:24.000Z","volume":1000,"label":"Y","price":9.61},{"type":"A","date":"2018-04-04T07:00:22.000Z","volume":500,"label":"Y","price":9.61},{"type":"A","date":"2018-04-04T07:00:22.000Z","volume":500,"label":" ","price":9.61},{"type":"A","date":"2018-04-04T07:04:12.000Z","volume":1000,"label":" ","price":9.61},{"type":"A","date":"2018-04-04T07:05:20.000Z","volume":500,"label":" ","price":9.61},{"type":"A","date":"2018-04-04T07:07:35.000Z","volume":1000,"label":" ","price":9.61},{"type":"A","date":"2018-04-04T07:07:35.000Z","volume":500,"label":" ","price":9.62},{"type":"A","date":"2018-04-04T07:09:42.000Z","volume":1000,"label":" ","price":9.62},{"type":"A","date":"2018-04-04T07:10:25.000Z","volume":500,"label":" ","price":9.62},{"type":"A","date":"2018-04-04T07:12:31.000Z","volume":1000,"label":" ","price":9.62},{"type":"A","date":"2018-04-04T07:14:22.000Z","volume":1500,"label":" ","price":9.62},{"type":"A","date":"2018-04-04T07:15:18.000Z","volume":500,"label":" ","price":9.61},{"type":"A","date":"2018-04-04T07:17:24.000Z","volume":1000,"label":" ","price":9.62},{"type":"A","date":"2018-04-04T07:18:08.000Z","volume":4500,"label":" ","price":9.62},{"type":"A","date":"2018-04-04T07:19:16.000Z","volume":1000,"label":" ","price":9.63},{"type":"A","date":"2018-04-04T07:20:16.000Z","volume":500,"label":" ","price":9.63},{"type":"A","date":"2018-04-04T07:22:03.000Z","volume":1500,"label":" ","price":9.63},{"type":"A","date":"2018-04-04T07:23:57.000Z","volume":1500,"label":" ","price":9.63},{"type":"A","date":"2018-04-04T07:25:22.000Z","volume":500,"label":" ","price":9.62},{"type":"A","date":"2018-04-04T07:27:34.000Z","volume":1000,"label":"Y","price":9.62},{"type":"A","date":"2018-04-04T07:27:34.000Z","volume":500,"label":" ","price":9.62},{"type":"A","date":"2018-04-04T07:29:34.000Z","volume":1500,"label":" ","price":9.62},{"type":"A","date":"2018-04-04T07:30:25.000Z","volume":1000,"label":" ","price":9.63},{"type":"A","date":"2018-04-04T07:31:20.000Z","volume":1000,"label":" ","price":9.62},{"type":"A","date":"2018-04-04T07:31:21.000Z","volume":1000,"label":" ","price":9.63},{"type":"A","date":"2018-04-04T07:35:24.000Z","volume":2000,"label":" ","price":9.63},{"type":"A","date":"2018-04-04T07:35:49.000Z","volume":1000,"label":" ","price":9.62},{"type":"A","date":"2018-04-04T07:36:36.000Z","volume":500,"label":" ","price":9.63},{"type":"A","date":"2018-04-04T07:37:48.000Z","volume":1000,"label":" ","price":9.63},{"type":"A","date":"2018-04-04T07:39:49.000Z","volume":1500,"label":" ","price":9.63},{"type":"A","date":"2018-04-04T07:40:19.000Z","volume":500,"label":" ","price":9.63},{"type":"A","date":"2018-04-04T07:40:51.000Z","volume":16000,"label":" ","price":9.63},{"type":"B","date":"2018-04-04T07:43:24.000Z","volume":500,"label":" ","price":9.6},{"type":"A","date":"2018-04-04T07:43:42.000Z","volume":1500,"label":"Y","price":9.63},{"type":"A","date":"2018-04-04T07:43:42.000Z","volume":500,"label":" ","price":9.63},{"type":"A","date":"2018-04-04T07:43:42.000Z","volume":500,"label":" ","price":9.64},{"type":"A","date":"2018-04-04T07:45:19.000Z","volume":1000,"label":" ","price":9.63},{"type":"A","date":"2018-04-04T07:47:18.000Z","volume":2500,"label":" ","price":9.63},{"type":"A","date":"2018-04-04T07:49:19.000Z","volume":2000,"label":" ","price":9.64},{"type":"A","date":"2018-04-04T07:50:23.000Z","volume":1500,"label":" ","price":9.64},{"type":"B","date":"2018-04-04T07:51:03.000Z","volume":16000,"label":" ","price":9.6},{"type":"U","date":"2018-04-04T07:51:07.000Z","volume":4000,"label":"X","price":9.6},{"type":"A","date":"2018-04-04T07:55:17.000Z","volume":2000,"label":"Y","price":9.63},{"type":"U","date":"2018-04-04T07:57:09.000Z","volume":3500,"label":" ","price":9.6},{"type":"U","date":"2018-04-04T07:57:09.000Z","volume":3000,"label":" ","price":9.6},{"type":"U","date":"2018-04-04T07:57:38.000Z","volume":2000,"label":"Y","price":9.59},{"type":"A","date":"2018-04-04T07:57:38.000Z","volume":500,"label":" ","price":9.6},{"type":"A","date":"2018-04-04T07:57:46.000Z","volume":1500,"label":" ","price":9.59},{"type":"A","date":"2018-04-04T07:57:46.000Z","volume":4500,"label":" ","price":9.6},{"type":"B","date":"2018-04-04T07:59:01.000Z","volume":500,"label":" ","price":9.6},{"type":"A","date":"2018-04-04T07:59:01.000Z","volume":2000,"label":" ","price":9.62},{"type":"A","date":"2018-04-04T07:59:01.000Z","volume":3500,"label":" ","price":9.62},{"type":"B","date":"2018-04-04T07:59:12.000Z","volume":500,"label":" ","price":9.6},{"type":"U","date":"2018-04-04T08:08:53.000Z","volume":4500,"label":"U","price":9.6}]