[{"type":"B","date":"2018-04-03T02:00:22.000Z","volume":2000,"label":" ","price":1.14},{"type":"A","date":"2018-04-03T02:12:08.000Z","volume":2000,"label":" ","price":1.14},{"type":"B","date":"2018-04-03T02:16:01.000Z","volume":6000,"label":" ","price":1.14},{"type":"B","date":"2018-04-03T02:20:31.000Z","volume":6000,"label":" ","price":1.14},{"type":"B","date":"2018-04-03T02:42:12.000Z","volume":100000,"label":" ","price":1.14},{"type":"B","date":"2018-04-03T02:42:59.000Z","volume":2000,"label":" ","price":1.14},{"type":"A","date":"2018-04-03T02:43:45.000Z","volume":10000,"label":" ","price":1.14},{"type":"A","date":"2018-04-03T02:43:45.000Z","volume":12000,"label":" ","price":1.14},{"type":"A","date":"2018-04-03T02:44:10.000Z","volume":10000,"label":" ","price":1.14},{"type":"A","date":"2018-04-03T03:01:20.000Z","volume":12000,"label":" ","price":1.14},{"type":"A","date":"2018-04-03T03:03:56.000Z","volume":2000,"label":" ","price":1.15},{"type":"B","date":"2018-04-03T03:04:01.000Z","volume":4000,"label":" ","price":1.14},{"type":"A","date":"2018-04-03T03:04:26.000Z","volume":2000,"label":" ","price":1.14},{"type":"A","date":"2018-04-03T03:04:26.000Z","volume":2000,"label":" ","price":1.15},{"type":"B","date":"2018-04-03T03:08:59.000Z","volume":2000,"label":" ","price":1.14},{"type":"A","date":"2018-04-03T03:09:56.000Z","volume":2000,"label":" ","price":1.14},{"type":"A","date":"2018-04-03T03:09:56.000Z","volume":2000,"label":" ","price":1.15},{"type":"B","date":"2018-04-03T03:23:25.000Z","volume":6000,"label":" ","price":1.14},{"type":"A","date":"2018-04-03T03:32:24.000Z","volume":2000,"label":" ","price":1.15},{"type":"B","date":"2018-04-03T03:33:29.000Z","volume":4000,"label":" ","price":1.14},{"type":"B","date":"2018-04-03T05:00:12.000Z","volume":10000,"label":" ","price":1.14},{"type":"B","date":"2018-04-03T05:17:53.000Z","volume":4000,"label":" ","price":1.14},{"type":"B","date":"2018-04-03T05:46:57.000Z","volume":40000,"label":" ","price":1.14},{"type":"B","date":"2018-04-03T05:47:54.000Z","volume":16000,"label":" ","price":1.14},{"type":"A","date":"2018-04-03T06:27:27.000Z","volume":2000,"label":" ","price":1.15},{"type":"B","date":"2018-04-03T06:38:42.000Z","volume":10000,"label":" ","price":1.14},{"type":"B","date":"2018-04-03T06:39:00.000Z","volume":6000,"label":" ","price":1.14},{"type":"B","date":"2018-04-03T06:51:39.000Z","volume":48000,"label":" ","price":1.14},{"type":"B","date":"2018-04-03T06:51:39.000Z","volume":2000,"label":" ","price":1.14},{"type":"A","date":"2018-04-03T06:51:42.000Z","volume":6000,"label":" ","price":1.14},{"type":"A","date":"2018-04-03T06:51:55.000Z","volume":14000,"label":" ","price":1.14},{"type":"B","date":"2018-04-03T06:54:29.000Z","volume":4000,"label":" ","price":1.14},{"type":"B","date":"2018-04-03T07:08:17.000Z","volume":32000,"label":" ","price":1.13},{"type":"B","date":"2018-04-03T07:08:19.000Z","volume":10000,"label":" ","price":1.13},{"type":"A","date":"2018-04-03T07:10:25.000Z","volume":10000,"label":" ","price":1.14},{"type":"B","date":"2018-04-03T07:10:29.000Z","volume":6000,"label":" ","price":1.13},{"type":"A","date":"2018-04-03T07:50:07.000Z","volume":24000,"label":"Y","price":1.15},{"type":"A","date":"2018-04-03T07:50:07.000Z","volume":276000,"label":" ","price":1.15},{"type":"B","date":"2018-04-03T07:50:40.000Z","volume":58000,"label":" ","price":1.14},{"type":"B","date":"2018-04-03T07:51:44.000Z","volume":28000,"label":" ","price":1.13},{"type":"B","date":"2018-04-03T07:52:36.000Z","volume":34000,"label":" ","price":1.13},{"type":"B","date":"2018-04-03T07:59:41.000Z","volume":2000,"label":" ","price":1.14}]