[{"type":"A","date":"2018-03-13T07:59:37.000Z","volume":66000,"price":0.188,"category":"bbull"},{"type":"A","date":"2018-03-13T07:59:33.000Z","volume":132000,"price":0.188,"category":"bbull"},{"type":"A","date":"2018-03-13T07:59:20.000Z","volume":132000,"price":0.188,"category":"bbull"},{"type":"A","date":"2018-03-13T07:59:19.000Z","volume":68000,"price":0.188,"category":"bbull"},{"type":"A","date":"2018-03-13T07:59:18.000Z","volume":66000,"price":0.188,"category":"bbull"},{"type":"A","date":"2018-03-13T07:59:04.000Z","volume":66000,"price":0.188,"category":"bbull"},{"type":"A","date":"2018-03-13T07:59:04.000Z","volume":132000,"price":0.188,"category":"bbull"},{"type":"A","date":"2018-03-13T02:49:21.000Z","volume":80000,"price":0.189,"category":"bbull"},{"type":"A","date":"2018-03-13T02:24:34.000Z","volume":120000,"price":0.189,"category":"bbull"},{"type":"A","date":"2018-03-13T02:22:08.000Z","volume":150000,"price":0.189,"category":"bbull"},{"type":"A","date":"2018-03-13T07:59:55.000Z","volume":4000,"price":0.188,"category":"rbull"},{"type":"A","date":"2018-03-13T07:59:53.000Z","volume":4000,"price":0.188,"category":"rbull"},{"type":"A","date":"2018-03-13T07:59:52.000Z","volume":2000,"price":0.188,"category":"rbull"},{"type":"A","date":"2018-03-13T07:59:46.000Z","volume":2000,"price":0.188,"category":"rbull"},{"type":"A","date":"2018-03-13T07:59:45.000Z","volume":4000,"price":0.188,"category":"rbull"},{"type":"A","date":"2018-03-13T07:59:43.000Z","volume":2000,"price":0.188,"category":"rbull"},{"type":"A","date":"2018-03-13T07:59:36.000Z","volume":4000,"price":0.188,"category":"rbull"},{"type":"A","date":"2018-03-13T07:59:22.000Z","volume":2000,"price":0.188,"category":"rbull"},{"type":"A","date":"2018-03-13T07:59:21.000Z","volume":6000,"price":0.188,"category":"rbull"},{"type":"A","date":"2018-03-13T07:59:21.000Z","volume":2000,"price":0.188,"category":"rbull"},{"type":"A","date":"2018-03-13T07:59:20.000Z","volume":6000,"price":0.188,"category":"rbull"},{"type":"A","date":"2018-03-13T07:59:19.000Z","volume":4000,"price":0.188,"category":"rbull"},{"type":"A","date":"2018-03-13T07:59:15.000Z","volume":2000,"price":0.188,"category":"rbull"},{"type":"A","date":"2018-03-13T07:58:15.000Z","volume":2000,"price":0.188,"category":"rbull"},{"type":"A","date":"2018-03-13T07:58:15.000Z","volume":6000,"price":0.188,"category":"rbull"},{"type":"A","date":"2018-03-13T07:57:32.000Z","volume":4000,"price":0.188,"category":"rbull"},{"type":"A","date":"2018-03-13T07:57:24.000Z","volume":2000,"price":0.189,"category":"rbull"},{"type":"A","date":"2018-03-13T07:56:47.000Z","volume":4000,"price":0.189,"category":"rbull"},{"type":"A","date":"2018-03-13T07:56:33.000Z","volume":2000,"price":0.189,"category":"rbull"},{"type":"A","date":"2018-03-13T07:56:32.000Z","volume":6000,"price":0.189,"category":"rbull"},{"type":"A","date":"2018-03-13T07:55:03.000Z","volume":2000,"price":0.189,"category":"rbull"},{"type":"A","date":"2018-03-13T07:55:02.000Z","volume":2000,"price":0.189,"category":"rbull"},{"type":"A","date":"2018-03-13T07:55:02.000Z","volume":2000,"price":0.189,"category":"rbull"},{"type":"A","date":"2018-03-13T07:54:41.000Z","volume":2000,"price":0.189,"category":"rbull"},{"type":"A","date":"2018-03-13T07:54:39.000Z","volume":2000,"price":0.189,"category":"rbull"},{"type":"A","date":"2018-03-13T07:54:33.000Z","volume":6000,"price":0.189,"category":"rbull"},{"type":"A","date":"2018-03-13T07:53:17.000Z","volume":6000,"price":0.189,"category":"rbull"},{"type":"A","date":"2018-03-13T07:49:32.000Z","volume":2000,"price":0.189,"category":"rbull"},{"type":"A","date":"2018-03-13T07:49:22.000Z","volume":2000,"price":0.189,"category":"rbull"},{"type":"A","date":"2018-03-13T07:49:22.000Z","volume":4000,"price":0.189,"category":"rbull"},{"type":"A","date":"2018-03-13T07:49:21.000Z","volume":4000,"price":0.189,"category":"rbull"},{"type":"A","date":"2018-03-13T07:48:57.000Z","volume":2000,"price":0.189,"category":"rbull"},{"type":"A","date":"2018-03-13T07:45:43.000Z","volume":2000,"price":0.189,"category":"rbull"},{"type":"A","date":"2018-03-13T07:45:21.000Z","volume":2000,"price":0.189,"category":"rbull"},{"type":"A","date":"2018-03-13T07:44:23.000Z","volume":2000,"price":0.189,"category":"rbull"},{"type":"A","date":"2018-03-13T07:43:02.000Z","volume":2000,"price":0.189,"category":"rbull"},{"type":"A","date":"2018-03-13T07:42:33.000Z","volume":2000,"price":0.189,"category":"rbull"},{"type":"A","date":"2018-03-13T07:41:17.000Z","volume":2000,"price":0.189,"category":"rbull"},{"type":"A","date":"2018-03-13T07:40:32.000Z","volume":2000,"price":0.189,"category":"rbull"},{"type":"A","date":"2018-03-13T07:35:32.000Z","volume":2000,"price":0.189,"category":"rbull"},{"type":"A","date":"2018-03-13T07:35:20.000Z","volume":4000,"price":0.189,"category":"rbull"},{"type":"A","date":"2018-03-13T07:35:05.000Z","volume":2000,"price":0.189,"category":"rbull"},{"type":"A","date":"2018-03-13T07:35:01.000Z","volume":4000,"price":0.189,"category":"rbull"},{"type":"A","date":"2018-03-13T07:34:32.000Z","volume":2000,"price":0.189,"category":"rbull"},{"type":"A","date":"2018-03-13T07:34:32.000Z","volume":2000,"price":0.189,"category":"rbull"},{"type":"A","date":"2018-03-13T07:34:13.000Z","volume":2000,"price":0.189,"category":"rbull"},{"type":"A","date":"2018-03-13T07:26:14.000Z","volume":2000,"price":0.189,"category":"rbull"},{"type":"A","date":"2018-03-13T07:25:22.000Z","volume":2000,"price":0.189,"category":"rbull"},{"type":"A","date":"2018-03-13T07:24:32.000Z","volume":2000,"price":0.189,"category":"rbull"},{"type":"A","date":"2018-03-13T07:24:02.000Z","volume":6000,"price":0.189,"category":"rbull"},{"type":"A","date":"2018-03-13T07:22:47.000Z","volume":6000,"price":0.189,"category":"rbull"},{"type":"A","date":"2018-03-13T07:21:31.000Z","volume":2000,"price":0.189,"category":"rbull"},{"type":"A","date":"2018-03-13T07:21:30.000Z","volume":6000,"price":0.189,"category":"rbull"},{"type":"A","date":"2018-03-13T07:16:09.000Z","volume":2000,"price":0.189,"category":"rbull"},{"type":"A","date":"2018-03-13T07:10:20.000Z","volume":6000,"price":0.189,"category":"rbull"},{"type":"A","date":"2018-03-13T07:09:50.000Z","volume":2000,"price":0.189,"category":"rbull"},{"type":"A","date":"2018-03-13T07:09:20.000Z","volume":2000,"price":0.189,"category":"rbull"},{"type":"A","date":"2018-03-13T07:09:19.000Z","volume":2000,"price":0.189,"category":"rbull"},{"type":"A","date":"2018-03-13T07:08:49.000Z","volume":2000,"price":0.189,"category":"rbull"},{"type":"A","date":"2018-03-13T07:08:19.000Z","volume":4000,"price":0.189,"category":"rbull"},{"type":"A","date":"2018-03-13T07:07:18.000Z","volume":4000,"price":0.189,"category":"rbull"},{"type":"A","date":"2018-03-13T07:06:17.000Z","volume":2000,"price":0.189,"category":"rbull"},{"type":"A","date":"2018-03-13T07:06:17.000Z","volume":4000,"price":0.189,"category":"rbull"},{"type":"A","date":"2018-03-13T07:05:20.000Z","volume":4000,"price":0.189,"category":"rbull"},{"type":"A","date":"2018-03-13T07:04:46.000Z","volume":6000,"price":0.189,"category":"rbull"},{"type":"A","date":"2018-03-13T07:00:02.000Z","volume":2000,"price":0.189,"category":"rbull"},{"type":"A","date":"2018-03-13T07:00:02.000Z","volume":2000,"price":0.189,"category":"rbull"},{"type":"A","date":"2018-03-13T06:59:52.000Z","volume":6000,"price":0.189,"category":"rbull"},{"type":"A","date":"2018-03-13T06:58:40.000Z","volume":6000,"price":0.189,"category":"rbull"},{"type":"A","date":"2018-03-13T06:57:10.000Z","volume":2000,"price":0.189,"category":"rbull"},{"type":"A","date":"2018-03-13T06:55:16.000Z","volume":4000,"price":0.189,"category":"rbull"},{"type":"A","date":"2018-03-13T06:52:43.000Z","volume":6000,"price":0.189,"category":"rbull"},{"type":"A","date":"2018-03-13T06:51:57.000Z","volume":2000,"price":0.189,"category":"rbull"},{"type":"A","date":"2018-03-13T06:50:57.000Z","volume":6000,"price":0.189,"category":"rbull"},{"type":"A","date":"2018-03-13T06:50:18.000Z","volume":2000,"price":0.189,"category":"rbull"},{"type":"A","date":"2018-03-13T06:48:01.000Z","volume":2000,"price":0.189,"category":"rbull"},{"type":"A","date":"2018-03-13T06:48:01.000Z","volume":4000,"price":0.189,"category":"rbull"},{"type":"A","date":"2018-03-13T06:47:31.000Z","volume":4000,"price":0.189,"category":"rbull"},{"type":"A","date":"2018-03-13T06:47:02.000Z","volume":2000,"price":0.189,"category":"rbull"},{"type":"A","date":"2018-03-13T06:47:01.000Z","volume":4000,"price":0.189,"category":"rbull"},{"type":"A","date":"2018-03-13T06:46:30.000Z","volume":2000,"price":0.189,"category":"rbull"},{"type":"A","date":"2018-03-13T06:46:13.000Z","volume":2000,"price":0.189,"category":"rbull"},{"type":"A","date":"2018-03-13T06:46:00.000Z","volume":6000,"price":0.189,"category":"rbull"},{"type":"A","date":"2018-03-13T06:45:22.000Z","volume":2000,"price":0.189,"category":"rbull"},{"type":"A","date":"2018-03-13T06:45:21.000Z","volume":4000,"price":0.189,"category":"rbull"},{"type":"A","date":"2018-03-13T06:44:51.000Z","volume":2000,"price":0.189,"category":"rbull"},{"type":"A","date":"2018-03-13T06:44:28.000Z","volume":4000,"price":0.189,"category":"rbull"},{"type":"A","date":"2018-03-13T06:43:58.000Z","volume":4000,"price":0.189,"category":"rbull"},{"type":"A","date":"2018-03-13T06:43:28.000Z","volume":4000,"price":0.189,"category":"rbull"},{"type":"A","date":"2018-03-13T06:43:11.000Z","volume":2000,"price":0.189,"category":"rbull"},{"type":"A","date":"2018-03-13T06:42:57.000Z","volume":4000,"price":0.189,"category":"rbull"},{"type":"A","date":"2018-03-13T06:42:27.000Z","volume":2000,"price":0.189,"category":"rbull"},{"type":"A","date":"2018-03-13T06:42:03.000Z","volume":4000,"price":0.189,"category":"rbull"},{"type":"A","date":"2018-03-13T06:41:56.000Z","volume":2000,"price":0.189,"category":"rbull"},{"type":"A","date":"2018-03-13T06:41:32.000Z","volume":4000,"price":0.189,"category":"rbull"},{"type":"A","date":"2018-03-13T06:41:26.000Z","volume":2000,"price":0.189,"category":"rbull"},{"type":"A","date":"2018-03-13T06:40:55.000Z","volume":2000,"price":0.189,"category":"rbull"},{"type":"A","date":"2018-03-13T06:40:32.000Z","volume":2000,"price":0.189,"category":"rbull"},{"type":"A","date":"2018-03-13T06:40:25.000Z","volume":2000,"price":0.189,"category":"rbull"},{"type":"A","date":"2018-03-13T06:40:19.000Z","volume":6000,"price":0.189,"category":"rbull"},{"type":"A","date":"2018-03-13T06:39:55.000Z","volume":2000,"price":0.189,"category":"rbull"},{"type":"A","date":"2018-03-13T06:39:24.000Z","volume":2000,"price":0.189,"category":"rbull"},{"type":"A","date":"2018-03-13T06:39:14.000Z","volume":6000,"price":0.189,"category":"rbull"},{"type":"A","date":"2018-03-13T06:38:54.000Z","volume":2000,"price":0.189,"category":"rbull"},{"type":"A","date":"2018-03-13T06:38:23.000Z","volume":2000,"price":0.189,"category":"rbull"},{"type":"A","date":"2018-03-13T06:37:53.000Z","volume":2000,"price":0.189,"category":"rbull"},{"type":"A","date":"2018-03-13T06:37:22.000Z","volume":2000,"price":0.189,"category":"rbull"},{"type":"A","date":"2018-03-13T06:37:02.000Z","volume":2000,"price":0.189,"category":"rbull"},{"type":"A","date":"2018-03-13T06:36:52.000Z","volume":2000,"price":0.189,"category":"rbull"},{"type":"A","date":"2018-03-13T06:36:22.000Z","volume":2000,"price":0.189,"category":"rbull"},{"type":"A","date":"2018-03-13T06:35:51.000Z","volume":2000,"price":0.189,"category":"rbull"},{"type":"A","date":"2018-03-13T06:35:22.000Z","volume":6000,"price":0.189,"category":"rbull"},{"type":"A","date":"2018-03-13T06:35:21.000Z","volume":4000,"price":0.189,"category":"rbull"},{"type":"A","date":"2018-03-13T06:34:20.000Z","volume":4000,"price":0.189,"category":"rbull"},{"type":"A","date":"2018-03-13T06:33:32.000Z","volume":2000,"price":0.189,"category":"rbull"},{"type":"A","date":"2018-03-13T06:33:19.000Z","volume":6000,"price":0.189,"category":"rbull"},{"type":"A","date":"2018-03-13T06:31:48.000Z","volume":6000,"price":0.189,"category":"rbull"},{"type":"A","date":"2018-03-13T06:30:47.000Z","volume":6000,"price":0.189,"category":"rbull"},{"type":"A","date":"2018-03-13T06:30:18.000Z","volume":2000,"price":0.189,"category":"rbull"},{"type":"A","date":"2018-03-13T06:29:47.000Z","volume":2000,"price":0.189,"category":"rbull"},{"type":"A","date":"2018-03-13T06:29:46.000Z","volume":6000,"price":0.189,"category":"rbull"},{"type":"A","date":"2018-03-13T06:28:15.000Z","volume":6000,"price":0.189,"category":"rbull"},{"type":"A","date":"2018-03-13T06:27:14.000Z","volume":6000,"price":0.189,"category":"rbull"},{"type":"A","date":"2018-03-13T06:25:43.000Z","volume":6000,"price":0.189,"category":"rbull"},{"type":"A","date":"2018-03-13T06:24:42.000Z","volume":6000,"price":0.189,"category":"rbull"},{"type":"A","date":"2018-03-13T06:23:17.000Z","volume":2000,"price":0.189,"category":"rbull"},{"type":"A","date":"2018-03-13T06:22:10.000Z","volume":4000,"price":0.189,"category":"rbull"},{"type":"A","date":"2018-03-13T06:21:39.000Z","volume":4000,"price":0.189,"category":"rbull"},{"type":"A","date":"2018-03-13T06:21:25.000Z","volume":2000,"price":0.189,"category":"rbull"},{"type":"A","date":"2018-03-13T06:21:17.000Z","volume":2000,"price":0.189,"category":"rbull"},{"type":"A","date":"2018-03-13T06:21:09.000Z","volume":4000,"price":0.189,"category":"rbull"},{"type":"A","date":"2018-03-13T06:20:38.000Z","volume":4000,"price":0.189,"category":"rbull"},{"type":"A","date":"2018-03-13T06:20:08.000Z","volume":4000,"price":0.189,"category":"rbull"},{"type":"A","date":"2018-03-13T06:19:37.000Z","volume":4000,"price":0.189,"category":"rbull"},{"type":"A","date":"2018-03-13T06:19:07.000Z","volume":4000,"price":0.189,"category":"rbull"},{"type":"A","date":"2018-03-13T06:18:37.000Z","volume":4000,"price":0.189,"category":"rbull"},{"type":"A","date":"2018-03-13T06:18:32.000Z","volume":2000,"price":0.189,"category":"rbull"},{"type":"A","date":"2018-03-13T06:18:17.000Z","volume":6000,"price":0.189,"category":"rbull"},{"type":"A","date":"2018-03-13T06:18:06.000Z","volume":2000,"price":0.189,"category":"rbull"},{"type":"A","date":"2018-03-13T06:17:36.000Z","volume":2000,"price":0.189,"category":"rbull"},{"type":"A","date":"2018-03-13T06:17:17.000Z","volume":2000,"price":0.189,"category":"rbull"},{"type":"A","date":"2018-03-13T06:17:05.000Z","volume":2000,"price":0.189,"category":"rbull"},{"type":"A","date":"2018-03-13T06:16:43.000Z","volume":6000,"price":0.189,"category":"rbull"},{"type":"A","date":"2018-03-13T06:16:35.000Z","volume":2000,"price":0.189,"category":"rbull"},{"type":"A","date":"2018-03-13T06:16:04.000Z","volume":2000,"price":0.189,"category":"rbull"},{"type":"A","date":"2018-03-13T06:15:34.000Z","volume":2000,"price":0.189,"category":"rbull"},{"type":"A","date":"2018-03-13T06:15:18.000Z","volume":6000,"price":0.189,"category":"rbull"},{"type":"A","date":"2018-03-13T06:15:04.000Z","volume":2000,"price":0.189,"category":"rbull"},{"type":"A","date":"2018-03-13T06:14:33.000Z","volume":2000,"price":0.189,"category":"rbull"},{"type":"A","date":"2018-03-13T06:14:03.000Z","volume":2000,"price":0.189,"category":"rbull"},{"type":"A","date":"2018-03-13T06:13:47.000Z","volume":2000,"price":0.189,"category":"rbull"},{"type":"A","date":"2018-03-13T06:13:32.000Z","volume":2000,"price":0.189,"category":"rbull"},{"type":"A","date":"2018-03-13T06:13:02.000Z","volume":2000,"price":0.189,"category":"rbull"},{"type":"A","date":"2018-03-13T06:12:31.000Z","volume":2000,"price":0.189,"category":"rbull"},{"type":"A","date":"2018-03-13T06:12:01.000Z","volume":2000,"price":0.189,"category":"rbull"},{"type":"A","date":"2018-03-13T06:11:31.000Z","volume":2000,"price":0.189,"category":"rbull"},{"type":"A","date":"2018-03-13T06:11:00.000Z","volume":2000,"price":0.189,"category":"rbull"},{"type":"A","date":"2018-03-13T06:10:32.000Z","volume":2000,"price":0.189,"category":"rbull"},{"type":"A","date":"2018-03-13T06:10:30.000Z","volume":2000,"price":0.189,"category":"rbull"},{"type":"A","date":"2018-03-13T06:10:16.000Z","volume":4000,"price":0.189,"category":"rbull"},{"type":"A","date":"2018-03-13T06:09:59.000Z","volume":2000,"price":0.189,"category":"rbull"},{"type":"A","date":"2018-03-13T06:09:29.000Z","volume":2000,"price":0.189,"category":"rbull"},{"type":"A","date":"2018-03-13T06:08:58.000Z","volume":2000,"price":0.189,"category":"rbull"},{"type":"A","date":"2018-03-13T06:08:28.000Z","volume":2000,"price":0.189,"category":"rbull"},{"type":"A","date":"2018-03-13T06:07:58.000Z","volume":2000,"price":0.189,"category":"rbull"},{"type":"A","date":"2018-03-13T06:07:27.000Z","volume":2000,"price":0.189,"category":"rbull"},{"type":"A","date":"2018-03-13T06:06:57.000Z","volume":2000,"price":0.189,"category":"rbull"},{"type":"A","date":"2018-03-13T06:06:26.000Z","volume":2000,"price":0.189,"category":"rbull"},{"type":"A","date":"2018-03-13T06:06:02.000Z","volume":2000,"price":0.189,"category":"rbull"},{"type":"A","date":"2018-03-13T06:05:56.000Z","volume":2000,"price":0.189,"category":"rbull"},{"type":"A","date":"2018-03-13T06:05:46.000Z","volume":2000,"price":0.189,"category":"rbull"},{"type":"A","date":"2018-03-13T06:05:20.000Z","volume":2000,"price":0.189,"category":"rbull"},{"type":"A","date":"2018-03-13T06:00:23.000Z","volume":4000,"price":0.189,"category":"rbull"},{"type":"A","date":"2018-03-13T05:55:32.000Z","volume":2000,"price":0.189,"category":"rbull"},{"type":"A","date":"2018-03-13T05:55:17.000Z","volume":4000,"price":0.189,"category":"rbull"},{"type":"A","date":"2018-03-13T05:50:32.000Z","volume":2000,"price":0.189,"category":"rbull"},{"type":"A","date":"2018-03-13T05:50:19.000Z","volume":2000,"price":0.189,"category":"rbull"},{"type":"A","date":"2018-03-13T05:50:02.000Z","volume":4000,"price":0.189,"category":"rbull"},{"type":"A","date":"2018-03-13T05:49:42.000Z","volume":2000,"price":0.189,"category":"rbull"},{"type":"A","date":"2018-03-13T05:49:12.000Z","volume":2000,"price":0.189,"category":"rbull"},{"type":"A","date":"2018-03-13T05:48:41.000Z","volume":2000,"price":0.189,"category":"rbull"},{"type":"A","date":"2018-03-13T05:48:11.000Z","volume":4000,"price":0.189,"category":"rbull"},{"type":"A","date":"2018-03-13T05:47:10.000Z","volume":4000,"price":0.189,"category":"rbull"},{"type":"A","date":"2018-03-13T05:45:08.000Z","volume":6000,"price":0.189,"category":"rbull"},{"type":"A","date":"2018-03-13T05:44:07.000Z","volume":4000,"price":0.189,"category":"rbull"},{"type":"A","date":"2018-03-13T05:43:07.000Z","volume":6000,"price":0.189,"category":"rbull"},{"type":"A","date":"2018-03-13T05:40:47.000Z","volume":2000,"price":0.189,"category":"rbull"},{"type":"A","date":"2018-03-13T05:40:21.000Z","volume":6000,"price":0.189,"category":"rbull"},{"type":"A","date":"2018-03-13T05:40:21.000Z","volume":2000,"price":0.189,"category":"rbull"},{"type":"A","date":"2018-03-13T05:39:32.000Z","volume":2000,"price":0.189,"category":"rbull"},{"type":"A","date":"2018-03-13T05:39:21.000Z","volume":6000,"price":0.189,"category":"rbull"},{"type":"A","date":"2018-03-13T05:38:02.000Z","volume":6000,"price":0.189,"category":"rbull"},{"type":"A","date":"2018-03-13T05:35:32.000Z","volume":2000,"price":0.189,"category":"rbull"},{"type":"A","date":"2018-03-13T05:35:18.000Z","volume":6000,"price":0.189,"category":"rbull"},{"type":"A","date":"2018-03-13T05:35:00.000Z","volume":6000,"price":0.189,"category":"rbull"},{"type":"A","date":"2018-03-13T05:33:32.000Z","volume":2000,"price":0.189,"category":"rbull"},{"type":"A","date":"2018-03-13T05:33:28.000Z","volume":6000,"price":0.189,"category":"rbull"},{"type":"A","date":"2018-03-13T05:32:17.000Z","volume":4000,"price":0.189,"category":"rbull"},{"type":"A","date":"2018-03-13T05:30:20.000Z","volume":6000,"price":0.189,"category":"rbull"},{"type":"A","date":"2018-03-13T05:28:55.000Z","volume":6000,"price":0.189,"category":"rbull"},{"type":"A","date":"2018-03-13T05:27:50.000Z","volume":6000,"price":0.189,"category":"rbull"},{"type":"A","date":"2018-03-13T05:26:14.000Z","volume":6000,"price":0.189,"category":"rbull"},{"type":"A","date":"2018-03-13T05:25:20.000Z","volume":4000,"price":0.189,"category":"rbull"},{"type":"A","date":"2018-03-13T05:14:12.000Z","volume":4000,"price":0.189,"category":"rbull"},{"type":"A","date":"2018-03-13T05:00:02.000Z","volume":4000,"price":0.189,"category":"rbull"},{"type":"A","date":"2018-03-13T03:59:28.000Z","volume":2000,"price":0.189,"category":"rbull"},{"type":"A","date":"2018-03-13T03:55:32.000Z","volume":2000,"price":0.189,"category":"rbull"},{"type":"A","date":"2018-03-13T03:55:24.000Z","volume":4000,"price":0.189,"category":"rbull"},{"type":"A","date":"2018-03-13T03:53:11.000Z","volume":6000,"price":0.189,"category":"rbull"},{"type":"A","date":"2018-03-13T03:51:02.000Z","volume":2000,"price":0.189,"category":"rbull"},{"type":"A","date":"2018-03-13T03:50:22.000Z","volume":4000,"price":0.189,"category":"rbull"},{"type":"A","date":"2018-03-13T03:49:55.000Z","volume":2000,"price":0.189,"category":"rbull"},{"type":"A","date":"2018-03-13T03:45:32.000Z","volume":2000,"price":0.189,"category":"rbull"},{"type":"A","date":"2018-03-13T03:45:24.000Z","volume":4000,"price":0.189,"category":"rbull"},{"type":"A","date":"2018-03-13T03:44:47.000Z","volume":4000,"price":0.189,"category":"rbull"},{"type":"A","date":"2018-03-13T03:39:47.000Z","volume":4000,"price":0.189,"category":"rbull"},{"type":"A","date":"2018-03-13T03:39:47.000Z","volume":6000,"price":0.189,"category":"rbull"},{"type":"A","date":"2018-03-13T03:35:21.000Z","volume":2000,"price":0.189,"category":"rbull"},{"type":"A","date":"2018-03-13T03:30:24.000Z","volume":6000,"price":0.189,"category":"rbull"},{"type":"A","date":"2018-03-13T03:24:35.000Z","volume":2000,"price":0.189,"category":"rbull"},{"type":"A","date":"2018-03-13T03:20:18.000Z","volume":4000,"price":0.189,"category":"rbull"},{"type":"A","date":"2018-03-13T03:15:24.000Z","volume":2000,"price":0.189,"category":"rbull"},{"type":"A","date":"2018-03-13T03:15:12.000Z","volume":6000,"price":0.189,"category":"rbull"},{"type":"A","date":"2018-03-13T03:15:12.000Z","volume":6000,"price":0.189,"category":"rbull"},{"type":"A","date":"2018-03-13T03:10:24.000Z","volume":2000,"price":0.189,"category":"rbull"},{"type":"A","date":"2018-03-13T03:08:19.000Z","volume":6000,"price":0.189,"category":"rbull"},{"type":"A","date":"2018-03-13T03:00:25.000Z","volume":2000,"price":0.189,"category":"rbull"},{"type":"A","date":"2018-03-13T02:59:03.000Z","volume":2000,"price":0.189,"category":"rbull"},{"type":"A","date":"2018-03-13T02:58:45.000Z","volume":2000,"price":0.189,"category":"rbull"},{"type":"A","date":"2018-03-13T02:58:45.000Z","volume":2000,"price":0.189,"category":"rbull"},{"type":"A","date":"2018-03-13T02:58:00.000Z","volume":2000,"price":0.189,"category":"rbull"},{"type":"A","date":"2018-03-13T02:57:30.000Z","volume":2000,"price":0.189,"category":"rbull"},{"type":"A","date":"2018-03-13T02:57:30.000Z","volume":2000,"price":0.189,"category":"rbull"},{"type":"A","date":"2018-03-13T02:56:45.000Z","volume":4000,"price":0.189,"category":"rbull"},{"type":"A","date":"2018-03-13T02:55:45.000Z","volume":2000,"price":0.189,"category":"rbull"},{"type":"A","date":"2018-03-13T02:53:15.000Z","volume":2000,"price":0.189,"category":"rbull"},{"type":"A","date":"2018-03-13T02:52:30.000Z","volume":2000,"price":0.189,"category":"rbull"},{"type":"A","date":"2018-03-13T02:52:30.000Z","volume":2000,"price":0.189,"category":"rbull"},{"type":"A","date":"2018-03-13T02:51:30.000Z","volume":2000,"price":0.189,"category":"rbull"},{"type":"A","date":"2018-03-13T02:51:30.000Z","volume":2000,"price":0.189,"category":"rbull"},{"type":"A","date":"2018-03-13T02:49:45.000Z","volume":2000,"price":0.189,"category":"rbull"},{"type":"A","date":"2018-03-13T02:49:45.000Z","volume":2000,"price":0.189,"category":"rbull"},{"type":"A","date":"2018-03-13T02:49:45.000Z","volume":2000,"price":0.189,"category":"rbull"},{"type":"A","date":"2018-03-13T02:48:15.000Z","volume":2000,"price":0.189,"category":"rbull"},{"type":"A","date":"2018-03-13T02:48:15.000Z","volume":2000,"price":0.189,"category":"rbull"},{"type":"A","date":"2018-03-13T02:47:30.000Z","volume":2000,"price":0.189,"category":"rbull"},{"type":"A","date":"2018-03-13T02:47:30.000Z","volume":2000,"price":0.189,"category":"rbull"},{"type":"A","date":"2018-03-13T02:46:15.000Z","volume":2000,"price":0.189,"category":"rbull"},{"type":"A","date":"2018-03-13T02:46:15.000Z","volume":2000,"price":0.189,"category":"rbull"},{"type":"A","date":"2018-03-13T02:45:26.000Z","volume":2000,"price":0.189,"category":"rbull"},{"type":"A","date":"2018-03-13T02:44:45.000Z","volume":2000,"price":0.189,"category":"rbull"},{"type":"A","date":"2018-03-13T02:44:00.000Z","volume":2000,"price":0.189,"category":"rbull"},{"type":"A","date":"2018-03-13T02:42:30.000Z","volume":2000,"price":0.189,"category":"rbull"},{"type":"A","date":"2018-03-13T02:42:30.000Z","volume":2000,"price":0.189,"category":"rbull"},{"type":"A","date":"2018-03-13T02:41:32.000Z","volume":6000,"price":0.189,"category":"rbull"},{"type":"A","date":"2018-03-13T02:41:32.000Z","volume":2000,"price":0.189,"category":"rbull"},{"type":"A","date":"2018-03-13T02:40:00.000Z","volume":2000,"price":0.189,"category":"rbull"},{"type":"A","date":"2018-03-13T02:40:00.000Z","volume":2000,"price":0.189,"category":"rbull"},{"type":"A","date":"2018-03-13T02:37:30.000Z","volume":2000,"price":0.189,"category":"rbull"},{"type":"A","date":"2018-03-13T02:37:30.000Z","volume":2000,"price":0.189,"category":"rbull"},{"type":"A","date":"2018-03-13T02:37:30.000Z","volume":2000,"price":0.189,"category":"rbull"},{"type":"A","date":"2018-03-13T02:36:32.000Z","volume":2000,"price":0.189,"category":"rbull"},{"type":"A","date":"2018-03-13T02:35:52.000Z","volume":2000,"price":0.189,"category":"rbull"},{"type":"A","date":"2018-03-13T02:35:16.000Z","volume":2000,"price":0.189,"category":"rbull"},{"type":"A","date":"2018-03-13T02:35:00.000Z","volume":2000,"price":0.189,"category":"rbull"},{"type":"A","date":"2018-03-13T02:35:00.000Z","volume":2000,"price":0.189,"category":"rbull"},{"type":"A","date":"2018-03-13T02:35:00.000Z","volume":2000,"price":0.189,"category":"rbull"},{"type":"A","date":"2018-03-13T02:35:00.000Z","volume":2000,"price":0.189,"category":"rbull"},{"type":"A","date":"2018-03-13T02:31:00.000Z","volume":2000,"price":0.189,"category":"rbull"},{"type":"A","date":"2018-03-13T02:31:00.000Z","volume":2000,"price":0.189,"category":"rbull"},{"type":"A","date":"2018-03-13T02:31:00.000Z","volume":2000,"price":0.189,"category":"rbull"},{"type":"A","date":"2018-03-13T02:31:00.000Z","volume":2000,"price":0.189,"category":"rbull"},{"type":"A","date":"2018-03-13T02:28:45.000Z","volume":2000,"price":0.189,"category":"rbull"},{"type":"A","date":"2018-03-13T02:28:45.000Z","volume":2000,"price":0.189,"category":"rbull"},{"type":"A","date":"2018-03-13T02:28:45.000Z","volume":2000,"price":0.189,"category":"rbull"},{"type":"A","date":"2018-03-13T02:27:45.000Z","volume":2000,"price":0.189,"category":"rbull"},{"type":"A","date":"2018-03-13T02:27:45.000Z","volume":2000,"price":0.189,"category":"rbull"},{"type":"A","date":"2018-03-13T02:27:00.000Z","volume":2000,"price":0.189,"category":"rbull"},{"type":"A","date":"2018-03-13T02:27:00.000Z","volume":2000,"price":0.189,"category":"rbull"},{"type":"A","date":"2018-03-13T02:26:00.000Z","volume":2000,"price":0.189,"category":"rbull"},{"type":"A","date":"2018-03-13T02:26:00.000Z","volume":2000,"price":0.189,"category":"rbull"},{"type":"A","date":"2018-03-13T02:24:45.000Z","volume":2000,"price":0.189,"category":"rbull"},{"type":"A","date":"2018-03-13T02:23:00.000Z","volume":2000,"price":0.189,"category":"rbull"},{"type":"A","date":"2018-03-13T02:21:15.000Z","volume":2000,"price":0.189,"category":"rbull"},{"type":"A","date":"2018-03-13T02:21:15.000Z","volume":2000,"price":0.189,"category":"rbull"},{"type":"A","date":"2018-03-13T02:21:15.000Z","volume":2000,"price":0.189,"category":"rbull"},{"type":"A","date":"2018-03-13T02:18:48.000Z","volume":4000,"price":0.189,"category":"rbull"},{"type":"A","date":"2018-03-13T02:18:18.000Z","volume":2000,"price":0.189,"category":"rbull"},{"type":"A","date":"2018-03-13T02:18:17.000Z","volume":4000,"price":0.189,"category":"rbull"},{"type":"A","date":"2018-03-13T02:15:47.000Z","volume":2000,"price":0.191,"category":"rbull"},{"type":"A","date":"2018-03-13T02:14:36.000Z","volume":2000,"price":0.191,"category":"rbull"},{"type":"A","date":"2018-03-13T02:14:34.000Z","volume":2000,"price":0.191,"category":"rbull"},{"type":"A","date":"2018-03-13T02:13:55.000Z","volume":6000,"price":0.191,"category":"rbull"},{"type":"A","date":"2018-03-13T02:13:03.000Z","volume":2000,"price":0.191,"category":"rbull"},{"type":"A","date":"2018-03-13T02:11:56.000Z","volume":6000,"price":0.191,"category":"rbull"},{"type":"A","date":"2018-03-13T02:11:56.000Z","volume":2000,"price":0.191,"category":"rbull"},{"type":"A","date":"2018-03-13T02:11:55.000Z","volume":2000,"price":0.191,"category":"rbull"},{"type":"A","date":"2018-03-13T02:11:55.000Z","volume":2000,"price":0.191,"category":"rbull"},{"type":"A","date":"2018-03-13T02:11:55.000Z","volume":2000,"price":0.191,"category":"rbull"},{"type":"A","date":"2018-03-13T02:11:04.000Z","volume":2000,"price":0.191,"category":"rbull"},{"type":"A","date":"2018-03-13T02:11:02.000Z","volume":2000,"price":0.191,"category":"rbull"},{"type":"A","date":"2018-03-13T02:10:51.000Z","volume":2000,"price":0.191,"category":"rbull"},{"type":"B","date":"2018-03-13T07:59:59.000Z","volume":4000,"price":0.187,"category":"rbear"},{"type":"B","date":"2018-03-13T07:58:10.000Z","volume":6000,"price":0.187,"category":"rbear"},{"type":"B","date":"2018-03-13T07:57:23.000Z","volume":4000,"price":0.188,"category":"rbear"},{"type":"B","date":"2018-03-13T07:57:23.000Z","volume":2000,"price":0.188,"category":"rbear"},{"type":"B","date":"2018-03-13T07:56:44.000Z","volume":6000,"price":0.188,"category":"rbear"},{"type":"B","date":"2018-03-13T07:56:33.000Z","volume":6000,"price":0.188,"category":"rbear"},{"type":"B","date":"2018-03-13T07:56:33.000Z","volume":4000,"price":0.188,"category":"rbear"},{"type":"B","date":"2018-03-13T07:56:31.000Z","volume":2000,"price":0.188,"category":"rbear"},{"type":"B","date":"2018-03-13T07:56:30.000Z","volume":6000,"price":0.188,"category":"rbear"},{"type":"B","date":"2018-03-13T07:55:16.000Z","volume":2000,"price":0.188,"category":"rbear"},{"type":"B","date":"2018-03-13T07:55:04.000Z","volume":4000,"price":0.188,"category":"rbear"},{"type":"B","date":"2018-03-13T07:54:56.000Z","volume":6000,"price":0.188,"category":"rbear"},{"type":"B","date":"2018-03-13T07:54:40.000Z","volume":6000,"price":0.188,"category":"rbear"},{"type":"B","date":"2018-03-13T07:54:33.000Z","volume":2000,"price":0.188,"category":"rbear"},{"type":"B","date":"2018-03-13T07:54:25.000Z","volume":6000,"price":0.188,"category":"rbear"},{"type":"B","date":"2018-03-13T07:54:23.000Z","volume":4000,"price":0.188,"category":"rbear"},{"type":"B","date":"2018-03-13T07:53:09.000Z","volume":2000,"price":0.187,"category":"rbear"},{"type":"B","date":"2018-03-13T07:53:09.000Z","volume":4000,"price":0.188,"category":"rbear"},{"type":"B","date":"2018-03-13T07:50:20.000Z","volume":2000,"price":0.187,"category":"rbear"},{"type":"B","date":"2018-03-13T07:49:29.000Z","volume":2000,"price":0.187,"category":"rbear"},{"type":"B","date":"2018-03-13T07:48:57.000Z","volume":6000,"price":0.188,"category":"rbear"},{"type":"B","date":"2018-03-13T07:48:57.000Z","volume":4000,"price":0.188,"category":"rbear"},{"type":"B","date":"2018-03-13T07:47:11.000Z","volume":4000,"price":0.188,"category":"rbear"},{"type":"B","date":"2018-03-13T07:47:11.000Z","volume":2000,"price":0.188,"category":"rbear"},{"type":"B","date":"2018-03-13T07:45:42.000Z","volume":4000,"price":0.188,"category":"rbear"},{"type":"B","date":"2018-03-13T07:45:42.000Z","volume":2000,"price":0.188,"category":"rbear"},{"type":"B","date":"2018-03-13T07:45:21.000Z","volume":2000,"price":0.188,"category":"rbear"},{"type":"B","date":"2018-03-13T07:44:23.000Z","volume":4000,"price":0.188,"category":"rbear"},{"type":"B","date":"2018-03-13T07:44:23.000Z","volume":4000,"price":0.188,"category":"rbear"},{"type":"B","date":"2018-03-13T07:43:37.000Z","volume":4000,"price":0.188,"category":"rbear"},{"type":"B","date":"2018-03-13T07:43:37.000Z","volume":2000,"price":0.188,"category":"rbear"},{"type":"B","date":"2018-03-13T07:43:04.000Z","volume":4000,"price":0.188,"category":"rbear"},{"type":"B","date":"2018-03-13T07:43:02.000Z","volume":2000,"price":0.188,"category":"rbear"},{"type":"B","date":"2018-03-13T07:42:32.000Z","volume":4000,"price":0.188,"category":"rbear"},{"type":"B","date":"2018-03-13T07:41:11.000Z","volume":2000,"price":0.187,"category":"rbear"},{"type":"B","date":"2018-03-13T07:40:26.000Z","volume":2000,"price":0.187,"category":"rbear"},{"type":"B","date":"2018-03-13T07:40:24.000Z","volume":2000,"price":0.187,"category":"rbear"},{"type":"B","date":"2018-03-13T07:35:20.000Z","volume":2000,"price":0.188,"category":"rbear"},{"type":"B","date":"2018-03-13T07:35:04.000Z","volume":4000,"price":0.188,"category":"rbear"},{"type":"B","date":"2018-03-13T07:35:02.000Z","volume":2000,"price":0.188,"category":"rbear"},{"type":"B","date":"2018-03-13T07:35:00.000Z","volume":4000,"price":0.188,"category":"rbear"},{"type":"B","date":"2018-03-13T07:34:32.000Z","volume":2000,"price":0.188,"category":"rbear"},{"type":"B","date":"2018-03-13T07:34:12.000Z","volume":2000,"price":0.188,"category":"rbear"},{"type":"B","date":"2018-03-13T07:30:19.000Z","volume":2000,"price":0.188,"category":"rbear"},{"type":"B","date":"2018-03-13T07:26:14.000Z","volume":2000,"price":0.188,"category":"rbear"},{"type":"B","date":"2018-03-13T07:25:23.000Z","volume":4000,"price":0.188,"category":"rbear"},{"type":"B","date":"2018-03-13T07:24:33.000Z","volume":2000,"price":0.188,"category":"rbear"},{"type":"B","date":"2018-03-13T07:24:32.000Z","volume":6000,"price":0.188,"category":"rbear"},{"type":"B","date":"2018-03-13T07:24:32.000Z","volume":2000,"price":0.188,"category":"rbear"},{"type":"B","date":"2018-03-13T07:24:21.000Z","volume":2000,"price":0.188,"category":"rbear"},{"type":"B","date":"2018-03-13T07:21:31.000Z","volume":2000,"price":0.188,"category":"rbear"},{"type":"B","date":"2018-03-13T07:20:23.000Z","volume":2000,"price":0.188,"category":"rbear"},{"type":"B","date":"2018-03-13T07:15:24.000Z","volume":4000,"price":0.188,"category":"rbear"},{"type":"B","date":"2018-03-13T07:15:01.000Z","volume":4000,"price":0.188,"category":"rbear"},{"type":"B","date":"2018-03-13T07:15:01.000Z","volume":2000,"price":0.188,"category":"rbear"},{"type":"B","date":"2018-03-13T07:10:18.000Z","volume":2000,"price":0.188,"category":"rbear"},{"type":"B","date":"2018-03-13T07:10:18.000Z","volume":6000,"price":0.188,"category":"rbear"},{"type":"B","date":"2018-03-13T07:10:03.000Z","volume":6000,"price":0.188,"category":"rbear"},{"type":"B","date":"2018-03-13T07:08:20.000Z","volume":2000,"price":0.188,"category":"rbear"},{"type":"B","date":"2018-03-13T07:06:18.000Z","volume":2000,"price":0.188,"category":"rbear"},{"type":"B","date":"2018-03-13T07:00:18.000Z","volume":2000,"price":0.188,"category":"rbear"},{"type":"B","date":"2018-03-13T07:00:02.000Z","volume":4000,"price":0.188,"category":"rbear"},{"type":"B","date":"2018-03-13T07:00:02.000Z","volume":4000,"price":0.188,"category":"rbear"},{"type":"B","date":"2018-03-13T06:51:57.000Z","volume":2000,"price":0.188,"category":"rbear"},{"type":"B","date":"2018-03-13T06:48:01.000Z","volume":2000,"price":0.188,"category":"rbear"},{"type":"B","date":"2018-03-13T06:43:11.000Z","volume":4000,"price":0.188,"category":"rbear"},{"type":"B","date":"2018-03-13T06:40:26.000Z","volume":2000,"price":0.187,"category":"rbear"},{"type":"B","date":"2018-03-13T06:36:53.000Z","volume":2000,"price":0.187,"category":"rbear"},{"type":"B","date":"2018-03-13T06:05:20.000Z","volume":2000,"price":0.187,"category":"rbear"},{"type":"B","date":"2018-03-13T05:50:18.000Z","volume":2000,"price":0.187,"category":"rbear"},{"type":"B","date":"2018-03-13T05:50:17.000Z","volume":2000,"price":0.188,"category":"rbear"},{"type":"B","date":"2018-03-13T05:50:02.000Z","volume":2000,"price":0.188,"category":"rbear"},{"type":"B","date":"2018-03-13T05:40:24.000Z","volume":2000,"price":0.188,"category":"rbear"},{"type":"B","date":"2018-03-13T05:30:22.000Z","volume":2000,"price":0.188,"category":"rbear"},{"type":"B","date":"2018-03-13T05:30:20.000Z","volume":2000,"price":0.188,"category":"rbear"},{"type":"B","date":"2018-03-13T05:25:24.000Z","volume":2000,"price":0.187,"category":"rbear"},{"type":"B","date":"2018-03-13T05:20:20.000Z","volume":2000,"price":0.187,"category":"rbear"},{"type":"B","date":"2018-03-13T05:16:51.000Z","volume":6000,"price":0.188,"category":"rbear"},{"type":"B","date":"2018-03-13T05:15:16.000Z","volume":2000,"price":0.188,"category":"rbear"},{"type":"B","date":"2018-03-13T05:05:21.000Z","volume":2000,"price":0.188,"category":"rbear"},{"type":"B","date":"2018-03-13T05:00:20.000Z","volume":2000,"price":0.188,"category":"rbear"},{"type":"B","date":"2018-03-13T05:00:04.000Z","volume":4000,"price":0.188,"category":"rbear"},{"type":"B","date":"2018-03-13T03:20:21.000Z","volume":2000,"price":0.188,"category":"rbear"},{"type":"B","date":"2018-03-13T03:20:21.000Z","volume":2000,"price":0.188,"category":"rbear"},{"type":"B","date":"2018-03-13T03:15:25.000Z","volume":4000,"price":0.187,"category":"rbear"},{"type":"B","date":"2018-03-13T03:05:19.000Z","volume":6000,"price":0.187,"category":"rbear"},{"type":"B","date":"2018-03-13T02:59:35.000Z","volume":6000,"price":0.187,"category":"rbear"},{"type":"B","date":"2018-03-13T02:53:37.000Z","volume":4000,"price":0.187,"category":"rbear"},{"type":"B","date":"2018-03-13T02:45:27.000Z","volume":4000,"price":0.188,"category":"rbear"},{"type":"B","date":"2018-03-13T02:42:31.000Z","volume":2000,"price":0.188,"category":"rbear"},{"type":"B","date":"2018-03-13T02:40:18.000Z","volume":2000,"price":0.188,"category":"rbear"},{"type":"B","date":"2018-03-13T02:37:32.000Z","volume":2000,"price":0.188,"category":"rbear"},{"type":"B","date":"2018-03-13T02:36:33.000Z","volume":2000,"price":0.188,"category":"rbear"},{"type":"B","date":"2018-03-13T02:35:52.000Z","volume":2000,"price":0.188,"category":"rbear"},{"type":"B","date":"2018-03-13T02:35:21.000Z","volume":2000,"price":0.188,"category":"rbear"},{"type":"B","date":"2018-03-13T02:35:17.000Z","volume":2000,"price":0.188,"category":"rbear"},{"type":"B","date":"2018-03-13T02:31:28.000Z","volume":2000,"price":0.188,"category":"rbear"},{"type":"B","date":"2018-03-13T02:28:43.000Z","volume":2000,"price":0.188,"category":"rbear"},{"type":"B","date":"2018-03-13T02:26:46.000Z","volume":2000,"price":0.188,"category":"rbear"},{"type":"B","date":"2018-03-13T02:24:33.000Z","volume":2000,"price":0.188,"category":"rbear"},{"type":"B","date":"2018-03-13T02:22:49.000Z","volume":6000,"price":0.188,"category":"rbear"},{"type":"B","date":"2018-03-13T02:22:10.000Z","volume":2000,"price":0.188,"category":"rbear"},{"type":"B","date":"2018-03-13T02:19:58.000Z","volume":2000,"price":0.188,"category":"rbear"},{"type":"B","date":"2018-03-13T02:19:02.000Z","volume":2000,"price":0.188,"category":"rbear"},{"type":"B","date":"2018-03-13T02:18:15.000Z","volume":2000,"price":0.189,"category":"rbear"},{"type":"B","date":"2018-03-13T02:18:15.000Z","volume":4000,"price":0.189,"category":"rbear"},{"type":"B","date":"2018-03-13T02:15:48.000Z","volume":2000,"price":0.189,"category":"rbear"},{"type":"B","date":"2018-03-13T02:15:22.000Z","volume":2000,"price":0.189,"category":"rbear"},{"type":"B","date":"2018-03-13T02:15:19.000Z","volume":4000,"price":0.189,"category":"rbear"},{"type":"B","date":"2018-03-13T02:14:35.000Z","volume":2000,"price":0.189,"category":"rbear"},{"type":"B","date":"2018-03-13T02:14:35.000Z","volume":2000,"price":0.189,"category":"rbear"},{"type":"B","date":"2018-03-13T02:13:04.000Z","volume":4000,"price":0.19,"category":"rbear"},{"type":"B","date":"2018-03-13T02:13:03.000Z","volume":6000,"price":0.19,"category":"rbear"},{"type":"B","date":"2018-03-13T02:11:56.000Z","volume":6000,"price":0.19,"category":"rbear"},{"type":"B","date":"2018-03-13T02:11:56.000Z","volume":6000,"price":0.19,"category":"rbear"},{"type":"B","date":"2018-03-13T02:11:55.000Z","volume":2000,"price":0.19,"category":"rbear"},{"type":"B","date":"2018-03-13T02:11:55.000Z","volume":4000,"price":0.19,"category":"rbear"},{"type":"B","date":"2018-03-13T02:11:03.000Z","volume":2000,"price":0.19,"category":"rbear"},{"type":"B","date":"2018-03-13T07:59:53.000Z","volume":90000,"price":0.187,"category":"bbear"},{"type":"B","date":"2018-03-13T07:59:41.000Z","volume":118000,"price":0.187,"category":"bbear"},{"type":"B","date":"2018-03-13T07:58:10.000Z","volume":78000,"price":0.187,"category":"bbear"},{"type":"B","date":"2018-03-13T07:54:33.000Z","volume":114000,"price":0.188,"category":"bbear"},{"type":"B","date":"2018-03-13T07:49:21.000Z","volume":72000,"price":0.187,"category":"bbear"},{"type":"B","date":"2018-03-13T07:34:32.000Z","volume":74000,"price":0.188,"category":"bbear"},{"type":"B","date":"2018-03-13T07:24:32.000Z","volume":72000,"price":0.188,"category":"bbear"},{"type":"B","date":"2018-03-13T07:10:03.000Z","volume":74000,"price":0.188,"category":"bbear"},{"type":"B","date":"2018-03-13T07:00:02.000Z","volume":80000,"price":0.188,"category":"bbear"},{"type":"B","date":"2018-03-13T06:18:08.000Z","volume":90000,"price":0.187,"category":"bbear"},{"type":"B","date":"2018-03-13T05:50:02.000Z","volume":98000,"price":0.188,"category":"bbear"},{"type":"B","date":"2018-03-13T05:16:51.000Z","volume":98000,"price":0.188,"category":"bbear"},{"type":"B","date":"2018-03-13T05:00:04.000Z","volume":92000,"price":0.188,"category":"bbear"},{"type":"B","date":"2018-03-13T03:09:28.000Z","volume":72000,"price":0.187,"category":"bbear"},{"type":"B","date":"2018-03-13T02:59:35.000Z","volume":72000,"price":0.187,"category":"bbear"},{"type":"B","date":"2018-03-13T02:53:36.000Z","volume":114000,"price":0.188,"category":"bbear"},{"type":"B","date":"2018-03-13T02:19:02.000Z","volume":154000,"price":0.188,"category":"bbear"},{"type":"B","date":"2018-03-13T02:18:15.000Z","volume":108000,"price":0.189,"category":"bbear"},{"type":"B","date":"2018-03-13T05:00:02.000Z","volume":464000,"price":0.188,"category":"ubbear"},{"type":"B","date":"2018-03-13T02:53:36.000Z","volume":356000,"price":0.188,"category":"ubbear"},{"type":"B","date":"2018-03-13T02:17:01.000Z","volume":200000,"price":0.189,"category":"ubbear"}]