[{"type":"U","date":"2018-04-11T01:20:00.000Z","volume":77800,"label":"U","price":39.15},{"type":"B","date":"2018-04-11T01:30:00.000Z","volume":400,"label":" ","price":39.15},{"type":"A","date":"2018-04-11T01:30:00.000Z","volume":300,"label":" ","price":39.15},{"type":"A","date":"2018-04-11T01:30:01.000Z","volume":1000,"label":" ","price":39.15},{"type":"A","date":"2018-04-11T01:30:01.000Z","volume":800,"label":"Y","price":39.15},{"type":"A","date":"2018-04-11T01:30:01.000Z","volume":8500,"label":" ","price":39.15},{"type":"A","date":"2018-04-11T01:30:01.000Z","volume":1500,"label":" ","price":39.2},{"type":"B","date":"2018-04-11T01:30:04.000Z","volume":1300,"label":" ","price":39.1},{"type":"A","date":"2018-04-11T01:30:05.000Z","volume":1200,"label":" ","price":39.15},{"type":"U","date":"2018-04-11T01:30:05.000Z","volume":1400,"label":" ","price":39.05},{"type":"B","date":"2018-04-11T01:30:06.000Z","volume":4300,"label":" ","price":39},{"type":"B","date":"2018-04-11T01:30:06.000Z","volume":56800,"label":" ","price":38.95},{"type":"B","date":"2018-04-11T01:30:06.000Z","volume":800,"label":" ","price":38.9},{"type":"B","date":"2018-04-11T01:30:06.000Z","volume":300,"label":" ","price":38.85},{"type":"A","date":"2018-04-11T01:30:11.000Z","volume":1500,"label":" ","price":39.15},{"type":"U","date":"2018-04-11T01:30:17.000Z","volume":1000,"label":" ","price":38.95},{"type":"U","date":"2018-04-11T01:30:17.000Z","volume":1000,"label":" ","price":38.95},{"type":"A","date":"2018-04-11T01:30:19.000Z","volume":1600,"label":" ","price":39.15},{"type":"U","date":"2018-04-11T01:30:23.000Z","volume":2800,"label":" ","price":39.05},{"type":"U","date":"2018-04-11T01:30:23.000Z","volume":900,"label":" ","price":39.05},{"type":"A","date":"2018-04-11T01:30:31.000Z","volume":400,"label":" ","price":39.05},{"type":"A","date":"2018-04-11T01:30:42.000Z","volume":200,"label":" ","price":39.05},{"type":"A","date":"2018-04-11T01:30:43.000Z","volume":500,"label":" ","price":39.05},{"type":"A","date":"2018-04-11T01:31:05.000Z","volume":3400,"label":" ","price":39},{"type":"A","date":"2018-04-11T01:31:05.000Z","volume":400,"label":" ","price":39},{"type":"B","date":"2018-04-11T01:31:23.000Z","volume":100,"label":"Y","price":38.95},{"type":"B","date":"2018-04-11T01:31:23.000Z","volume":4600,"label":" ","price":38.95},{"type":"A","date":"2018-04-11T01:31:24.000Z","volume":500,"label":" ","price":39},{"type":"A","date":"2018-04-11T01:31:25.000Z","volume":2400,"label":" ","price":38.95},{"type":"A","date":"2018-04-11T01:31:25.000Z","volume":7600,"label":" ","price":39},{"type":"A","date":"2018-04-11T01:31:26.000Z","volume":800,"label":" ","price":38.95},{"type":"B","date":"2018-04-11T01:31:32.000Z","volume":500,"label":" ","price":38.9},{"type":"B","date":"2018-04-11T01:31:42.000Z","volume":1200,"label":" ","price":38.9},{"type":"B","date":"2018-04-11T01:31:42.000Z","volume":400,"label":" ","price":38.9},{"type":"A","date":"2018-04-11T01:31:44.000Z","volume":500,"label":" ","price":39},{"type":"A","date":"2018-04-11T01:31:49.000Z","volume":800,"label":" ","price":38.95},{"type":"B","date":"2018-04-11T01:31:49.000Z","volume":100,"label":" ","price":38.9},{"type":"A","date":"2018-04-11T01:31:50.000Z","volume":300,"label":" ","price":39},{"type":"U","date":"2018-04-11T01:31:55.000Z","volume":2000,"label":" ","price":38.95},{"type":"A","date":"2018-04-11T01:31:56.000Z","volume":200,"label":" ","price":39},{"type":"A","date":"2018-04-11T01:32:17.000Z","volume":800,"label":" ","price":39},{"type":"A","date":"2018-04-11T01:32:18.000Z","volume":200,"label":" ","price":39},{"type":"B","date":"2018-04-11T01:32:18.000Z","volume":1300,"label":" ","price":38.95},{"type":"B","date":"2018-04-11T01:32:18.000Z","volume":11900,"label":" ","price":38.9},{"type":"B","date":"2018-04-11T01:32:18.000Z","volume":6800,"label":" ","price":38.9},{"type":"A","date":"2018-04-11T01:32:20.000Z","volume":500,"label":" ","price":38.95},{"type":"A","date":"2018-04-11T01:32:30.000Z","volume":2000,"label":" ","price":38.95},{"type":"A","date":"2018-04-11T01:32:30.000Z","volume":300,"label":" ","price":38.95},{"type":"A","date":"2018-04-11T01:32:31.000Z","volume":100,"label":" ","price":38.95},{"type":"A","date":"2018-04-11T01:32:50.000Z","volume":100,"label":" ","price":38.95},{"type":"U","date":"2018-04-11T01:32:54.000Z","volume":10000,"label":" ","price":38.9},{"type":"A","date":"2018-04-11T01:32:56.000Z","volume":700,"label":" ","price":38.95},{"type":"A","date":"2018-04-11T01:33:26.000Z","volume":7800,"label":" ","price":38.95},{"type":"A","date":"2018-04-11T01:33:26.000Z","volume":800,"label":" ","price":38.95},{"type":"A","date":"2018-04-11T01:33:29.000Z","volume":100,"label":" ","price":38.95},{"type":"A","date":"2018-04-11T01:33:38.000Z","volume":8000,"label":" ","price":38.95},{"type":"A","date":"2018-04-11T01:33:38.000Z","volume":500,"label":" ","price":38.95},{"type":"B","date":"2018-04-11T01:33:39.000Z","volume":700,"label":" ","price":38.9},{"type":"A","date":"2018-04-11T01:33:40.000Z","volume":700,"label":" ","price":38.9},{"type":"A","date":"2018-04-11T01:33:40.000Z","volume":900,"label":" ","price":38.9},{"type":"A","date":"2018-04-11T01:33:41.000Z","volume":900,"label":" ","price":38.95},{"type":"A","date":"2018-04-11T01:33:42.000Z","volume":400,"label":" ","price":38.95},{"type":"A","date":"2018-04-11T01:33:42.000Z","volume":41000,"label":" ","price":38.95},{"type":"B","date":"2018-04-11T01:33:43.000Z","volume":1000,"label":" ","price":38.9},{"type":"A","date":"2018-04-11T01:33:44.000Z","volume":2700,"label":" ","price":38.9},{"type":"A","date":"2018-04-11T01:33:44.000Z","volume":19900,"label":" ","price":38.9},{"type":"A","date":"2018-04-11T01:33:45.000Z","volume":100,"label":" ","price":38.95},{"type":"A","date":"2018-04-11T01:33:46.000Z","volume":500,"label":" ","price":38.95},{"type":"B","date":"2018-04-11T01:33:59.000Z","volume":300,"label":" ","price":38.85},{"type":"B","date":"2018-04-11T01:34:01.000Z","volume":2000,"label":" ","price":38.85},{"type":"A","date":"2018-04-11T01:34:02.000Z","volume":700,"label":"Y","price":38.95},{"type":"A","date":"2018-04-11T01:34:02.000Z","volume":1400,"label":" ","price":38.95},{"type":"A","date":"2018-04-11T01:34:44.000Z","volume":200,"label":" ","price":38.95},{"type":"B","date":"2018-04-11T01:34:54.000Z","volume":1300,"label":" ","price":38.9},{"type":"A","date":"2018-04-11T01:34:54.000Z","volume":1000,"label":" ","price":38.9},{"type":"A","date":"2018-04-11T01:35:06.000Z","volume":10100,"label":" ","price":38.9},{"type":"A","date":"2018-04-11T01:35:06.000Z","volume":2100,"label":" ","price":38.95},{"type":"A","date":"2018-04-11T01:35:07.000Z","volume":200,"label":" ","price":39},{"type":"A","date":"2018-04-11T01:35:08.000Z","volume":100,"label":" ","price":39},{"type":"A","date":"2018-04-11T01:35:08.000Z","volume":1200,"label":" ","price":39},{"type":"A","date":"2018-04-11T01:35:33.000Z","volume":100,"label":" ","price":39},{"type":"A","date":"2018-04-11T01:35:49.000Z","volume":5000,"label":" ","price":39},{"type":"A","date":"2018-04-11T01:35:50.000Z","volume":900,"label":" ","price":39},{"type":"A","date":"2018-04-11T01:35:51.000Z","volume":16700,"label":" ","price":39},{"type":"B","date":"2018-04-11T01:35:52.000Z","volume":2200,"label":" ","price":39},{"type":"B","date":"2018-04-11T01:35:54.000Z","volume":100,"label":"Y","price":39},{"type":"B","date":"2018-04-11T01:35:54.000Z","volume":1300,"label":" ","price":39},{"type":"B","date":"2018-04-11T01:35:55.000Z","volume":500,"label":"Y","price":39},{"type":"B","date":"2018-04-11T01:35:55.000Z","volume":100,"label":"Y","price":39},{"type":"B","date":"2018-04-11T01:35:56.000Z","volume":100,"label":"Y","price":39},{"type":"B","date":"2018-04-11T01:36:04.000Z","volume":1400,"label":" ","price":39},{"type":"B","date":"2018-04-11T01:36:05.000Z","volume":200,"label":" ","price":39},{"type":"B","date":"2018-04-11T01:36:11.000Z","volume":200,"label":" ","price":39},{"type":"B","date":"2018-04-11T01:36:11.000Z","volume":200,"label":" ","price":39},{"type":"B","date":"2018-04-11T01:36:11.000Z","volume":1700,"label":" ","price":39},{"type":"A","date":"2018-04-11T01:36:14.000Z","volume":14600,"label":" ","price":39},{"type":"A","date":"2018-04-11T01:36:15.000Z","volume":1600,"label":" ","price":39},{"type":"B","date":"2018-04-11T01:36:16.000Z","volume":4700,"label":" ","price":38.95},{"type":"A","date":"2018-04-11T01:36:17.000Z","volume":800,"label":" ","price":39},{"type":"B","date":"2018-04-11T01:36:18.000Z","volume":4700,"label":" ","price":38.95},{"type":"B","date":"2018-04-11T01:36:18.000Z","volume":500,"label":" ","price":38.95},{"type":"B","date":"2018-04-11T01:36:18.000Z","volume":2400,"label":" ","price":38.95},{"type":"B","date":"2018-04-11T01:36:20.000Z","volume":4200,"label":" ","price":38.9},{"type":"A","date":"2018-04-11T01:36:21.000Z","volume":500,"label":" ","price":38.95},{"type":"U","date":"2018-04-11T01:36:25.000Z","volume":1600,"label":" ","price":38.9},{"type":"A","date":"2018-04-11T01:36:25.000Z","volume":300,"label":" ","price":38.95},{"type":"A","date":"2018-04-11T01:36:30.000Z","volume":3000,"label":" ","price":38.95},{"type":"A","date":"2018-04-11T01:36:30.000Z","volume":100,"label":" ","price":38.95},{"type":"A","date":"2018-04-11T01:36:31.000Z","volume":300,"label":" ","price":38.95},{"type":"U","date":"2018-04-11T01:36:37.000Z","volume":100,"label":" ","price":38.95},{"type":"U","date":"2018-04-11T01:36:38.000Z","volume":600,"label":" ","price":38.95},{"type":"A","date":"2018-04-11T01:36:41.000Z","volume":1100,"label":" ","price":38.95},{"type":"A","date":"2018-04-11T01:36:41.000Z","volume":300,"label":" ","price":38.95},{"type":"A","date":"2018-04-11T01:36:44.000Z","volume":1400,"label":"Y","price":38.95},{"type":"A","date":"2018-04-11T01:36:44.000Z","volume":2600,"label":" ","price":38.95},{"type":"A","date":"2018-04-11T01:36:44.000Z","volume":46000,"label":" ","price":39},{"type":"A","date":"2018-04-11T01:36:47.000Z","volume":300,"label":" ","price":39},{"type":"A","date":"2018-04-11T01:36:51.000Z","volume":1000,"label":" ","price":38.95},{"type":"A","date":"2018-04-11T01:37:01.000Z","volume":10000,"label":" ","price":39},{"type":"A","date":"2018-04-11T01:37:13.000Z","volume":1800,"label":" ","price":38.95},{"type":"B","date":"2018-04-11T01:37:20.000Z","volume":5700,"label":" ","price":38.95},{"type":"A","date":"2018-04-11T01:37:27.000Z","volume":1700,"label":" ","price":38.95},{"type":"U","date":"2018-04-11T01:37:30.000Z","volume":1000,"label":" ","price":38.95},{"type":"B","date":"2018-04-11T01:37:43.000Z","volume":4700,"label":" ","price":38.95},{"type":"B","date":"2018-04-11T01:37:43.000Z","volume":5300,"label":" ","price":38.95},{"type":"B","date":"2018-04-11T01:37:44.000Z","volume":500,"label":" ","price":38.95},{"type":"A","date":"2018-04-11T01:37:44.000Z","volume":1000,"label":" ","price":39},{"type":"A","date":"2018-04-11T01:38:03.000Z","volume":600,"label":" ","price":38.95},{"type":"A","date":"2018-04-11T01:38:33.000Z","volume":400,"label":" ","price":38.95},{"type":"A","date":"2018-04-11T01:38:34.000Z","volume":100,"label":" ","price":38.95},{"type":"A","date":"2018-04-11T01:38:41.000Z","volume":500,"label":" ","price":38.95},{"type":"A","date":"2018-04-11T01:38:41.000Z","volume":1200,"label":" ","price":38.95},{"type":"A","date":"2018-04-11T01:38:47.000Z","volume":1000,"label":" ","price":39},{"type":"A","date":"2018-04-11T01:39:26.000Z","volume":1300,"label":" ","price":39},{"type":"B","date":"2018-04-11T01:39:26.000Z","volume":1600,"label":" ","price":38.95},{"type":"B","date":"2018-04-11T01:40:14.000Z","volume":2400,"label":" ","price":38.95},{"type":"B","date":"2018-04-11T01:40:14.000Z","volume":6300,"label":" ","price":38.95},{"type":"B","date":"2018-04-11T01:40:14.000Z","volume":2100,"label":" ","price":38.95},{"type":"B","date":"2018-04-11T01:40:14.000Z","volume":100,"label":" ","price":38.95},{"type":"B","date":"2018-04-11T01:40:14.000Z","volume":4700,"label":" ","price":38.95},{"type":"B","date":"2018-04-11T01:40:14.000Z","volume":8300,"label":" ","price":38.95},{"type":"B","date":"2018-04-11T01:40:14.000Z","volume":14600,"label":" ","price":38.9},{"type":"B","date":"2018-04-11T01:40:14.000Z","volume":22700,"label":" ","price":38.9},{"type":"B","date":"2018-04-11T01:40:15.000Z","volume":10300,"label":" ","price":38.85},{"type":"B","date":"2018-04-11T01:40:15.000Z","volume":25600,"label":" ","price":38.8},{"type":"B","date":"2018-04-11T01:40:15.000Z","volume":30900,"label":" ","price":38.8},{"type":"B","date":"2018-04-11T01:40:15.000Z","volume":2600,"label":" ","price":38.95},{"type":"U","date":"2018-04-11T01:40:15.000Z","volume":200,"label":" ","price":38.8},{"type":"U","date":"2018-04-11T01:40:15.000Z","volume":600,"label":" ","price":38.8},{"type":"A","date":"2018-04-11T01:40:15.000Z","volume":2000,"label":" ","price":38.95},{"type":"A","date":"2018-04-11T01:40:15.000Z","volume":8000,"label":" ","price":39},{"type":"A","date":"2018-04-11T01:40:17.000Z","volume":1400,"label":"Y","price":38.85},{"type":"A","date":"2018-04-11T01:40:17.000Z","volume":500,"label":" ","price":38.85},{"type":"B","date":"2018-04-11T01:40:17.000Z","volume":900,"label":" ","price":38.8},{"type":"A","date":"2018-04-11T01:40:19.000Z","volume":1000,"label":" ","price":38.8},{"type":"B","date":"2018-04-11T01:40:29.000Z","volume":3700,"label":" ","price":38.75},{"type":"B","date":"2018-04-11T01:40:29.000Z","volume":200,"label":" ","price":38.75},{"type":"A","date":"2018-04-11T01:40:29.000Z","volume":100,"label":" ","price":38.8},{"type":"A","date":"2018-04-11T01:40:31.000Z","volume":500,"label":"Y","price":38.8},{"type":"A","date":"2018-04-11T01:40:33.000Z","volume":4400,"label":" ","price":38.8},{"type":"A","date":"2018-04-11T01:40:35.000Z","volume":500,"label":" ","price":38.85},{"type":"B","date":"2018-04-11T01:40:38.000Z","volume":1700,"label":" ","price":38.75},{"type":"B","date":"2018-04-11T01:40:38.000Z","volume":8500,"label":" ","price":38.75},{"type":"A","date":"2018-04-11T01:40:39.000Z","volume":800,"label":" ","price":38.8},{"type":"A","date":"2018-04-11T01:40:41.000Z","volume":800,"label":" ","price":38.8},{"type":"A","date":"2018-04-11T01:40:43.000Z","volume":400,"label":" ","price":38.85},{"type":"U","date":"2018-04-11T01:41:10.000Z","volume":2000,"label":" ","price":38.75},{"type":"B","date":"2018-04-11T01:41:10.000Z","volume":2900,"label":" ","price":38.7},{"type":"U","date":"2018-04-11T01:41:14.000Z","volume":800,"label":"X","price":38.65},{"type":"U","date":"2018-04-11T01:41:14.000Z","volume":900,"label":"X","price":38.65},{"type":"B","date":"2018-04-11T01:41:14.000Z","volume":48300,"label":" ","price":38.65},{"type":"A","date":"2018-04-11T01:41:16.000Z","volume":1600,"label":" ","price":38.7},{"type":"B","date":"2018-04-11T01:41:18.000Z","volume":1000,"label":" ","price":38.65},{"type":"B","date":"2018-04-11T01:41:18.000Z","volume":800,"label":" ","price":38.65},{"type":"U","date":"2018-04-11T01:41:20.000Z","volume":800,"label":" ","price":38.65},{"type":"B","date":"2018-04-11T01:41:20.000Z","volume":2600,"label":" ","price":38.6},{"type":"A","date":"2018-04-11T01:41:22.000Z","volume":400,"label":" ","price":38.65},{"type":"A","date":"2018-04-11T01:41:27.000Z","volume":14500,"label":" ","price":38.65},{"type":"A","date":"2018-04-11T01:41:28.000Z","volume":1100,"label":" ","price":38.65},{"type":"B","date":"2018-04-11T01:41:36.000Z","volume":100,"label":" ","price":38.6},{"type":"B","date":"2018-04-11T01:41:36.000Z","volume":1200,"label":" ","price":38.55},{"type":"B","date":"2018-04-11T01:41:36.000Z","volume":11900,"label":" ","price":38.5},{"type":"A","date":"2018-04-11T01:41:38.000Z","volume":1100,"label":" ","price":38.65},{"type":"A","date":"2018-04-11T01:41:49.000Z","volume":300,"label":" ","price":38.65},{"type":"B","date":"2018-04-11T01:42:02.000Z","volume":300,"label":" ","price":38.55},{"type":"A","date":"2018-04-11T01:42:04.000Z","volume":600,"label":" ","price":38.65},{"type":"B","date":"2018-04-11T01:42:08.000Z","volume":1000,"label":" ","price":38.6},{"type":"A","date":"2018-04-11T01:42:10.000Z","volume":400,"label":" ","price":38.65},{"type":"A","date":"2018-04-11T01:42:21.000Z","volume":16500,"label":" ","price":38.65},{"type":"A","date":"2018-04-11T01:42:21.000Z","volume":10700,"label":" ","price":38.7},{"type":"A","date":"2018-04-11T01:42:21.000Z","volume":500,"label":" ","price":38.7},{"type":"A","date":"2018-04-11T01:42:22.000Z","volume":1700,"label":" ","price":38.7},{"type":"A","date":"2018-04-11T01:42:22.000Z","volume":4800,"label":" ","price":38.7},{"type":"A","date":"2018-04-11T01:42:22.000Z","volume":800,"label":" ","price":38.7},{"type":"A","date":"2018-04-11T01:42:22.000Z","volume":1600,"label":" ","price":38.7},{"type":"U","date":"2018-04-11T01:42:22.000Z","volume":600,"label":" ","price":38.65},{"type":"A","date":"2018-04-11T01:42:24.000Z","volume":1300,"label":" ","price":38.7},{"type":"B","date":"2018-04-11T01:42:26.000Z","volume":1300,"label":" ","price":38.65},{"type":"A","date":"2018-04-11T01:42:26.000Z","volume":600,"label":" ","price":38.7},{"type":"B","date":"2018-04-11T01:42:30.000Z","volume":1300,"label":" ","price":38.65},{"type":"A","date":"2018-04-11T01:42:30.000Z","volume":400,"label":" ","price":38.7},{"type":"B","date":"2018-04-11T01:42:39.000Z","volume":1100,"label":" ","price":38.65},{"type":"A","date":"2018-04-11T01:42:40.000Z","volume":200,"label":" ","price":38.7},{"type":"A","date":"2018-04-11T01:42:45.000Z","volume":1000,"label":" ","price":38.7},{"type":"A","date":"2018-04-11T01:42:46.000Z","volume":200,"label":" ","price":38.7},{"type":"U","date":"2018-04-11T01:42:50.000Z","volume":1600,"label":" ","price":38.65},{"type":"A","date":"2018-04-11T01:42:52.000Z","volume":200,"label":" ","price":38.7},{"type":"B","date":"2018-04-11T01:42:54.000Z","volume":500,"label":" ","price":38.65},{"type":"A","date":"2018-04-11T01:42:54.000Z","volume":10400,"label":" ","price":38.65},{"type":"A","date":"2018-04-11T01:42:54.000Z","volume":1300,"label":" ","price":38.65},{"type":"A","date":"2018-04-11T01:42:54.000Z","volume":2700,"label":" ","price":38.65},{"type":"A","date":"2018-04-11T01:42:56.000Z","volume":900,"label":" ","price":38.7},{"type":"A","date":"2018-04-11T01:43:03.000Z","volume":15100,"label":" ","price":38.7},{"type":"B","date":"2018-04-11T01:43:04.000Z","volume":1600,"label":" ","price":38.65},{"type":"A","date":"2018-04-11T01:43:04.000Z","volume":1400,"label":" ","price":38.7},{"type":"U","date":"2018-04-11T01:43:11.000Z","volume":1100,"label":" ","price":38.65},{"type":"A","date":"2018-04-11T01:43:12.000Z","volume":700,"label":" ","price":38.7},{"type":"U","date":"2018-04-11T01:43:18.000Z","volume":1600,"label":" ","price":38.65},{"type":"A","date":"2018-04-11T01:43:20.000Z","volume":500,"label":" ","price":38.7},{"type":"B","date":"2018-04-11T01:43:21.000Z","volume":1100,"label":" ","price":38.65},{"type":"A","date":"2018-04-11T01:43:22.000Z","volume":300,"label":" ","price":38.7},{"type":"B","date":"2018-04-11T01:43:24.000Z","volume":1100,"label":" ","price":38.65},{"type":"A","date":"2018-04-11T01:43:26.000Z","volume":200,"label":" ","price":38.7},{"type":"B","date":"2018-04-11T01:43:27.000Z","volume":1100,"label":" ","price":38.65},{"type":"A","date":"2018-04-11T01:43:28.000Z","volume":200,"label":" ","price":38.7},{"type":"A","date":"2018-04-11T01:43:35.000Z","volume":9100,"label":" ","price":38.7},{"type":"A","date":"2018-04-11T01:43:35.000Z","volume":3900,"label":" ","price":38.75},{"type":"A","date":"2018-04-11T01:43:35.000Z","volume":27600,"label":" ","price":38.7},{"type":"A","date":"2018-04-11T01:43:35.000Z","volume":3900,"label":" ","price":38.8},{"type":"A","date":"2018-04-11T01:43:44.000Z","volume":1000,"label":" ","price":38.75},{"type":"B","date":"2018-04-11T01:43:45.000Z","volume":10000,"label":" ","price":38.7},{"type":"A","date":"2018-04-11T01:43:46.000Z","volume":2900,"label":"Y","price":38.75},{"type":"A","date":"2018-04-11T01:43:46.000Z","volume":200,"label":" ","price":38.75},{"type":"A","date":"2018-04-11T01:43:47.000Z","volume":100,"label":" ","price":38.75},{"type":"A","date":"2018-04-11T01:43:47.000Z","volume":100,"label":" ","price":38.75},{"type":"A","date":"2018-04-11T01:43:51.000Z","volume":1000,"label":" ","price":38.75},{"type":"A","date":"2018-04-11T01:43:53.000Z","volume":1600,"label":" ","price":38.75},{"type":"A","date":"2018-04-11T01:44:42.000Z","volume":18000,"label":" ","price":38.75},{"type":"A","date":"2018-04-11T01:44:42.000Z","volume":5300,"label":" ","price":38.75},{"type":"A","date":"2018-04-11T01:44:42.000Z","volume":1300,"label":" ","price":38.75},{"type":"A","date":"2018-04-11T01:44:44.000Z","volume":5300,"label":" ","price":38.75},{"type":"A","date":"2018-04-11T01:44:44.000Z","volume":1000,"label":" ","price":38.75},{"type":"A","date":"2018-04-11T01:44:49.000Z","volume":700,"label":" ","price":38.75},{"type":"A","date":"2018-04-11T01:44:50.000Z","volume":500,"label":" ","price":38.75},{"type":"A","date":"2018-04-11T01:44:54.000Z","volume":1000,"label":" ","price":38.75},{"type":"A","date":"2018-04-11T01:44:56.000Z","volume":300,"label":" ","price":38.75},{"type":"A","date":"2018-04-11T01:45:00.000Z","volume":300,"label":" ","price":38.75},{"type":"A","date":"2018-04-11T01:45:03.000Z","volume":5000,"label":" ","price":38.75},{"type":"A","date":"2018-04-11T01:45:04.000Z","volume":500,"label":" ","price":38.75},{"type":"A","date":"2018-04-11T01:45:17.000Z","volume":900,"label":" ","price":38.75},{"type":"A","date":"2018-04-11T01:45:19.000Z","volume":300,"label":" ","price":38.8},{"type":"A","date":"2018-04-11T01:45:37.000Z","volume":100,"label":" ","price":38.8},{"type":"A","date":"2018-04-11T01:45:47.000Z","volume":1000,"label":" ","price":38.8},{"type":"A","date":"2018-04-11T01:45:47.000Z","volume":1000,"label":" ","price":38.8},{"type":"B","date":"2018-04-11T01:45:50.000Z","volume":5000,"label":" ","price":38.75},{"type":"A","date":"2018-04-11T01:45:52.000Z","volume":1700,"label":" ","price":38.8},{"type":"U","date":"2018-04-11T01:45:55.000Z","volume":300,"label":" ","price":38.8},{"type":"A","date":"2018-04-11T01:46:01.000Z","volume":5000,"label":" ","price":38.85},{"type":"A","date":"2018-04-11T01:46:20.000Z","volume":2000,"label":" ","price":38.8},{"type":"B","date":"2018-04-11T01:46:27.000Z","volume":600,"label":" ","price":38.75},{"type":"A","date":"2018-04-11T01:46:31.000Z","volume":100,"label":" ","price":38.8},{"type":"A","date":"2018-04-11T01:46:59.000Z","volume":5000,"label":" ","price":38.8},{"type":"B","date":"2018-04-11T01:47:06.000Z","volume":20000,"label":" ","price":38.75},{"type":"B","date":"2018-04-11T01:47:25.000Z","volume":1000,"label":" ","price":38.75},{"type":"A","date":"2018-04-11T01:47:32.000Z","volume":2000,"label":" ","price":38.75},{"type":"A","date":"2018-04-11T01:47:36.000Z","volume":900,"label":" ","price":38.8},{"type":"A","date":"2018-04-11T01:47:40.000Z","volume":3100,"label":" ","price":38.75},{"type":"A","date":"2018-04-11T01:47:40.000Z","volume":4900,"label":" ","price":38.8},{"type":"A","date":"2018-04-11T01:47:57.000Z","volume":5000,"label":" ","price":38.75},{"type":"B","date":"2018-04-11T01:48:06.000Z","volume":104400,"label":" ","price":38.7},{"type":"B","date":"2018-04-11T01:48:06.000Z","volume":32700,"label":" ","price":38.65},{"type":"B","date":"2018-04-11T01:48:06.000Z","volume":800,"label":" ","price":38.7},{"type":"B","date":"2018-04-11T01:48:06.000Z","volume":5400,"label":" ","price":38.6},{"type":"B","date":"2018-04-11T01:48:06.000Z","volume":1000,"label":" ","price":38.55},{"type":"B","date":"2018-04-11T01:48:07.000Z","volume":47000,"label":" ","price":38.5},{"type":"B","date":"2018-04-11T01:48:07.000Z","volume":200,"label":" ","price":38.45},{"type":"U","date":"2018-04-11T01:48:07.000Z","volume":8800,"label":" ","price":38.65},{"type":"A","date":"2018-04-11T01:48:09.000Z","volume":1100,"label":"Y","price":38.6},{"type":"A","date":"2018-04-11T01:48:14.000Z","volume":200,"label":" ","price":38.6},{"type":"A","date":"2018-04-11T01:48:14.000Z","volume":100,"label":" ","price":38.55},{"type":"B","date":"2018-04-11T01:48:14.000Z","volume":100,"label":" ","price":38.5},{"type":"A","date":"2018-04-11T01:48:15.000Z","volume":1000,"label":" ","price":38.55},{"type":"B","date":"2018-04-11T01:48:27.000Z","volume":1300,"label":" ","price":38.45},{"type":"A","date":"2018-04-11T01:48:27.000Z","volume":1400,"label":" ","price":38.5},{"type":"A","date":"2018-04-11T01:48:28.000Z","volume":3200,"label":" ","price":38.5},{"type":"A","date":"2018-04-11T01:48:29.000Z","volume":1300,"label":" ","price":38.5},{"type":"U","date":"2018-04-11T01:48:34.000Z","volume":500,"label":" ","price":38.5},{"type":"A","date":"2018-04-11T01:48:46.000Z","volume":1000,"label":" ","price":38.55},{"type":"A","date":"2018-04-11T01:48:49.000Z","volume":3400,"label":" ","price":38.55},{"type":"A","date":"2018-04-11T01:48:55.000Z","volume":5000,"label":" ","price":38.55},{"type":"U","date":"2018-04-11T01:49:03.000Z","volume":1000,"label":" ","price":38.5},{"type":"A","date":"2018-04-11T01:49:33.000Z","volume":9700,"label":" ","price":38.55},{"type":"A","date":"2018-04-11T01:49:39.000Z","volume":100,"label":" ","price":38.6},{"type":"A","date":"2018-04-11T01:49:53.000Z","volume":5100,"label":" ","price":38.6},{"type":"B","date":"2018-04-11T01:49:58.000Z","volume":10000,"label":" ","price":38.55},{"type":"B","date":"2018-04-11T01:49:58.000Z","volume":5600,"label":" ","price":38.55},{"type":"A","date":"2018-04-11T01:49:58.000Z","volume":3000,"label":" ","price":38.6},{"type":"B","date":"2018-04-11T01:50:09.000Z","volume":6500,"label":" ","price":38.55},{"type":"B","date":"2018-04-11T01:50:09.000Z","volume":3300,"label":" ","price":38.55},{"type":"B","date":"2018-04-11T01:50:10.000Z","volume":2000,"label":" ","price":38.5},{"type":"A","date":"2018-04-11T01:50:23.000Z","volume":1000,"label":" ","price":38.5},{"type":"B","date":"2018-04-11T01:50:41.000Z","volume":10000,"label":" ","price":38.45},{"type":"A","date":"2018-04-11T01:50:41.000Z","volume":10000,"label":" ","price":38.5},{"type":"A","date":"2018-04-11T01:50:53.000Z","volume":4800,"label":" ","price":38.5},{"type":"B","date":"2018-04-11T01:50:54.000Z","volume":200,"label":" ","price":38.5},{"type":"A","date":"2018-04-11T01:51:48.000Z","volume":100,"label":" ","price":38.5},{"type":"A","date":"2018-04-11T01:51:50.000Z","volume":3500,"label":" ","price":38.5},{"type":"B","date":"2018-04-11T01:51:54.000Z","volume":1500,"label":"Y","price":38.5},{"type":"B","date":"2018-04-11T01:51:54.000Z","volume":1000,"label":" ","price":38.5},{"type":"B","date":"2018-04-11T01:51:54.000Z","volume":3500,"label":" ","price":38.45},{"type":"U","date":"2018-04-11T01:51:57.000Z","volume":1000,"label":"X","price":38.5},{"type":"A","date":"2018-04-11T01:52:10.000Z","volume":100,"label":" ","price":38.5},{"type":"B","date":"2018-04-11T01:52:19.000Z","volume":2000,"label":" ","price":38.45},{"type":"B","date":"2018-04-11T01:52:19.000Z","volume":1800,"label":" ","price":38.45},{"type":"A","date":"2018-04-11T01:52:32.000Z","volume":1000,"label":" ","price":38.5},{"type":"B","date":"2018-04-11T01:52:34.000Z","volume":300,"label":" ","price":38.45},{"type":"A","date":"2018-04-11T01:52:38.000Z","volume":400,"label":" ","price":38.45},{"type":"A","date":"2018-04-11T01:52:41.000Z","volume":3500,"label":" ","price":38.45},{"type":"A","date":"2018-04-11T01:52:41.000Z","volume":500,"label":" ","price":38.5},{"type":"A","date":"2018-04-11T01:52:41.000Z","volume":38600,"label":" ","price":38.55},{"type":"A","date":"2018-04-11T01:52:41.000Z","volume":29900,"label":" ","price":38.55},{"type":"A","date":"2018-04-11T01:52:41.000Z","volume":700,"label":" ","price":38.55},{"type":"A","date":"2018-04-11T01:52:49.000Z","volume":1300,"label":" ","price":38.5},{"type":"B","date":"2018-04-11T01:52:56.000Z","volume":100,"label":" ","price":38.5},{"type":"B","date":"2018-04-11T01:52:58.000Z","volume":2000,"label":" ","price":38.5},{"type":"B","date":"2018-04-11T01:52:58.000Z","volume":500,"label":" ","price":38.5},{"type":"B","date":"2018-04-11T01:52:58.000Z","volume":1200,"label":" ","price":38.5},{"type":"B","date":"2018-04-11T01:52:58.000Z","volume":800,"label":" ","price":38.45},{"type":"A","date":"2018-04-11T01:53:03.000Z","volume":5400,"label":" ","price":38.45},{"type":"A","date":"2018-04-11T01:53:03.000Z","volume":1500,"label":" ","price":38.45},{"type":"A","date":"2018-04-11T01:53:03.000Z","volume":100,"label":" ","price":38.45},{"type":"U","date":"2018-04-11T01:53:12.000Z","volume":300,"label":"X","price":38.525},{"type":"B","date":"2018-04-11T01:53:20.000Z","volume":1000,"label":" ","price":38.4},{"type":"B","date":"2018-04-11T01:53:20.000Z","volume":2000,"label":" ","price":38.4},{"type":"A","date":"2018-04-11T01:53:33.000Z","volume":3900,"label":" ","price":38.4},{"type":"A","date":"2018-04-11T01:53:33.000Z","volume":700,"label":" ","price":38.4},{"type":"A","date":"2018-04-11T01:53:33.000Z","volume":200,"label":" ","price":38.4},{"type":"A","date":"2018-04-11T01:53:41.000Z","volume":100,"label":" ","price":38.4},{"type":"B","date":"2018-04-11T01:53:41.000Z","volume":100,"label":" ","price":38.4},{"type":"B","date":"2018-04-11T01:53:41.000Z","volume":800,"label":" ","price":38.4},{"type":"U","date":"2018-04-11T01:53:46.000Z","volume":1300,"label":" ","price":38.4},{"type":"B","date":"2018-04-11T01:53:51.000Z","volume":300,"label":" ","price":38.4},{"type":"A","date":"2018-04-11T01:54:39.000Z","volume":5400,"label":" ","price":38.45},{"type":"A","date":"2018-04-11T01:54:39.000Z","volume":1300,"label":" ","price":38.45},{"type":"U","date":"2018-04-11T01:54:44.000Z","volume":100,"label":"X","price":38.42},{"type":"A","date":"2018-04-11T01:54:54.000Z","volume":5000,"label":" ","price":38.5},{"type":"B","date":"2018-04-11T01:54:59.000Z","volume":1000,"label":" ","price":38.45},{"type":"A","date":"2018-04-11T01:55:07.000Z","volume":100,"label":" ","price":38.5},{"type":"B","date":"2018-04-11T01:55:12.000Z","volume":6800,"label":" ","price":38.45},{"type":"B","date":"2018-04-11T01:55:12.000Z","volume":700,"label":" ","price":38.4},{"type":"B","date":"2018-04-11T01:55:12.000Z","volume":100,"label":" ","price":38.4},{"type":"B","date":"2018-04-11T01:55:14.000Z","volume":2000,"label":" ","price":38.4},{"type":"B","date":"2018-04-11T01:55:14.000Z","volume":5600,"label":" ","price":38.4},{"type":"B","date":"2018-04-11T01:55:14.000Z","volume":2000,"label":" ","price":38.4},{"type":"B","date":"2018-04-11T01:55:14.000Z","volume":2000,"label":" ","price":38.4},{"type":"B","date":"2018-04-11T01:55:14.000Z","volume":900,"label":" ","price":38.4},{"type":"A","date":"2018-04-11T01:55:25.000Z","volume":200,"label":" ","price":38.4},{"type":"A","date":"2018-04-11T01:55:29.000Z","volume":3300,"label":" ","price":38.4},{"type":"A","date":"2018-04-11T01:55:37.000Z","volume":6600,"label":" ","price":38.4},{"type":"A","date":"2018-04-11T01:55:43.000Z","volume":5000,"label":" ","price":38.4},{"type":"B","date":"2018-04-11T01:55:49.000Z","volume":27200,"label":" ","price":38.35},{"type":"B","date":"2018-04-11T01:55:49.000Z","volume":2000,"label":"Y","price":38.3},{"type":"B","date":"2018-04-11T01:55:49.000Z","volume":20800,"label":" ","price":38.3},{"type":"B","date":"2018-04-11T01:55:49.000Z","volume":5600,"label":" ","price":38.3},{"type":"B","date":"2018-04-11T01:55:49.000Z","volume":19000,"label":" ","price":38.3},{"type":"B","date":"2018-04-11T01:55:49.000Z","volume":5600,"label":" ","price":38.3},{"type":"B","date":"2018-04-11T01:55:49.000Z","volume":1300,"label":" ","price":38.3},{"type":"B","date":"2018-04-11T01:55:49.000Z","volume":2000,"label":" ","price":38.3},{"type":"B","date":"2018-04-11T01:55:49.000Z","volume":2000,"label":" ","price":38.3},{"type":"B","date":"2018-04-11T01:55:49.000Z","volume":2000,"label":" ","price":38.3},{"type":"B","date":"2018-04-11T01:55:49.000Z","volume":1000,"label":" ","price":38.3},{"type":"B","date":"2018-04-11T01:55:49.000Z","volume":4700,"label":" ","price":38.3},{"type":"B","date":"2018-04-11T01:55:51.000Z","volume":2000,"label":" ","price":38.25},{"type":"B","date":"2018-04-11T01:55:51.000Z","volume":2000,"label":" ","price":38.25},{"type":"B","date":"2018-04-11T01:55:51.000Z","volume":5600,"label":" ","price":38.25},{"type":"B","date":"2018-04-11T01:55:51.000Z","volume":1900,"label":" ","price":38.25},{"type":"U","date":"2018-04-11T01:55:51.000Z","volume":1400,"label":" ","price":38.25},{"type":"U","date":"2018-04-11T01:55:51.000Z","volume":1300,"label":" ","price":38.25},{"type":"A","date":"2018-04-11T01:55:52.000Z","volume":1900,"label":" ","price":38.25},{"type":"A","date":"2018-04-11T01:55:53.000Z","volume":2200,"label":" ","price":38.25},{"type":"A","date":"2018-04-11T01:55:54.000Z","volume":1000,"label":" ","price":38.25},{"type":"A","date":"2018-04-11T01:55:54.000Z","volume":4000,"label":" ","price":38.3},{"type":"A","date":"2018-04-11T01:55:54.000Z","volume":400,"label":" ","price":38.25},{"type":"B","date":"2018-04-11T01:55:54.000Z","volume":900,"label":" ","price":38.25},{"type":"U","date":"2018-04-11T01:55:54.000Z","volume":400,"label":" ","price":38.25},{"type":"U","date":"2018-04-11T01:55:54.000Z","volume":900,"label":" ","price":38.25},{"type":"B","date":"2018-04-11T01:56:04.000Z","volume":1000,"label":" ","price":38.2},{"type":"B","date":"2018-04-11T01:56:04.000Z","volume":800,"label":" ","price":38.2},{"type":"B","date":"2018-04-11T01:56:06.000Z","volume":900,"label":" ","price":38.2},{"type":"B","date":"2018-04-11T01:56:07.000Z","volume":1300,"label":" ","price":38.2},{"type":"U","date":"2018-04-11T01:56:09.000Z","volume":1300,"label":" ","price":38.2},{"type":"U","date":"2018-04-11T01:56:10.000Z","volume":2200,"label":" ","price":38.2},{"type":"U","date":"2018-04-11T01:56:10.000Z","volume":900,"label":" ","price":38.2},{"type":"U","date":"2018-04-11T01:56:11.000Z","volume":1600,"label":" ","price":38.2},{"type":"U","date":"2018-04-11T01:56:12.000Z","volume":100,"label":" ","price":38.2},{"type":"U","date":"2018-04-11T01:56:12.000Z","volume":900,"label":" ","price":38.2},{"type":"A","date":"2018-04-11T01:56:16.000Z","volume":2200,"label":" ","price":38.3},{"type":"A","date":"2018-04-11T01:56:16.000Z","volume":1000,"label":" ","price":38.3},{"type":"A","date":"2018-04-11T01:56:17.000Z","volume":1300,"label":" ","price":38.35},{"type":"A","date":"2018-04-11T01:56:18.000Z","volume":1200,"label":" ","price":38.35},{"type":"A","date":"2018-04-11T01:56:18.000Z","volume":4600,"label":" ","price":38.4},{"type":"A","date":"2018-04-11T01:56:18.000Z","volume":500,"label":" ","price":38.35},{"type":"A","date":"2018-04-11T01:56:19.000Z","volume":600,"label":" ","price":38.35},{"type":"A","date":"2018-04-11T01:56:20.000Z","volume":100,"label":" ","price":38.35},{"type":"A","date":"2018-04-11T01:56:20.000Z","volume":200,"label":" ","price":38.35},{"type":"A","date":"2018-04-11T01:56:21.000Z","volume":100,"label":" ","price":38.35},{"type":"A","date":"2018-04-11T01:56:22.000Z","volume":100,"label":" ","price":38.35},{"type":"A","date":"2018-04-11T01:56:23.000Z","volume":100,"label":" ","price":38.35},{"type":"A","date":"2018-04-11T01:56:23.000Z","volume":100,"label":" ","price":38.35},{"type":"A","date":"2018-04-11T01:56:24.000Z","volume":100,"label":" ","price":38.35},{"type":"A","date":"2018-04-11T01:56:25.000Z","volume":1600,"label":" ","price":38.35},{"type":"A","date":"2018-04-11T01:56:25.000Z","volume":100,"label":" ","price":38.35},{"type":"U","date":"2018-04-11T01:56:26.000Z","volume":600,"label":" ","price":38.4},{"type":"B","date":"2018-04-11T01:56:27.000Z","volume":100,"label":" ","price":38.35},{"type":"B","date":"2018-04-11T01:56:36.000Z","volume":500,"label":" ","price":38.3},{"type":"A","date":"2018-04-11T01:56:37.000Z","volume":3700,"label":" ","price":38.4},{"type":"A","date":"2018-04-11T01:56:39.000Z","volume":5900,"label":" ","price":38.4},{"type":"A","date":"2018-04-11T01:56:41.000Z","volume":4300,"label":" ","price":38.4},{"type":"A","date":"2018-04-11T01:56:41.000Z","volume":700,"label":" ","price":38.4},{"type":"B","date":"2018-04-11T01:56:53.000Z","volume":1300,"label":" ","price":38.4},{"type":"A","date":"2018-04-11T01:57:01.000Z","volume":1000,"label":" ","price":38.45},{"type":"B","date":"2018-04-11T01:57:10.000Z","volume":3900,"label":" ","price":38.4},{"type":"B","date":"2018-04-11T01:57:10.000Z","volume":21800,"label":" ","price":38.35},{"type":"B","date":"2018-04-11T01:57:10.000Z","volume":2400,"label":" ","price":38.3},{"type":"B","date":"2018-04-11T01:57:10.000Z","volume":1900,"label":" ","price":38.3},{"type":"B","date":"2018-04-11T01:57:10.000Z","volume":1900,"label":" ","price":38.3},{"type":"B","date":"2018-04-11T01:57:10.000Z","volume":2300,"label":" ","price":38.25},{"type":"B","date":"2018-04-11T01:57:10.000Z","volume":1500,"label":" ","price":38.3},{"type":"B","date":"2018-04-11T01:57:10.000Z","volume":400,"label":" ","price":38.3},{"type":"B","date":"2018-04-11T01:57:10.000Z","volume":500,"label":" ","price":38.25},{"type":"A","date":"2018-04-11T01:57:14.000Z","volume":3500,"label":" ","price":38.3},{"type":"A","date":"2018-04-11T01:57:14.000Z","volume":900,"label":" ","price":38.3},{"type":"B","date":"2018-04-11T01:57:14.000Z","volume":600,"label":" ","price":38.25},{"type":"A","date":"2018-04-11T01:57:15.000Z","volume":1000,"label":" ","price":38.3},{"type":"A","date":"2018-04-11T01:57:16.000Z","volume":400,"label":" ","price":38.3},{"type":"A","date":"2018-04-11T01:57:16.000Z","volume":100,"label":" ","price":38.3},{"type":"B","date":"2018-04-11T01:57:27.000Z","volume":300,"label":" ","price":38.3},{"type":"A","date":"2018-04-11T01:57:40.000Z","volume":5000,"label":" ","price":38.35},{"type":"A","date":"2018-04-11T01:57:40.000Z","volume":1500,"label":" ","price":38.35},{"type":"B","date":"2018-04-11T01:57:40.000Z","volume":500,"label":" ","price":38.3},{"type":"B","date":"2018-04-11T01:57:40.000Z","volume":800,"label":" ","price":38.3},{"type":"A","date":"2018-04-11T01:58:15.000Z","volume":3700,"label":" ","price":38.35},{"type":"B","date":"2018-04-11T01:58:21.000Z","volume":600,"label":" ","price":38.3},{"type":"A","date":"2018-04-11T01:58:26.000Z","volume":1400,"label":" ","price":38.35},{"type":"B","date":"2018-04-11T01:58:29.000Z","volume":5000,"label":" ","price":38.3},{"type":"B","date":"2018-04-11T01:58:29.000Z","volume":1500,"label":" ","price":38.3},{"type":"B","date":"2018-04-11T01:58:29.000Z","volume":2000,"label":" ","price":38.3},{"type":"B","date":"2018-04-11T01:58:29.000Z","volume":2000,"label":" ","price":38.3},{"type":"B","date":"2018-04-11T01:58:29.000Z","volume":900,"label":" ","price":38.3},{"type":"B","date":"2018-04-11T01:58:29.000Z","volume":800,"label":" ","price":38.3},{"type":"B","date":"2018-04-11T01:58:29.000Z","volume":100,"label":" ","price":38.25},{"type":"A","date":"2018-04-11T01:58:30.000Z","volume":9200,"label":" ","price":38.3},{"type":"A","date":"2018-04-11T01:58:30.000Z","volume":4600,"label":" ","price":38.3},{"type":"A","date":"2018-04-11T01:58:30.000Z","volume":4500,"label":" ","price":38.3},{"type":"A","date":"2018-04-11T01:58:30.000Z","volume":1500,"label":" ","price":38.3},{"type":"B","date":"2018-04-11T01:58:30.000Z","volume":700,"label":" ","price":38.3},{"type":"B","date":"2018-04-11T01:58:30.000Z","volume":600,"label":" ","price":38.3},{"type":"B","date":"2018-04-11T01:58:36.000Z","volume":200,"label":" ","price":38.3},{"type":"A","date":"2018-04-11T01:58:38.000Z","volume":5000,"label":" ","price":38.35},{"type":"B","date":"2018-04-11T01:58:43.000Z","volume":100,"label":" ","price":38.3},{"type":"B","date":"2018-04-11T01:58:43.000Z","volume":14800,"label":" ","price":38.25},{"type":"B","date":"2018-04-11T01:58:43.000Z","volume":5100,"label":" ","price":38.2},{"type":"U","date":"2018-04-11T01:58:44.000Z","volume":800,"label":" ","price":38.2},{"type":"B","date":"2018-04-11T01:58:45.000Z","volume":800,"label":" ","price":38.2},{"type":"B","date":"2018-04-11T01:58:48.000Z","volume":800,"label":" ","price":38.2},{"type":"U","date":"2018-04-11T01:58:54.000Z","volume":1500,"label":" ","price":38.2},{"type":"B","date":"2018-04-11T01:59:03.000Z","volume":1000,"label":"Y","price":38.15},{"type":"B","date":"2018-04-11T01:59:03.000Z","volume":1900,"label":" ","price":38.15},{"type":"B","date":"2018-04-11T01:59:03.000Z","volume":6100,"label":" ","price":38.1},{"type":"B","date":"2018-04-11T01:59:03.000Z","volume":7300,"label":" ","price":38.1},{"type":"B","date":"2018-04-11T01:59:04.000Z","volume":1400,"label":" ","price":38.1},{"type":"B","date":"2018-04-11T01:59:04.000Z","volume":100,"label":" ","price":38.1},{"type":"B","date":"2018-04-11T01:59:04.000Z","volume":500,"label":" ","price":38.1},{"type":"U","date":"2018-04-11T01:59:06.000Z","volume":200,"label":" ","price":38.15},{"type":"A","date":"2018-04-11T01:59:13.000Z","volume":1000,"label":" ","price":38.2},{"type":"A","date":"2018-04-11T01:59:22.000Z","volume":2800,"label":" ","price":38.2},{"type":"A","date":"2018-04-11T01:59:28.000Z","volume":9000,"label":" ","price":38.25},{"type":"A","date":"2018-04-11T01:59:32.000Z","volume":5300,"label":" ","price":38.3},{"type":"A","date":"2018-04-11T01:59:36.000Z","volume":5100,"label":" ","price":38.3},{"type":"U","date":"2018-04-11T01:59:44.000Z","volume":3800,"label":" ","price":38.25},{"type":"A","date":"2018-04-11T01:59:57.000Z","volume":1400,"label":" ","price":38.25},{"type":"A","date":"2018-04-11T01:59:57.000Z","volume":600,"label":" ","price":38.25},{"type":"B","date":"2018-04-11T02:00:00.000Z","volume":4500,"label":" ","price":38.25},{"type":"B","date":"2018-04-11T02:00:00.000Z","volume":1100,"label":" ","price":38.2},{"type":"B","date":"2018-04-11T02:00:13.000Z","volume":19200,"label":" ","price":38.2},{"type":"B","date":"2018-04-11T02:00:13.000Z","volume":7300,"label":" ","price":38.15},{"type":"B","date":"2018-04-11T02:00:13.000Z","volume":900,"label":" ","price":38.2},{"type":"B","date":"2018-04-11T02:00:13.000Z","volume":400,"label":" ","price":38.2},{"type":"B","date":"2018-04-11T02:00:13.000Z","volume":1000,"label":" ","price":38.2},{"type":"B","date":"2018-04-11T02:00:13.000Z","volume":400,"label":" ","price":38.15},{"type":"B","date":"2018-04-11T02:00:13.000Z","volume":1500,"label":" ","price":38.2},{"type":"B","date":"2018-04-11T02:00:13.000Z","volume":700,"label":" ","price":38.2},{"type":"B","date":"2018-04-11T02:00:13.000Z","volume":800,"label":" ","price":38.15},{"type":"B","date":"2018-04-11T02:00:13.000Z","volume":2100,"label":" ","price":38.2},{"type":"B","date":"2018-04-11T02:00:13.000Z","volume":300,"label":" ","price":38.2},{"type":"B","date":"2018-04-11T02:00:13.000Z","volume":500,"label":" ","price":38.2},{"type":"B","date":"2018-04-11T02:00:13.000Z","volume":200,"label":" ","price":38.2},{"type":"B","date":"2018-04-11T02:00:13.000Z","volume":100,"label":" ","price":38.15},{"type":"A","date":"2018-04-11T02:00:26.000Z","volume":3000,"label":" ","price":38.2},{"type":"A","date":"2018-04-11T02:00:33.000Z","volume":2900,"label":" ","price":38.2},{"type":"A","date":"2018-04-11T02:00:33.000Z","volume":1400,"label":" ","price":38.2},{"type":"A","date":"2018-04-11T02:00:33.000Z","volume":2600,"label":" ","price":38.2},{"type":"B","date":"2018-04-11T02:00:46.000Z","volume":1000,"label":" ","price":38.2},{"type":"B","date":"2018-04-11T02:00:55.000Z","volume":1500,"label":" ","price":38.2},{"type":"B","date":"2018-04-11T02:01:11.000Z","volume":4100,"label":" ","price":38.2},{"type":"B","date":"2018-04-11T02:01:11.000Z","volume":1200,"label":" ","price":38.15},{"type":"B","date":"2018-04-11T02:01:11.000Z","volume":100,"label":" ","price":38.15},{"type":"A","date":"2018-04-11T02:01:15.000Z","volume":1000,"label":" ","price":38.2},{"type":"B","date":"2018-04-11T02:01:15.000Z","volume":400,"label":" ","price":38.15},{"type":"A","date":"2018-04-11T02:01:19.000Z","volume":10700,"label":" ","price":38.2},{"type":"A","date":"2018-04-11T02:01:28.000Z","volume":5600,"label":" ","price":38.2},{"type":"A","date":"2018-04-11T02:01:28.000Z","volume":2200,"label":" ","price":38.2},{"type":"B","date":"2018-04-11T02:01:30.000Z","volume":9600,"label":" ","price":38.2},{"type":"A","date":"2018-04-11T02:01:32.000Z","volume":2600,"label":" ","price":38.2},{"type":"A","date":"2018-04-11T02:01:32.000Z","volume":2100,"label":" ","price":38.25},{"type":"A","date":"2018-04-11T02:01:32.000Z","volume":300,"label":" ","price":38.25},{"type":"A","date":"2018-04-11T02:01:32.000Z","volume":800,"label":" ","price":38.2},{"type":"B","date":"2018-04-11T02:01:33.000Z","volume":800,"label":" ","price":38.2},{"type":"A","date":"2018-04-11T02:01:52.000Z","volume":3000,"label":" ","price":38.2},{"type":"A","date":"2018-04-11T02:01:52.000Z","volume":3400,"label":" ","price":38.2},{"type":"A","date":"2018-04-11T02:01:52.000Z","volume":800,"label":" ","price":38.2},{"type":"A","date":"2018-04-11T02:01:52.000Z","volume":1500,"label":" ","price":38.2},{"type":"A","date":"2018-04-11T02:01:52.000Z","volume":700,"label":" ","price":38.2},{"type":"A","date":"2018-04-11T02:01:54.000Z","volume":2000,"label":" ","price":38.2},{"type":"A","date":"2018-04-11T02:01:54.000Z","volume":100,"label":" ","price":38.2},{"type":"A","date":"2018-04-11T02:01:54.000Z","volume":900,"label":" ","price":38.2},{"type":"A","date":"2018-04-11T02:01:54.000Z","volume":1300,"label":" ","price":38.25},{"type":"U","date":"2018-04-11T02:01:54.000Z","volume":800,"label":" ","price":38.2},{"type":"U","date":"2018-04-11T02:01:55.000Z","volume":800,"label":" ","price":38.2},{"type":"B","date":"2018-04-11T02:01:56.000Z","volume":5000,"label":" ","price":38.2},{"type":"B","date":"2018-04-11T02:02:09.000Z","volume":800,"label":" ","price":38.2},{"type":"U","date":"2018-04-11T02:02:10.000Z","volume":800,"label":" ","price":38.2},{"type":"U","date":"2018-04-11T02:02:11.000Z","volume":1200,"label":" ","price":38.2},{"type":"A","date":"2018-04-11T02:02:11.000Z","volume":2200,"label":" ","price":38.25},{"type":"A","date":"2018-04-11T02:02:11.000Z","volume":1100,"label":" ","price":38.25},{"type":"U","date":"2018-04-11T02:02:11.000Z","volume":800,"label":" ","price":38.2},{"type":"U","date":"2018-04-11T02:02:11.000Z","volume":100,"label":" ","price":38.2},{"type":"B","date":"2018-04-11T02:02:12.000Z","volume":1200,"label":" ","price":38.2},{"type":"U","date":"2018-04-11T02:02:14.000Z","volume":800,"label":" ","price":38.2},{"type":"B","date":"2018-04-11T02:02:15.000Z","volume":800,"label":" ","price":38.2},{"type":"U","date":"2018-04-11T02:02:15.000Z","volume":600,"label":" ","price":38.2},{"type":"U","date":"2018-04-11T02:02:16.000Z","volume":800,"label":" ","price":38.2},{"type":"U","date":"2018-04-11T02:02:17.000Z","volume":1000,"label":" ","price":38.2},{"type":"U","date":"2018-04-11T02:02:18.000Z","volume":7500,"label":" ","price":38.2},{"type":"B","date":"2018-04-11T02:02:18.000Z","volume":2300,"label":" ","price":38.15},{"type":"B","date":"2018-04-11T02:02:18.000Z","volume":200,"label":" ","price":38.15},{"type":"U","date":"2018-04-11T02:02:18.000Z","volume":800,"label":" ","price":38.2},{"type":"B","date":"2018-04-11T02:02:18.000Z","volume":300,"label":" ","price":38.15},{"type":"U","date":"2018-04-11T02:02:20.000Z","volume":20500,"label":" ","price":38.2},{"type":"B","date":"2018-04-11T02:02:20.000Z","volume":7700,"label":" ","price":38.15},{"type":"B","date":"2018-04-11T02:02:20.000Z","volume":500,"label":" ","price":38.15},{"type":"B","date":"2018-04-11T02:02:20.000Z","volume":100,"label":" ","price":38.15},{"type":"A","date":"2018-04-11T02:02:22.000Z","volume":1300,"label":" ","price":38.25},{"type":"A","date":"2018-04-11T02:02:30.000Z","volume":5000,"label":" ","price":38.25},{"type":"B","date":"2018-04-11T02:02:30.000Z","volume":1900,"label":" ","price":38.15},{"type":"B","date":"2018-04-11T02:02:30.000Z","volume":100,"label":" ","price":38.15},{"type":"A","date":"2018-04-11T02:02:31.000Z","volume":500,"label":" ","price":38.25},{"type":"B","date":"2018-04-11T02:02:33.000Z","volume":200,"label":" ","price":38.15},{"type":"B","date":"2018-04-11T02:02:33.000Z","volume":100,"label":" ","price":38.15},{"type":"A","date":"2018-04-11T02:02:33.000Z","volume":9800,"label":" ","price":38.25},{"type":"A","date":"2018-04-11T02:02:33.000Z","volume":1800,"label":" ","price":38.25},{"type":"A","date":"2018-04-11T02:02:33.000Z","volume":1800,"label":" ","price":38.25},{"type":"A","date":"2018-04-11T02:02:33.000Z","volume":4800,"label":" ","price":38.25},{"type":"A","date":"2018-04-11T02:02:33.000Z","volume":3300,"label":" ","price":38.25},{"type":"B","date":"2018-04-11T02:02:33.000Z","volume":1200,"label":" ","price":38.2},{"type":"U","date":"2018-04-11T02:02:33.000Z","volume":800,"label":" ","price":38.2},{"type":"A","date":"2018-04-11T02:02:47.000Z","volume":4600,"label":" ","price":38.25},{"type":"A","date":"2018-04-11T02:02:47.000Z","volume":1800,"label":" ","price":38.25},{"type":"A","date":"2018-04-11T02:02:47.000Z","volume":500,"label":" ","price":38.25},{"type":"A","date":"2018-04-11T02:02:47.000Z","volume":2600,"label":" ","price":38.25},{"type":"A","date":"2018-04-11T02:02:47.000Z","volume":1300,"label":" ","price":38.25},{"type":"B","date":"2018-04-11T02:02:47.000Z","volume":900,"label":" ","price":38.2},{"type":"U","date":"2018-04-11T02:02:47.000Z","volume":1300,"label":" ","price":38.2},{"type":"A","date":"2018-04-11T02:02:48.000Z","volume":1000,"label":" ","price":38.25},{"type":"A","date":"2018-04-11T02:02:48.000Z","volume":500,"label":" ","price":38.25},{"type":"U","date":"2018-04-11T02:02:48.000Z","volume":900,"label":" ","price":38.2},{"type":"B","date":"2018-04-11T02:02:52.000Z","volume":900,"label":" ","price":38.2},{"type":"B","date":"2018-04-11T02:02:53.000Z","volume":900,"label":" ","price":38.2},{"type":"U","date":"2018-04-11T02:02:54.000Z","volume":900,"label":" ","price":38.2},{"type":"A","date":"2018-04-11T02:02:57.000Z","volume":4000,"label":" ","price":38.25},{"type":"A","date":"2018-04-11T02:02:57.000Z","volume":16000,"label":" ","price":38.3},{"type":"A","date":"2018-04-11T02:02:57.000Z","volume":17500,"label":" ","price":38.3},{"type":"A","date":"2018-04-11T02:02:57.000Z","volume":1800,"label":" ","price":38.25},{"type":"U","date":"2018-04-11T02:02:57.000Z","volume":1300,"label":" ","price":38.2},{"type":"B","date":"2018-04-11T02:02:57.000Z","volume":9800,"label":" ","price":38.15},{"type":"A","date":"2018-04-11T02:02:57.000Z","volume":1900,"label":" ","price":38.25},{"type":"B","date":"2018-04-11T02:02:57.000Z","volume":900,"label":" ","price":38.25},{"type":"U","date":"2018-04-11T02:02:57.000Z","volume":1300,"label":" ","price":38.2},{"type":"U","date":"2018-04-11T02:02:58.000Z","volume":1300,"label":" ","price":38.2},{"type":"B","date":"2018-04-11T02:03:00.000Z","volume":5000,"label":" ","price":38.15},{"type":"B","date":"2018-04-11T02:03:00.000Z","volume":1600,"label":" ","price":38.15},{"type":"B","date":"2018-04-11T02:03:00.000Z","volume":100,"label":" ","price":38.15},{"type":"U","date":"2018-04-11T02:03:18.000Z","volume":900,"label":" ","price":38.2},{"type":"B","date":"2018-04-11T02:03:18.000Z","volume":400,"label":" ","price":38.15},{"type":"U","date":"2018-04-11T02:03:18.000Z","volume":1000,"label":" ","price":38.2},{"type":"B","date":"2018-04-11T02:03:18.000Z","volume":400,"label":" ","price":38.15},{"type":"U","date":"2018-04-11T02:03:22.000Z","volume":900,"label":" ","price":38.2},{"type":"B","date":"2018-04-11T02:03:22.000Z","volume":400,"label":" ","price":38.15},{"type":"B","date":"2018-04-11T02:03:25.000Z","volume":900,"label":" ","price":38.2},{"type":"B","date":"2018-04-11T02:03:25.000Z","volume":300,"label":" ","price":38.15},{"type":"B","date":"2018-04-11T02:03:25.000Z","volume":100,"label":" ","price":38.15},{"type":"A","date":"2018-04-11T02:03:29.000Z","volume":5000,"label":" ","price":38.3},{"type":"B","date":"2018-04-11T02:03:29.000Z","volume":600,"label":" ","price":38.15},{"type":"U","date":"2018-04-11T02:03:36.000Z","volume":900,"label":" ","price":38.2},{"type":"B","date":"2018-04-11T02:03:36.000Z","volume":400,"label":" ","price":38.15},{"type":"U","date":"2018-04-11T02:03:36.000Z","volume":1200,"label":" ","price":38.25},{"type":"B","date":"2018-04-11T02:03:36.000Z","volume":500,"label":" ","price":38.15},{"type":"U","date":"2018-04-11T02:03:36.000Z","volume":1200,"label":" ","price":38.25},{"type":"U","date":"2018-04-11T02:03:36.000Z","volume":500,"label":" ","price":38.25},{"type":"U","date":"2018-04-11T02:03:36.000Z","volume":100,"label":" ","price":38.25},{"type":"B","date":"2018-04-11T02:03:36.000Z","volume":100,"label":" ","price":38.15},{"type":"U","date":"2018-04-11T02:03:36.000Z","volume":1300,"label":" ","price":38.2},{"type":"B","date":"2018-04-11T02:03:36.000Z","volume":500,"label":" ","price":38.15},{"type":"U","date":"2018-04-11T02:03:36.000Z","volume":1200,"label":" ","price":38.25},{"type":"U","date":"2018-04-11T02:03:36.000Z","volume":500,"label":" ","price":38.25},{"type":"U","date":"2018-04-11T02:03:36.000Z","volume":100,"label":" ","price":38.25},{"type":"B","date":"2018-04-11T02:03:37.000Z","volume":1300,"label":" ","price":38.2},{"type":"B","date":"2018-04-11T02:03:37.000Z","volume":600,"label":" ","price":38.15},{"type":"A","date":"2018-04-11T02:03:37.000Z","volume":200,"label":" ","price":38.25},{"type":"B","date":"2018-04-11T02:03:37.000Z","volume":100,"label":" ","price":38.25},{"type":"B","date":"2018-04-11T02:03:37.000Z","volume":500,"label":" ","price":38.25},{"type":"B","date":"2018-04-11T02:03:37.000Z","volume":700,"label":" ","price":38.25},{"type":"B","date":"2018-04-11T02:03:37.000Z","volume":600,"label":" ","price":38.25},{"type":"A","date":"2018-04-11T02:03:51.000Z","volume":8600,"label":" ","price":38.3},{"type":"A","date":"2018-04-11T02:03:51.000Z","volume":2000,"label":" ","price":38.3},{"type":"B","date":"2018-04-11T02:03:54.000Z","volume":100,"label":" ","price":38.25},{"type":"B","date":"2018-04-11T02:03:54.000Z","volume":500,"label":" ","price":38.2},{"type":"A","date":"2018-04-11T02:03:56.000Z","volume":2000,"label":" ","price":38.3},{"type":"U","date":"2018-04-11T02:03:57.000Z","volume":900,"label":"X","price":38.3},{"type":"B","date":"2018-04-11T02:04:15.000Z","volume":19000,"label":" ","price":38.2},{"type":"B","date":"2018-04-11T02:04:15.000Z","volume":1000,"label":" ","price":38.2},{"type":"B","date":"2018-04-11T02:04:15.000Z","volume":6600,"label":" ","price":38.15},{"type":"B","date":"2018-04-11T02:04:15.000Z","volume":400,"label":" ","price":38.15},{"type":"B","date":"2018-04-11T02:04:15.000Z","volume":100,"label":" ","price":38.15},{"type":"A","date":"2018-04-11T02:04:16.000Z","volume":2000,"label":" ","price":38.25},{"type":"B","date":"2018-04-11T02:04:17.000Z","volume":700,"label":" ","price":38.15},{"type":"B","date":"2018-04-11T02:04:17.000Z","volume":100,"label":" ","price":38.15},{"type":"A","date":"2018-04-11T02:04:28.000Z","volume":5000,"label":" ","price":38.2},{"type":"B","date":"2018-04-11T02:04:28.000Z","volume":100,"label":" ","price":38.15},{"type":"U","date":"2018-04-11T02:04:35.000Z","volume":100,"label":"X","price":38.263},{"type":"B","date":"2018-04-11T02:04:52.000Z","volume":4500,"label":" ","price":38.15},{"type":"B","date":"2018-04-11T02:04:52.000Z","volume":5800,"label":"Y","price":38.1},{"type":"B","date":"2018-04-11T02:04:52.000Z","volume":3200,"label":" ","price":38.1},{"type":"B","date":"2018-04-11T02:04:52.000Z","volume":5300,"label":" ","price":38.1},{"type":"B","date":"2018-04-11T02:04:52.000Z","volume":400,"label":" ","price":38.1},{"type":"B","date":"2018-04-11T02:05:03.000Z","volume":15000,"label":" ","price":38.15},{"type":"B","date":"2018-04-11T02:05:03.000Z","volume":2000,"label":" ","price":38.15},{"type":"B","date":"2018-04-11T02:05:03.000Z","volume":5900,"label":" ","price":38.15},{"type":"B","date":"2018-04-11T02:05:03.000Z","volume":2000,"label":" ","price":38.15},{"type":"B","date":"2018-04-11T02:05:03.000Z","volume":2000,"label":" ","price":38.15},{"type":"B","date":"2018-04-11T02:05:03.000Z","volume":2000,"label":" ","price":38.15},{"type":"B","date":"2018-04-11T02:05:03.000Z","volume":2000,"label":" ","price":38.15},{"type":"B","date":"2018-04-11T02:05:03.000Z","volume":1300,"label":" ","price":38.15},{"type":"B","date":"2018-04-11T02:05:03.000Z","volume":1800,"label":" ","price":38.1},{"type":"B","date":"2018-04-11T02:05:03.000Z","volume":3100,"label":" ","price":38.1},{"type":"B","date":"2018-04-11T02:05:03.000Z","volume":300,"label":" ","price":38.1},{"type":"A","date":"2018-04-11T02:05:05.000Z","volume":2000,"label":" ","price":38.15},{"type":"A","date":"2018-04-11T02:05:05.000Z","volume":2600,"label":" ","price":38.15},{"type":"A","date":"2018-04-11T02:05:08.000Z","volume":1000,"label":" ","price":38.15},{"type":"A","date":"2018-04-11T02:05:20.000Z","volume":500,"label":" ","price":38.15},{"type":"A","date":"2018-04-11T02:05:21.000Z","volume":3000,"label":" ","price":38.15},{"type":"A","date":"2018-04-11T02:05:25.000Z","volume":3800,"label":" ","price":38.15},{"type":"B","date":"2018-04-11T02:05:25.000Z","volume":1200,"label":" ","price":38.15},{"type":"A","date":"2018-04-11T02:05:25.000Z","volume":100,"label":" ","price":38.15},{"type":"A","date":"2018-04-11T02:05:29.000Z","volume":100,"label":" ","price":38.15},{"type":"A","date":"2018-04-11T02:05:30.000Z","volume":100,"label":" ","price":38.15},{"type":"A","date":"2018-04-11T02:05:49.000Z","volume":5000,"label":" ","price":38.15},{"type":"A","date":"2018-04-11T02:05:52.000Z","volume":2600,"label":" ","price":38.15},{"type":"A","date":"2018-04-11T02:05:52.000Z","volume":1200,"label":" ","price":38.15},{"type":"A","date":"2018-04-11T02:06:02.000Z","volume":5900,"label":" ","price":38.2},{"type":"A","date":"2018-04-11T02:06:10.000Z","volume":500,"label":" ","price":38.2},{"type":"A","date":"2018-04-11T02:06:20.000Z","volume":300,"label":" ","price":38.2},{"type":"U","date":"2018-04-11T02:06:23.000Z","volume":5000,"label":" ","price":38.2},{"type":"A","date":"2018-04-11T02:06:45.000Z","volume":7300,"label":" ","price":38.2},{"type":"A","date":"2018-04-11T02:06:45.000Z","volume":2000,"label":" ","price":38.2},{"type":"A","date":"2018-04-11T02:06:45.000Z","volume":1600,"label":" ","price":38.2},{"type":"B","date":"2018-04-11T02:06:57.000Z","volume":17500,"label":" ","price":38.2},{"type":"B","date":"2018-04-11T02:06:58.000Z","volume":20000,"label":" ","price":38.2},{"type":"B","date":"2018-04-11T02:06:58.000Z","volume":3500,"label":" ","price":38.15},{"type":"B","date":"2018-04-11T02:06:58.000Z","volume":300,"label":" ","price":38.15},{"type":"A","date":"2018-04-11T02:07:00.000Z","volume":5600,"label":" ","price":38.2},{"type":"A","date":"2018-04-11T02:07:00.000Z","volume":1500,"label":" ","price":38.2},{"type":"B","date":"2018-04-11T02:07:00.000Z","volume":1300,"label":" ","price":38.2},{"type":"B","date":"2018-04-11T02:07:00.000Z","volume":1200,"label":" ","price":38.2},{"type":"B","date":"2018-04-11T02:07:00.000Z","volume":600,"label":" ","price":38.2},{"type":"B","date":"2018-04-11T02:07:06.000Z","volume":1200,"label":" ","price":38.15},{"type":"B","date":"2018-04-11T02:07:08.000Z","volume":9400,"label":" ","price":38.15},{"type":"B","date":"2018-04-11T02:07:10.000Z","volume":300,"label":" ","price":38.15},{"type":"B","date":"2018-04-11T02:07:13.000Z","volume":15000,"label":" ","price":38.15},{"type":"B","date":"2018-04-11T02:07:13.000Z","volume":2000,"label":" ","price":38.15},{"type":"B","date":"2018-04-11T02:07:13.000Z","volume":4000,"label":"Y","price":38.15},{"type":"B","date":"2018-04-11T02:07:13.000Z","volume":1900,"label":" ","price":38.15},{"type":"B","date":"2018-04-11T02:07:13.000Z","volume":2500,"label":" ","price":38.15},{"type":"B","date":"2018-04-11T02:07:13.000Z","volume":800,"label":" ","price":38.1},{"type":"B","date":"2018-04-11T02:07:13.000Z","volume":300,"label":" ","price":38.1},{"type":"B","date":"2018-04-11T02:07:13.000Z","volume":1200,"label":" ","price":38.1},{"type":"A","date":"2018-04-11T02:07:21.000Z","volume":4000,"label":" ","price":38.15},{"type":"B","date":"2018-04-11T02:07:21.000Z","volume":1000,"label":" ","price":38.15},{"type":"U","date":"2018-04-11T02:07:21.000Z","volume":400,"label":" ","price":38.15},{"type":"A","date":"2018-04-11T02:07:38.000Z","volume":10000,"label":" ","price":38.2},{"type":"B","date":"2018-04-11T02:07:38.000Z","volume":2400,"label":" ","price":38.15},{"type":"B","date":"2018-04-11T02:07:39.000Z","volume":100,"label":" ","price":38.15},{"type":"B","date":"2018-04-11T02:07:39.000Z","volume":100,"label":" ","price":38.15},{"type":"B","date":"2018-04-11T02:07:48.000Z","volume":3200,"label":" ","price":38.15},{"type":"A","date":"2018-04-11T02:08:19.000Z","volume":5000,"label":" ","price":38.2},{"type":"B","date":"2018-04-11T02:08:19.000Z","volume":1800,"label":" ","price":38.15},{"type":"B","date":"2018-04-11T02:08:22.000Z","volume":300,"label":" ","price":38.15},{"type":"B","date":"2018-04-11T02:08:34.000Z","volume":1300,"label":" ","price":38.15},{"type":"B","date":"2018-04-11T02:08:34.000Z","volume":300,"label":" ","price":38.1},{"type":"B","date":"2018-04-11T02:08:34.000Z","volume":100,"label":" ","price":38.1},{"type":"B","date":"2018-04-11T02:09:00.000Z","volume":2000,"label":" ","price":38.1},{"type":"B","date":"2018-04-11T02:09:00.000Z","volume":700,"label":" ","price":38.1},{"type":"B","date":"2018-04-11T02:09:00.000Z","volume":100,"label":" ","price":38.1},{"type":"A","date":"2018-04-11T02:09:08.000Z","volume":6500,"label":" ","price":38.15},{"type":"B","date":"2018-04-11T02:09:14.000Z","volume":4100,"label":" ","price":38.15},{"type":"B","date":"2018-04-11T02:09:14.000Z","volume":800,"label":" ","price":38.1},{"type":"A","date":"2018-04-11T02:09:18.000Z","volume":900,"label":"Y","price":38.15},{"type":"A","date":"2018-04-11T02:09:18.000Z","volume":4200,"label":" ","price":38.15},{"type":"U","date":"2018-04-11T02:09:18.000Z","volume":1700,"label":" ","price":38.15},{"type":"B","date":"2018-04-11T02:09:23.000Z","volume":1100,"label":" ","price":38.15},{"type":"A","date":"2018-04-11T02:09:54.000Z","volume":30600,"label":" ","price":38.2},{"type":"A","date":"2018-04-11T02:09:54.000Z","volume":100,"label":" ","price":38.2},{"type":"B","date":"2018-04-11T02:09:54.000Z","volume":1000,"label":" ","price":38.2},{"type":"A","date":"2018-04-11T02:10:04.000Z","volume":2000,"label":" ","price":38.2},{"type":"B","date":"2018-04-11T02:10:11.000Z","volume":4800,"label":" ","price":38.15},{"type":"B","date":"2018-04-11T02:10:11.000Z","volume":25200,"label":" ","price":38.1},{"type":"A","date":"2018-04-11T02:10:14.000Z","volume":300,"label":" ","price":38.15},{"type":"A","date":"2018-04-11T02:10:14.000Z","volume":800,"label":" ","price":38.15},{"type":"A","date":"2018-04-11T02:10:22.000Z","volume":100,"label":" ","price":38.2},{"type":"A","date":"2018-04-11T02:10:22.000Z","volume":2300,"label":" ","price":38.2},{"type":"B","date":"2018-04-11T02:10:26.000Z","volume":600,"label":" ","price":38.2},{"type":"A","date":"2018-04-11T02:10:26.000Z","volume":100,"label":" ","price":38.2},{"type":"A","date":"2018-04-11T02:10:38.000Z","volume":3700,"label":" ","price":38.2},{"type":"A","date":"2018-04-11T02:11:14.000Z","volume":5000,"label":" ","price":38.25},{"type":"A","date":"2018-04-11T02:11:23.000Z","volume":12500,"label":" ","price":38.25},{"type":"A","date":"2018-04-11T02:11:25.000Z","volume":4800,"label":" ","price":38.25},{"type":"A","date":"2018-04-11T02:11:25.000Z","volume":3100,"label":" ","price":38.25},{"type":"A","date":"2018-04-11T02:11:57.000Z","volume":2200,"label":" ","price":38.3},{"type":"A","date":"2018-04-11T02:12:13.000Z","volume":5000,"label":" ","price":38.3},{"type":"A","date":"2018-04-11T02:12:19.000Z","volume":1200,"label":" ","price":38.3},{"type":"A","date":"2018-04-11T02:12:23.000Z","volume":21500,"label":" ","price":38.3},{"type":"A","date":"2018-04-11T02:12:23.000Z","volume":25600,"label":" ","price":38.3},{"type":"A","date":"2018-04-11T02:12:23.000Z","volume":2100,"label":" ","price":38.35},{"type":"A","date":"2018-04-11T02:12:38.000Z","volume":500,"label":" ","price":38.4},{"type":"B","date":"2018-04-11T02:12:44.000Z","volume":100,"label":" ","price":38.35},{"type":"B","date":"2018-04-11T02:12:44.000Z","volume":3600,"label":" ","price":38.35},{"type":"U","date":"2018-04-11T02:12:52.000Z","volume":200,"label":"X","price":38.189},{"type":"B","date":"2018-04-11T02:12:58.000Z","volume":500,"label":" ","price":38.3},{"type":"A","date":"2018-04-11T02:13:03.000Z","volume":1000,"label":" ","price":38.3},{"type":"A","date":"2018-04-11T02:13:06.000Z","volume":5000,"label":" ","price":38.3},{"type":"A","date":"2018-04-11T02:13:06.000Z","volume":8000,"label":" ","price":38.3},{"type":"A","date":"2018-04-11T02:13:11.000Z","volume":3200,"label":" ","price":38.35},{"type":"A","date":"2018-04-11T02:13:27.000Z","volume":2000,"label":" ","price":38.4},{"type":"A","date":"2018-04-11T02:13:28.000Z","volume":500,"label":" ","price":38.4},{"type":"A","date":"2018-04-11T02:13:33.000Z","volume":2000,"label":" ","price":38.4},{"type":"A","date":"2018-04-11T02:13:48.000Z","volume":200,"label":" ","price":38.4},{"type":"A","date":"2018-04-11T02:13:54.000Z","volume":100,"label":" ","price":38.4},{"type":"A","date":"2018-04-11T02:13:57.000Z","volume":1000,"label":" ","price":38.4},{"type":"A","date":"2018-04-11T02:14:06.000Z","volume":1000,"label":" ","price":38.4},{"type":"A","date":"2018-04-11T02:14:09.000Z","volume":1000,"label":"Y","price":38.4},{"type":"A","date":"2018-04-11T02:14:09.000Z","volume":2500,"label":" ","price":38.4},{"type":"B","date":"2018-04-11T02:14:13.000Z","volume":3900,"label":" ","price":38.4},{"type":"A","date":"2018-04-11T02:14:13.000Z","volume":800,"label":" ","price":38.4},{"type":"A","date":"2018-04-11T02:14:14.000Z","volume":3000,"label":" ","price":38.4},{"type":"A","date":"2018-04-11T02:14:28.000Z","volume":500,"label":" ","price":38.4},{"type":"B","date":"2018-04-11T02:14:46.000Z","volume":4700,"label":" ","price":38.35},{"type":"B","date":"2018-04-11T02:14:58.000Z","volume":15100,"label":" ","price":38.3},{"type":"A","date":"2018-04-11T02:15:07.000Z","volume":5000,"label":" ","price":38.3},{"type":"A","date":"2018-04-11T02:15:07.000Z","volume":8600,"label":" ","price":38.3},{"type":"A","date":"2018-04-11T02:15:07.000Z","volume":1800,"label":" ","price":38.3},{"type":"A","date":"2018-04-11T02:15:22.000Z","volume":8000,"label":" ","price":38.35},{"type":"B","date":"2018-04-11T02:15:34.000Z","volume":1000,"label":" ","price":38.25},{"type":"A","date":"2018-04-11T02:15:59.000Z","volume":2000,"label":"Y","price":38.35},{"type":"A","date":"2018-04-11T02:16:06.000Z","volume":5000,"label":" ","price":38.35},{"type":"A","date":"2018-04-11T02:16:55.000Z","volume":3400,"label":"Y","price":38.35},{"type":"A","date":"2018-04-11T02:16:55.000Z","volume":14800,"label":" ","price":38.35},{"type":"A","date":"2018-04-11T02:16:56.000Z","volume":20400,"label":" ","price":38.4},{"type":"A","date":"2018-04-11T02:16:56.000Z","volume":800,"label":" ","price":38.4},{"type":"A","date":"2018-04-11T02:16:56.000Z","volume":1200,"label":" ","price":38.4},{"type":"A","date":"2018-04-11T02:17:05.000Z","volume":5000,"label":" ","price":38.45},{"type":"U","date":"2018-04-11T02:17:06.000Z","volume":1000,"label":"X","price":38.35},{"type":"A","date":"2018-04-11T02:17:24.000Z","volume":900,"label":" ","price":38.45},{"type":"A","date":"2018-04-11T02:18:03.000Z","volume":5000,"label":" ","price":38.45},{"type":"A","date":"2018-04-11T02:18:26.000Z","volume":800,"label":" ","price":38.45},{"type":"B","date":"2018-04-11T02:18:37.000Z","volume":3400,"label":" ","price":38.4},{"type":"A","date":"2018-04-11T02:18:42.000Z","volume":100,"label":" ","price":38.45},{"type":"U","date":"2018-04-11T02:18:48.000Z","volume":62,"label":"D","price":38.45},{"type":"A","date":"2018-04-11T02:19:00.000Z","volume":5000,"label":" ","price":38.45},{"type":"A","date":"2018-04-11T02:19:19.000Z","volume":100,"label":" ","price":38.45},{"type":"A","date":"2018-04-11T02:19:20.000Z","volume":15500,"label":" ","price":38.45},{"type":"A","date":"2018-04-11T02:19:58.000Z","volume":5100,"label":" ","price":38.5},{"type":"A","date":"2018-04-11T02:20:21.000Z","volume":1000,"label":" ","price":38.5},{"type":"A","date":"2018-04-11T02:20:32.000Z","volume":22000,"label":" ","price":38.5},{"type":"A","date":"2018-04-11T02:20:36.000Z","volume":7100,"label":" ","price":38.55},{"type":"B","date":"2018-04-11T02:20:48.000Z","volume":1000,"label":" ","price":38.55},{"type":"A","date":"2018-04-11T02:21:03.000Z","volume":5000,"label":" ","price":38.6},{"type":"B","date":"2018-04-11T02:21:06.000Z","volume":6300,"label":" ","price":38.55},{"type":"A","date":"2018-04-11T02:21:14.000Z","volume":5000,"label":" ","price":38.55},{"type":"A","date":"2018-04-11T02:21:14.000Z","volume":1300,"label":" ","price":38.55},{"type":"A","date":"2018-04-11T02:21:14.000Z","volume":3100,"label":" ","price":38.55},{"type":"U","date":"2018-04-11T02:21:17.000Z","volume":100,"label":"X","price":38.41},{"type":"B","date":"2018-04-11T02:21:22.000Z","volume":12500,"label":" ","price":38.55},{"type":"B","date":"2018-04-11T02:21:22.000Z","volume":200,"label":" ","price":38.55},{"type":"A","date":"2018-04-11T02:21:55.000Z","volume":2100,"label":"Y","price":38.55},{"type":"A","date":"2018-04-11T02:21:55.000Z","volume":2900,"label":" ","price":38.55},{"type":"A","date":"2018-04-11T02:22:00.000Z","volume":10500,"label":" ","price":38.55},{"type":"A","date":"2018-04-11T02:22:21.000Z","volume":700,"label":" ","price":38.55},{"type":"U","date":"2018-04-11T02:22:21.000Z","volume":100,"label":"X","price":38.55},{"type":"A","date":"2018-04-11T02:22:46.000Z","volume":11800,"label":"Y","price":38.55},{"type":"A","date":"2018-04-11T02:22:46.000Z","volume":3500,"label":" ","price":38.55},{"type":"A","date":"2018-04-11T02:22:54.000Z","volume":5000,"label":" ","price":38.6},{"type":"A","date":"2018-04-11T02:23:05.000Z","volume":5000,"label":" ","price":38.6},{"type":"A","date":"2018-04-11T02:23:52.000Z","volume":5000,"label":" ","price":38.6},{"type":"A","date":"2018-04-11T02:23:52.000Z","volume":2300,"label":" ","price":38.6},{"type":"A","date":"2018-04-11T02:23:52.000Z","volume":12700,"label":" ","price":38.6},{"type":"B","date":"2018-04-11T02:24:18.000Z","volume":200,"label":" ","price":38.6},{"type":"A","date":"2018-04-11T02:24:23.000Z","volume":2000,"label":" ","price":38.65},{"type":"A","date":"2018-04-11T02:24:49.000Z","volume":300,"label":" ","price":38.65},{"type":"A","date":"2018-04-11T02:24:50.000Z","volume":1600,"label":"Y","price":38.65},{"type":"A","date":"2018-04-11T02:24:50.000Z","volume":3400,"label":" ","price":38.65},{"type":"B","date":"2018-04-11T02:25:08.000Z","volume":3600,"label":"Y","price":38.6},{"type":"B","date":"2018-04-11T02:25:08.000Z","volume":1400,"label":" ","price":38.6},{"type":"A","date":"2018-04-11T02:25:36.000Z","volume":5000,"label":" ","price":38.65},{"type":"A","date":"2018-04-11T02:25:37.000Z","volume":100,"label":" ","price":38.65},{"type":"A","date":"2018-04-11T02:25:48.000Z","volume":2600,"label":"Y","price":38.65},{"type":"A","date":"2018-04-11T02:25:48.000Z","volume":2400,"label":" ","price":38.65},{"type":"A","date":"2018-04-11T02:25:48.000Z","volume":5000,"label":" ","price":38.65},{"type":"A","date":"2018-04-11T02:25:55.000Z","volume":300,"label":" ","price":38.7},{"type":"A","date":"2018-04-11T02:26:23.000Z","volume":600,"label":" ","price":38.7},{"type":"A","date":"2018-04-11T02:26:28.000Z","volume":31300,"label":" ","price":38.7},{"type":"A","date":"2018-04-11T02:26:33.000Z","volume":1400,"label":" ","price":38.75},{"type":"A","date":"2018-04-11T02:26:46.000Z","volume":3400,"label":"Y","price":38.8},{"type":"A","date":"2018-04-11T02:26:46.000Z","volume":1600,"label":" ","price":38.8},{"type":"A","date":"2018-04-11T02:26:49.000Z","volume":6000,"label":" ","price":38.8},{"type":"B","date":"2018-04-11T02:26:51.000Z","volume":2000,"label":" ","price":38.75},{"type":"A","date":"2018-04-11T02:26:56.000Z","volume":600,"label":"Y","price":38.8},{"type":"A","date":"2018-04-11T02:26:56.000Z","volume":400,"label":" ","price":38.8},{"type":"A","date":"2018-04-11T02:27:02.000Z","volume":7400,"label":" ","price":38.8},{"type":"A","date":"2018-04-11T02:27:02.000Z","volume":2900,"label":" ","price":38.85},{"type":"A","date":"2018-04-11T02:27:02.000Z","volume":9700,"label":" ","price":38.9},{"type":"A","date":"2018-04-11T02:27:11.000Z","volume":100,"label":" ","price":38.8},{"type":"B","date":"2018-04-11T02:27:14.000Z","volume":1000,"label":" ","price":38.75},{"type":"A","date":"2018-04-11T02:27:44.000Z","volume":5000,"label":" ","price":38.8},{"type":"A","date":"2018-04-11T02:28:10.000Z","volume":500,"label":" ","price":38.8},{"type":"B","date":"2018-04-11T02:28:26.000Z","volume":18700,"label":" ","price":38.75},{"type":"B","date":"2018-04-11T02:28:26.000Z","volume":37200,"label":"Y","price":38.7},{"type":"B","date":"2018-04-11T02:28:26.000Z","volume":44100,"label":" ","price":38.7},{"type":"B","date":"2018-04-11T02:28:26.000Z","volume":3300,"label":" ","price":38.75},{"type":"B","date":"2018-04-11T02:28:26.000Z","volume":100,"label":" ","price":38.75},{"type":"U","date":"2018-04-11T02:28:27.000Z","volume":100,"label":"X","price":38.682},{"type":"A","date":"2018-04-11T02:28:34.000Z","volume":11500,"label":" ","price":38.75},{"type":"A","date":"2018-04-11T02:28:34.000Z","volume":4200,"label":" ","price":38.75},{"type":"A","date":"2018-04-11T02:28:34.000Z","volume":3100,"label":" ","price":38.75},{"type":"A","date":"2018-04-11T02:28:34.000Z","volume":2400,"label":" ","price":38.75},{"type":"A","date":"2018-04-11T02:28:43.000Z","volume":5000,"label":" ","price":38.8},{"type":"B","date":"2018-04-11T02:28:50.000Z","volume":600,"label":" ","price":38.75},{"type":"A","date":"2018-04-11T02:29:02.000Z","volume":500,"label":" ","price":38.8},{"type":"B","date":"2018-04-11T02:29:08.000Z","volume":1200,"label":" ","price":38.75},{"type":"A","date":"2018-04-11T02:29:09.000Z","volume":500,"label":" ","price":38.75},{"type":"B","date":"2018-04-11T02:29:23.000Z","volume":5000,"label":" ","price":38.7},{"type":"B","date":"2018-04-11T02:29:23.000Z","volume":5000,"label":" ","price":38.7},{"type":"B","date":"2018-04-11T02:29:23.000Z","volume":4800,"label":" ","price":38.7},{"type":"B","date":"2018-04-11T02:29:23.000Z","volume":1300,"label":" ","price":38.7},{"type":"B","date":"2018-04-11T02:29:23.000Z","volume":600,"label":" ","price":38.7},{"type":"B","date":"2018-04-11T02:29:23.000Z","volume":2500,"label":" ","price":38.7},{"type":"A","date":"2018-04-11T02:29:41.000Z","volume":10000,"label":" ","price":38.7},{"type":"U","date":"2018-04-11T02:29:41.000Z","volume":5100,"label":" ","price":38.7},{"type":"A","date":"2018-04-11T02:30:00.000Z","volume":900,"label":" ","price":38.7},{"type":"A","date":"2018-04-11T02:30:06.000Z","volume":1000,"label":" ","price":38.7},{"type":"A","date":"2018-04-11T02:30:39.000Z","volume":8800,"label":" ","price":38.7},{"type":"A","date":"2018-04-11T02:30:45.000Z","volume":14200,"label":" ","price":38.75},{"type":"B","date":"2018-04-11T02:30:48.000Z","volume":100,"label":" ","price":38.75},{"type":"B","date":"2018-04-11T02:30:52.000Z","volume":1000,"label":" ","price":38.75},{"type":"A","date":"2018-04-11T02:31:37.000Z","volume":5000,"label":" ","price":38.75},{"type":"A","date":"2018-04-11T02:31:37.000Z","volume":4700,"label":" ","price":38.75},{"type":"B","date":"2018-04-11T02:32:19.000Z","volume":500,"label":"Y","price":38.75},{"type":"A","date":"2018-04-11T02:32:36.000Z","volume":5000,"label":" ","price":38.8},{"type":"B","date":"2018-04-11T02:32:36.000Z","volume":2500,"label":" ","price":38.75},{"type":"A","date":"2018-04-11T02:32:46.000Z","volume":200,"label":" ","price":38.75},{"type":"B","date":"2018-04-11T02:33:13.000Z","volume":100,"label":"Y","price":38.7},{"type":"B","date":"2018-04-11T02:33:13.000Z","volume":5900,"label":" ","price":38.7},{"type":"U","date":"2018-04-11T02:33:32.000Z","volume":100,"label":"X","price":38.732},{"type":"A","date":"2018-04-11T02:33:34.000Z","volume":5000,"label":" ","price":38.7},{"type":"A","date":"2018-04-11T02:34:33.000Z","volume":5000,"label":" ","price":38.7},{"type":"A","date":"2018-04-11T02:35:31.000Z","volume":5000,"label":" ","price":38.7},{"type":"A","date":"2018-04-11T02:35:38.000Z","volume":100,"label":" ","price":38.7},{"type":"B","date":"2018-04-11T02:36:18.000Z","volume":200,"label":" ","price":38.65},{"type":"A","date":"2018-04-11T02:36:29.000Z","volume":5000,"label":" ","price":38.7},{"type":"B","date":"2018-04-11T02:36:46.000Z","volume":2800,"label":" ","price":38.65},{"type":"A","date":"2018-04-11T02:37:27.000Z","volume":5000,"label":" ","price":38.7},{"type":"A","date":"2018-04-11T02:37:30.000Z","volume":500,"label":" ","price":38.7},{"type":"B","date":"2018-04-11T02:37:50.000Z","volume":2100,"label":" ","price":38.65},{"type":"A","date":"2018-04-11T02:37:53.000Z","volume":5000,"label":" ","price":38.65},{"type":"B","date":"2018-04-11T02:38:14.000Z","volume":1500,"label":" ","price":38.6},{"type":"B","date":"2018-04-11T02:38:18.000Z","volume":5000,"label":" ","price":38.6},{"type":"U","date":"2018-04-11T02:38:21.000Z","volume":100,"label":"X","price":38.673},{"type":"A","date":"2018-04-11T02:38:25.000Z","volume":5000,"label":" ","price":38.65},{"type":"B","date":"2018-04-11T02:38:26.000Z","volume":600,"label":" ","price":38.6},{"type":"B","date":"2018-04-11T02:38:37.000Z","volume":1000,"label":" ","price":38.6},{"type":"A","date":"2018-04-11T02:39:23.000Z","volume":5100,"label":" ","price":38.65},{"type":"B","date":"2018-04-11T02:39:26.000Z","volume":600,"label":" ","price":38.6},{"type":"B","date":"2018-04-11T02:39:28.000Z","volume":15700,"label":" ","price":38.6},{"type":"B","date":"2018-04-11T02:39:28.000Z","volume":900,"label":" ","price":38.6},{"type":"A","date":"2018-04-11T02:39:32.000Z","volume":2400,"label":" ","price":38.6},{"type":"B","date":"2018-04-11T02:39:54.000Z","volume":300,"label":" ","price":38.55},{"type":"B","date":"2018-04-11T02:40:12.000Z","volume":300,"label":" ","price":38.55},{"type":"A","date":"2018-04-11T02:40:16.000Z","volume":1900,"label":" ","price":38.6},{"type":"A","date":"2018-04-11T02:40:21.000Z","volume":5000,"label":" ","price":38.6},{"type":"B","date":"2018-04-11T02:40:26.000Z","volume":600,"label":" ","price":38.55},{"type":"B","date":"2018-04-11T02:40:48.000Z","volume":700,"label":" ","price":38.55},{"type":"A","date":"2018-04-11T02:41:08.000Z","volume":15800,"label":" ","price":38.6},{"type":"A","date":"2018-04-11T02:41:08.000Z","volume":300,"label":" ","price":38.6},{"type":"A","date":"2018-04-11T02:41:14.000Z","volume":1500,"label":"Y","price":38.65},{"type":"A","date":"2018-04-11T02:41:14.000Z","volume":400,"label":" ","price":38.65},{"type":"A","date":"2018-04-11T02:41:19.000Z","volume":5000,"label":"Y","price":38.65},{"type":"A","date":"2018-04-11T02:41:26.000Z","volume":11900,"label":" ","price":38.65},{"type":"B","date":"2018-04-11T02:41:36.000Z","volume":1000,"label":" ","price":38.65},{"type":"B","date":"2018-04-11T02:41:49.000Z","volume":600,"label":" ","price":38.65},{"type":"A","date":"2018-04-11T02:41:50.000Z","volume":100,"label":" ","price":38.7},{"type":"A","date":"2018-04-11T02:42:02.000Z","volume":500,"label":" ","price":38.7},{"type":"A","date":"2018-04-11T02:42:13.000Z","volume":1900,"label":" ","price":38.7},{"type":"A","date":"2018-04-11T02:42:18.000Z","volume":3500,"label":" ","price":38.7},{"type":"B","date":"2018-04-11T02:42:30.000Z","volume":1900,"label":" ","price":38.7},{"type":"B","date":"2018-04-11T02:42:30.000Z","volume":4100,"label":" ","price":38.65},{"type":"B","date":"2018-04-11T02:42:49.000Z","volume":700,"label":" ","price":38.65},{"type":"A","date":"2018-04-11T02:42:54.000Z","volume":200,"label":" ","price":38.7},{"type":"A","date":"2018-04-11T02:43:12.000Z","volume":1800,"label":" ","price":38.75},{"type":"A","date":"2018-04-11T02:43:16.000Z","volume":800,"label":"Y","price":38.75},{"type":"A","date":"2018-04-11T02:43:16.000Z","volume":4200,"label":" ","price":38.75},{"type":"B","date":"2018-04-11T02:43:24.000Z","volume":12700,"label":" ","price":38.7},{"type":"B","date":"2018-04-11T02:43:49.000Z","volume":700,"label":" ","price":38.65},{"type":"A","date":"2018-04-11T02:43:58.000Z","volume":200,"label":" ","price":38.7},{"type":"A","date":"2018-04-11T02:43:59.000Z","volume":22900,"label":" ","price":38.7},{"type":"A","date":"2018-04-11T02:44:10.000Z","volume":1900,"label":" ","price":38.75},{"type":"A","date":"2018-04-11T02:44:14.000Z","volume":5000,"label":" ","price":38.75},{"type":"B","date":"2018-04-11T02:44:49.000Z","volume":600,"label":" ","price":38.7},{"type":"B","date":"2018-04-11T02:44:49.000Z","volume":2400,"label":" ","price":38.7},{"type":"B","date":"2018-04-11T02:44:49.000Z","volume":1500,"label":" ","price":38.7},{"type":"A","date":"2018-04-11T02:45:08.000Z","volume":1900,"label":" ","price":38.7},{"type":"A","date":"2018-04-11T02:45:12.000Z","volume":5000,"label":" ","price":38.7},{"type":"A","date":"2018-04-11T02:45:40.000Z","volume":500,"label":" ","price":38.7},{"type":"B","date":"2018-04-11T02:45:49.000Z","volume":600,"label":" ","price":38.65},{"type":"A","date":"2018-04-11T02:46:06.000Z","volume":1900,"label":" ","price":38.7},{"type":"A","date":"2018-04-11T02:46:06.000Z","volume":4700,"label":" ","price":38.7},{"type":"A","date":"2018-04-11T02:46:37.000Z","volume":400,"label":" ","price":38.75},{"type":"A","date":"2018-04-11T02:46:46.000Z","volume":1300,"label":"Y","price":38.75},{"type":"A","date":"2018-04-11T02:46:46.000Z","volume":18700,"label":" ","price":38.75},{"type":"B","date":"2018-04-11T02:46:49.000Z","volume":700,"label":" ","price":38.7},{"type":"A","date":"2018-04-11T02:47:05.000Z","volume":1900,"label":" ","price":38.75},{"type":"A","date":"2018-04-11T02:47:14.000Z","volume":600,"label":" ","price":38.75},{"type":"B","date":"2018-04-11T02:47:49.000Z","volume":200,"label":"Y","price":38.7},{"type":"B","date":"2018-04-11T02:47:49.000Z","volume":400,"label":" ","price":38.7},{"type":"A","date":"2018-04-11T02:48:04.000Z","volume":1900,"label":" ","price":38.75},{"type":"A","date":"2018-04-11T02:48:08.000Z","volume":5000,"label":" ","price":38.75},{"type":"A","date":"2018-04-11T02:48:25.000Z","volume":3000,"label":" ","price":38.75},{"type":"A","date":"2018-04-11T02:48:33.000Z","volume":100,"label":" ","price":38.75},{"type":"A","date":"2018-04-11T02:48:48.000Z","volume":1500,"label":" ","price":38.75},{"type":"B","date":"2018-04-11T02:48:49.000Z","volume":600,"label":" ","price":38.75},{"type":"A","date":"2018-04-11T02:49:03.000Z","volume":1800,"label":" ","price":38.8},{"type":"A","date":"2018-04-11T02:49:06.000Z","volume":5000,"label":" ","price":38.8},{"type":"B","date":"2018-04-11T02:49:18.000Z","volume":1000,"label":" ","price":38.75},{"type":"B","date":"2018-04-11T02:49:49.000Z","volume":700,"label":" ","price":38.75},{"type":"A","date":"2018-04-11T02:50:01.000Z","volume":1000,"label":" ","price":38.8},{"type":"A","date":"2018-04-11T02:50:02.000Z","volume":1900,"label":" ","price":38.8},{"type":"A","date":"2018-04-11T02:50:04.000Z","volume":5000,"label":" ","price":38.8},{"type":"B","date":"2018-04-11T02:50:49.000Z","volume":700,"label":" ","price":38.75},{"type":"A","date":"2018-04-11T02:50:58.000Z","volume":600,"label":" ","price":38.8},{"type":"A","date":"2018-04-11T02:51:00.000Z","volume":1900,"label":" ","price":38.8},{"type":"A","date":"2018-04-11T02:51:01.000Z","volume":1500,"label":" ","price":38.8},{"type":"A","date":"2018-04-11T02:51:02.000Z","volume":5000,"label":" ","price":38.8},{"type":"U","date":"2018-04-11T02:51:13.000Z","volume":100,"label":"X","price":38.722},{"type":"A","date":"2018-04-11T02:51:15.000Z","volume":5000,"label":" ","price":38.8},{"type":"B","date":"2018-04-11T02:51:49.000Z","volume":500,"label":" ","price":38.75},{"type":"A","date":"2018-04-11T02:52:04.000Z","volume":1900,"label":" ","price":38.8},{"type":"A","date":"2018-04-11T02:52:04.000Z","volume":3000,"label":" ","price":38.8},{"type":"A","date":"2018-04-11T02:52:04.000Z","volume":5000,"label":" ","price":38.8},{"type":"A","date":"2018-04-11T02:52:11.000Z","volume":100,"label":" ","price":38.8},{"type":"B","date":"2018-04-11T02:52:28.000Z","volume":12300,"label":" ","price":38.75},{"type":"B","date":"2018-04-11T02:52:28.000Z","volume":1500,"label":" ","price":38.75},{"type":"B","date":"2018-04-11T02:52:28.000Z","volume":200,"label":" ","price":38.75},{"type":"B","date":"2018-04-11T02:52:28.000Z","volume":500,"label":" ","price":38.75},{"type":"U","date":"2018-04-11T02:52:29.000Z","volume":4700,"label":" ","price":38.75},{"type":"B","date":"2018-04-11T02:52:49.000Z","volume":700,"label":" ","price":38.7},{"type":"A","date":"2018-04-11T02:52:56.000Z","volume":1900,"label":" ","price":38.75},{"type":"A","date":"2018-04-11T02:52:59.000Z","volume":5100,"label":" ","price":38.75},{"type":"B","date":"2018-04-11T02:53:01.000Z","volume":600,"label":" ","price":38.7},{"type":"B","date":"2018-04-11T02:53:25.000Z","volume":19200,"label":" ","price":38.7},{"type":"B","date":"2018-04-11T02:53:25.000Z","volume":38500,"label":" ","price":38.7},{"type":"B","date":"2018-04-11T02:53:26.000Z","volume":5000,"label":" ","price":38.65},{"type":"B","date":"2018-04-11T02:53:26.000Z","volume":6900,"label":" ","price":38.65},{"type":"B","date":"2018-04-11T02:53:50.000Z","volume":300,"label":"Y","price":38.6},{"type":"B","date":"2018-04-11T02:53:50.000Z","volume":400,"label":" ","price":38.6},{"type":"B","date":"2018-04-11T02:53:53.000Z","volume":1500,"label":" ","price":38.6},{"type":"B","date":"2018-04-11T02:53:53.000Z","volume":5000,"label":" ","price":38.55},{"type":"A","date":"2018-04-11T02:53:55.000Z","volume":1900,"label":" ","price":38.6},{"type":"A","date":"2018-04-11T02:53:58.000Z","volume":5000,"label":" ","price":38.6},{"type":"B","date":"2018-04-11T02:54:01.000Z","volume":200,"label":" ","price":38.55},{"type":"B","date":"2018-04-11T02:54:18.000Z","volume":200,"label":" ","price":38.55},{"type":"B","date":"2018-04-11T02:54:49.000Z","volume":700,"label":" ","price":38.55},{"type":"A","date":"2018-04-11T02:54:51.000Z","volume":1000,"label":" ","price":38.6},{"type":"A","date":"2018-04-11T02:54:53.000Z","volume":1800,"label":" ","price":38.6},{"type":"A","date":"2018-04-11T02:54:56.000Z","volume":5000,"label":" ","price":38.6},{"type":"B","date":"2018-04-11T02:55:00.000Z","volume":4000,"label":" ","price":38.55},{"type":"B","date":"2018-04-11T02:55:28.000Z","volume":1400,"label":" ","price":38.55},{"type":"B","date":"2018-04-11T02:55:44.000Z","volume":7100,"label":" ","price":38.55},{"type":"B","date":"2018-04-11T02:55:45.000Z","volume":500,"label":" ","price":38.55},{"type":"B","date":"2018-04-11T02:55:45.000Z","volume":7500,"label":" ","price":38.55},{"type":"B","date":"2018-04-11T02:55:45.000Z","volume":1300,"label":" ","price":38.55},{"type":"B","date":"2018-04-11T02:55:45.000Z","volume":600,"label":" ","price":38.5},{"type":"B","date":"2018-04-11T02:55:48.000Z","volume":300,"label":" ","price":38.55},{"type":"B","date":"2018-04-11T02:55:49.000Z","volume":300,"label":"Y","price":38.55},{"type":"A","date":"2018-04-11T02:55:52.000Z","volume":1900,"label":" ","price":38.55},{"type":"A","date":"2018-04-11T02:55:54.000Z","volume":5000,"label":" ","price":38.55},{"type":"A","date":"2018-04-11T02:56:06.000Z","volume":100,"label":" ","price":38.55},{"type":"B","date":"2018-04-11T02:56:12.000Z","volume":500,"label":" ","price":38.5},{"type":"B","date":"2018-04-11T02:56:17.000Z","volume":17700,"label":" ","price":38.5},{"type":"B","date":"2018-04-11T02:56:17.000Z","volume":200,"label":"Y","price":38.5},{"type":"B","date":"2018-04-11T02:56:17.000Z","volume":43500,"label":" ","price":38.5},{"type":"B","date":"2018-04-11T02:56:25.000Z","volume":1600,"label":" ","price":38.45},{"type":"U","date":"2018-04-11T02:56:26.000Z","volume":100,"label":"X","price":38.623},{"type":"A","date":"2018-04-11T02:56:31.000Z","volume":9200,"label":" ","price":38.45},{"type":"B","date":"2018-04-11T02:56:38.000Z","volume":3900,"label":" ","price":38.4},{"type":"B","date":"2018-04-11T02:56:38.000Z","volume":80900,"label":" ","price":38.35},{"type":"B","date":"2018-04-11T02:56:38.000Z","volume":8500,"label":" ","price":38.35},{"type":"A","date":"2018-04-11T02:56:38.000Z","volume":1700,"label":" ","price":38.35},{"type":"A","date":"2018-04-11T02:56:40.000Z","volume":3200,"label":" ","price":38.4},{"type":"A","date":"2018-04-11T02:56:43.000Z","volume":12200,"label":" ","price":38.45},{"type":"B","date":"2018-04-11T02:56:49.000Z","volume":600,"label":" ","price":38.35},{"type":"A","date":"2018-04-11T02:56:50.000Z","volume":1900,"label":" ","price":38.45},{"type":"A","date":"2018-04-11T02:56:52.000Z","volume":5000,"label":" ","price":38.45},{"type":"A","date":"2018-04-11T02:57:48.000Z","volume":1900,"label":" ","price":38.45},{"type":"B","date":"2018-04-11T02:57:49.000Z","volume":700,"label":" ","price":38.35},{"type":"A","date":"2018-04-11T02:57:50.000Z","volume":4800,"label":" ","price":38.45},{"type":"B","date":"2018-04-11T02:57:53.000Z","volume":200,"label":" ","price":38.45},{"type":"A","date":"2018-04-11T02:57:55.000Z","volume":1700,"label":" ","price":38.5},{"type":"U","date":"2018-04-11T02:58:18.000Z","volume":1300,"label":" ","price":38.45},{"type":"U","date":"2018-04-11T02:58:26.000Z","volume":100,"label":"X","price":38.45},{"type":"A","date":"2018-04-11T02:58:33.000Z","volume":100,"label":" ","price":38.45},{"type":"A","date":"2018-04-11T02:58:47.000Z","volume":1900,"label":" ","price":38.45},{"type":"A","date":"2018-04-11T02:58:48.000Z","volume":800,"label":" ","price":38.45},{"type":"B","date":"2018-04-11T02:58:49.000Z","volume":700,"label":" ","price":38.45},{"type":"A","date":"2018-04-11T02:59:39.000Z","volume":8900,"label":" ","price":38.5},{"type":"A","date":"2018-04-11T02:59:46.000Z","volume":1900,"label":"Y","price":38.55},{"type":"A","date":"2018-04-11T02:59:47.000Z","volume":3100,"label":"Y","price":38.55},{"type":"A","date":"2018-04-11T02:59:47.000Z","volume":1900,"label":" ","price":38.55},{"type":"A","date":"2018-04-11T02:59:47.000Z","volume":2200,"label":" ","price":38.55},{"type":"B","date":"2018-04-11T02:59:50.000Z","volume":400,"label":"Y","price":38.5},{"type":"B","date":"2018-04-11T02:59:50.000Z","volume":300,"label":" ","price":38.5},{"type":"B","date":"2018-04-11T03:00:07.000Z","volume":2000,"label":" ","price":38.5},{"type":"B","date":"2018-04-11T03:00:07.000Z","volume":3000,"label":" ","price":38.5},{"type":"A","date":"2018-04-11T03:00:16.000Z","volume":2200,"label":" ","price":38.55},{"type":"A","date":"2018-04-11T03:00:27.000Z","volume":100,"label":" ","price":38.6},{"type":"A","date":"2018-04-11T03:00:45.000Z","volume":1800,"label":" ","price":38.6},{"type":"A","date":"2018-04-11T03:00:45.000Z","volume":5000,"label":" ","price":38.6},{"type":"A","date":"2018-04-11T03:00:45.000Z","volume":11300,"label":" ","price":38.6},{"type":"B","date":"2018-04-11T03:00:50.000Z","volume":600,"label":" ","price":38.55},{"type":"A","date":"2018-04-11T03:01:43.000Z","volume":1900,"label":" ","price":38.6},{"type":"A","date":"2018-04-11T03:01:43.000Z","volume":1800,"label":" ","price":38.6},{"type":"B","date":"2018-04-11T03:01:49.000Z","volume":600,"label":" ","price":38.6},{"type":"A","date":"2018-04-11T03:02:41.000Z","volume":600,"label":"Y","price":38.65},{"type":"A","date":"2018-04-11T03:02:41.000Z","volume":4500,"label":" ","price":38.65},{"type":"A","date":"2018-04-11T03:02:41.000Z","volume":200,"label":" ","price":38.65},{"type":"B","date":"2018-04-11T03:02:45.000Z","volume":1800,"label":" ","price":38.65},{"type":"A","date":"2018-04-11T03:03:14.000Z","volume":18200,"label":" ","price":38.65},{"type":"A","date":"2018-04-11T03:03:14.000Z","volume":16700,"label":" ","price":38.7},{"type":"U","date":"2018-04-11T03:03:14.000Z","volume":5100,"label":"X","price":38.65},{"type":"A","date":"2018-04-11T03:03:26.000Z","volume":200,"label":" ","price":38.7},{"type":"A","date":"2018-04-11T03:03:39.000Z","volume":5000,"label":" ","price":38.7},{"type":"A","date":"2018-04-11T03:03:40.000Z","volume":1900,"label":" ","price":38.7},{"type":"B","date":"2018-04-11T03:03:49.000Z","volume":600,"label":" ","price":38.65},{"type":"B","date":"2018-04-11T03:03:51.000Z","volume":700,"label":" ","price":38.65},{"type":"A","date":"2018-04-11T03:04:33.000Z","volume":1200,"label":" ","price":38.7},{"type":"A","date":"2018-04-11T03:04:37.000Z","volume":5000,"label":" ","price":38.7},{"type":"A","date":"2018-04-11T03:04:38.000Z","volume":400,"label":" ","price":38.7},{"type":"B","date":"2018-04-11T03:04:40.000Z","volume":1500,"label":" ","price":38.7},{"type":"B","date":"2018-04-11T03:04:49.000Z","volume":700,"label":" ","price":38.65},{"type":"U","date":"2018-04-11T03:05:02.000Z","volume":27,"label":"D","price":38.7},{"type":"A","date":"2018-04-11T03:05:22.000Z","volume":600,"label":" ","price":38.7},{"type":"A","date":"2018-04-11T03:05:35.000Z","volume":5000,"label":" ","price":38.75},{"type":"A","date":"2018-04-11T03:05:36.000Z","volume":1900,"label":" ","price":38.75},{"type":"B","date":"2018-04-11T03:05:49.000Z","volume":600,"label":" ","price":38.65},{"type":"A","date":"2018-04-11T03:06:00.000Z","volume":1800,"label":" ","price":38.7},{"type":"A","date":"2018-04-11T03:06:03.000Z","volume":100,"label":" ","price":38.7},{"type":"U","date":"2018-04-11T03:06:28.000Z","volume":100,"label":"X","price":38.627},{"type":"A","date":"2018-04-11T03:06:33.000Z","volume":5000,"label":" ","price":38.7},{"type":"A","date":"2018-04-11T03:06:35.000Z","volume":100,"label":" ","price":38.7},{"type":"B","date":"2018-04-11T03:06:50.000Z","volume":600,"label":" ","price":38.7},{"type":"A","date":"2018-04-11T03:06:50.000Z","volume":1300,"label":" ","price":38.75},{"type":"A","date":"2018-04-11T03:07:32.000Z","volume":5000,"label":" ","price":38.75},{"type":"A","date":"2018-04-11T03:07:34.000Z","volume":1900,"label":" ","price":38.75},{"type":"B","date":"2018-04-11T03:07:49.000Z","volume":600,"label":"Y","price":38.7},{"type":"B","date":"2018-04-11T03:07:49.000Z","volume":100,"label":" ","price":38.7},{"type":"A","date":"2018-04-11T03:08:11.000Z","volume":700,"label":" ","price":38.7},{"type":"A","date":"2018-04-11T03:08:30.000Z","volume":5000,"label":" ","price":38.75},{"type":"A","date":"2018-04-11T03:08:33.000Z","volume":1900,"label":" ","price":38.75},{"type":"B","date":"2018-04-11T03:08:49.000Z","volume":600,"label":" ","price":38.65},{"type":"A","date":"2018-04-11T03:09:28.000Z","volume":5000,"label":" ","price":38.7},{"type":"A","date":"2018-04-11T03:09:31.000Z","volume":1900,"label":" ","price":38.7},{"type":"B","date":"2018-04-11T03:09:49.000Z","volume":600,"label":"Y","price":38.65},{"type":"A","date":"2018-04-11T03:10:26.000Z","volume":5000,"label":" ","price":38.7},{"type":"A","date":"2018-04-11T03:10:29.000Z","volume":1900,"label":" ","price":38.7},{"type":"B","date":"2018-04-11T03:10:49.000Z","volume":700,"label":" ","price":38.65},{"type":"A","date":"2018-04-11T03:11:25.000Z","volume":5000,"label":" ","price":38.7},{"type":"A","date":"2018-04-11T03:11:27.000Z","volume":1900,"label":" ","price":38.7},{"type":"B","date":"2018-04-11T03:11:49.000Z","volume":700,"label":" ","price":38.65},{"type":"B","date":"2018-04-11T03:12:13.000Z","volume":1600,"label":" ","price":38.65},{"type":"U","date":"2018-04-11T03:12:15.000Z","volume":39,"label":"D","price":38.4},{"type":"U","date":"2018-04-11T03:12:16.000Z","volume":38,"label":"D","price":38.4},{"type":"U","date":"2018-04-11T03:12:17.000Z","volume":23,"label":"D","price":38.4},{"type":"U","date":"2018-04-11T03:12:18.000Z","volume":300,"label":" ","price":38.65},{"type":"A","date":"2018-04-11T03:12:22.000Z","volume":5100,"label":" ","price":38.7},{"type":"A","date":"2018-04-11T03:12:25.000Z","volume":1800,"label":" ","price":38.7},{"type":"B","date":"2018-04-11T03:12:50.000Z","volume":600,"label":" ","price":38.6},{"type":"B","date":"2018-04-11T03:13:03.000Z","volume":100,"label":" ","price":38.65},{"type":"A","date":"2018-04-11T03:13:06.000Z","volume":800,"label":" ","price":38.7},{"type":"B","date":"2018-04-11T03:13:12.000Z","volume":300,"label":" ","price":38.65},{"type":"A","date":"2018-04-11T03:13:21.000Z","volume":5000,"label":" ","price":38.7},{"type":"A","date":"2018-04-11T03:13:22.000Z","volume":800,"label":" ","price":38.7},{"type":"A","date":"2018-04-11T03:13:24.000Z","volume":1900,"label":" ","price":38.7},{"type":"A","date":"2018-04-11T03:13:40.000Z","volume":8200,"label":" ","price":38.7},{"type":"B","date":"2018-04-11T03:13:40.000Z","volume":300,"label":" ","price":38.7},{"type":"U","date":"2018-04-11T03:13:46.000Z","volume":67,"label":"D","price":38.5},{"type":"U","date":"2018-04-11T03:13:48.000Z","volume":17,"label":"D","price":38.5},{"type":"B","date":"2018-04-11T03:13:50.000Z","volume":700,"label":" ","price":38.7},{"type":"A","date":"2018-04-11T03:14:04.000Z","volume":700,"label":" ","price":38.75},{"type":"A","date":"2018-04-11T03:14:19.000Z","volume":5000,"label":" ","price":38.75},{"type":"A","date":"2018-04-11T03:14:22.000Z","volume":1900,"label":" ","price":38.75},{"type":"A","date":"2018-04-11T03:14:30.000Z","volume":500,"label":" ","price":38.75},{"type":"A","date":"2018-04-11T03:14:36.000Z","volume":61200,"label":" ","price":38.75},{"type":"A","date":"2018-04-11T03:14:36.000Z","volume":9000,"label":" ","price":38.75},{"type":"A","date":"2018-04-11T03:14:36.000Z","volume":900,"label":" ","price":38.75},{"type":"A","date":"2018-04-11T03:14:36.000Z","volume":2300,"label":" ","price":38.8},{"type":"U","date":"2018-04-11T03:14:41.000Z","volume":600,"label":" ","price":38.8},{"type":"B","date":"2018-04-11T03:14:48.000Z","volume":200,"label":" ","price":38.8},{"type":"B","date":"2018-04-11T03:14:49.000Z","volume":700,"label":" ","price":38.8},{"type":"A","date":"2018-04-11T03:15:02.000Z","volume":800,"label":" ","price":38.85},{"type":"A","date":"2018-04-11T03:15:17.000Z","volume":5000,"label":" ","price":38.85},{"type":"A","date":"2018-04-11T03:15:21.000Z","volume":1900,"label":" ","price":38.85},{"type":"B","date":"2018-04-11T03:15:41.000Z","volume":100,"label":" ","price":38.8},{"type":"B","date":"2018-04-11T03:15:49.000Z","volume":700,"label":" ","price":38.8},{"type":"A","date":"2018-04-11T03:15:55.000Z","volume":9200,"label":" ","price":38.85},{"type":"B","date":"2018-04-11T03:15:55.000Z","volume":2700,"label":" ","price":38.85},{"type":"B","date":"2018-04-11T03:15:55.000Z","volume":2900,"label":" ","price":38.85},{"type":"A","date":"2018-04-11T03:15:55.000Z","volume":100,"label":" ","price":38.85},{"type":"B","date":"2018-04-11T03:15:58.000Z","volume":4500,"label":" ","price":38.8},{"type":"A","date":"2018-04-11T03:16:00.000Z","volume":700,"label":" ","price":38.85},{"type":"A","date":"2018-04-11T03:16:15.000Z","volume":5000,"label":" ","price":38.8},{"type":"A","date":"2018-04-11T03:16:20.000Z","volume":1900,"label":" ","price":38.8},{"type":"B","date":"2018-04-11T03:16:49.000Z","volume":600,"label":" ","price":38.75},{"type":"A","date":"2018-04-11T03:16:59.000Z","volume":800,"label":" ","price":38.8},{"type":"A","date":"2018-04-11T03:17:13.000Z","volume":5000,"label":" ","price":38.8},{"type":"A","date":"2018-04-11T03:17:18.000Z","volume":700,"label":"Y","price":38.8},{"type":"A","date":"2018-04-11T03:17:18.000Z","volume":1200,"label":" ","price":38.8},{"type":"A","date":"2018-04-11T03:17:43.000Z","volume":2500,"label":" ","price":38.8},{"type":"A","date":"2018-04-11T03:17:43.000Z","volume":8400,"label":" ","price":38.8},{"type":"B","date":"2018-04-11T03:17:49.000Z","volume":200,"label":" ","price":38.8},{"type":"A","date":"2018-04-11T03:17:57.000Z","volume":700,"label":" ","price":38.8},{"type":"A","date":"2018-04-11T03:18:11.000Z","volume":3700,"label":" ","price":38.8},{"type":"A","date":"2018-04-11T03:18:22.000Z","volume":100,"label":" ","price":38.85},{"type":"U","date":"2018-04-11T03:18:24.000Z","volume":1900,"label":"X","price":38.85},{"type":"U","date":"2018-04-11T03:18:39.000Z","volume":100,"label":"X","price":38.758}