[{"type":"A","date":"2018-03-21T07:57:29.000Z","volume":30500,"price":9.97,"category":"ubbull"},{"type":"A","date":"2018-03-21T07:48:52.000Z","volume":81000,"price":10,"category":"ubbull"},{"type":"A","date":"2018-03-21T07:48:42.000Z","volume":27000,"price":9.99,"category":"ubbull"},{"type":"A","date":"2018-03-21T07:46:30.000Z","volume":30000,"price":10,"category":"ubbull"},{"type":"A","date":"2018-03-21T07:46:05.000Z","volume":34500,"price":9.99,"category":"ubbull"},{"type":"A","date":"2018-03-21T07:40:50.000Z","volume":50000,"price":9.99,"category":"ubbull"},{"type":"A","date":"2018-03-21T07:35:15.000Z","volume":27500,"price":10.04,"category":"ubbull"},{"type":"A","date":"2018-03-21T07:33:35.000Z","volume":33000,"price":10,"category":"ubbull"},{"type":"A","date":"2018-03-21T07:33:32.000Z","volume":27500,"price":10,"category":"ubbull"},{"type":"A","date":"2018-03-21T07:32:50.000Z","volume":42000,"price":10,"category":"ubbull"},{"type":"A","date":"2018-03-21T07:32:25.000Z","volume":64000,"price":10,"category":"ubbull"},{"type":"A","date":"2018-03-21T07:32:23.000Z","volume":21500,"price":9.99,"category":"ubbull"},{"type":"A","date":"2018-03-21T07:32:06.000Z","volume":61000,"price":9.99,"category":"ubbull"},{"type":"A","date":"2018-03-21T07:32:06.000Z","volume":30000,"price":9.99,"category":"ubbull"},{"type":"A","date":"2018-03-21T07:31:00.000Z","volume":29000,"price":9.98,"category":"ubbull"},{"type":"A","date":"2018-03-21T07:29:07.000Z","volume":28500,"price":9.98,"category":"ubbull"},{"type":"A","date":"2018-03-21T07:29:07.000Z","volume":21500,"price":9.97,"category":"ubbull"},{"type":"A","date":"2018-03-21T07:28:27.000Z","volume":21500,"price":9.96,"category":"ubbull"},{"type":"A","date":"2018-03-21T07:15:31.000Z","volume":21500,"price":9.96,"category":"ubbull"},{"type":"A","date":"2018-03-21T07:07:10.000Z","volume":23000,"price":9.96,"category":"ubbull"},{"type":"A","date":"2018-03-21T07:03:59.000Z","volume":31000,"price":9.96,"category":"ubbull"},{"type":"A","date":"2018-03-21T07:03:59.000Z","volume":40000,"price":9.96,"category":"ubbull"},{"type":"A","date":"2018-03-21T06:58:50.000Z","volume":25000,"price":9.96,"category":"ubbull"},{"type":"A","date":"2018-03-21T06:58:20.000Z","volume":38000,"price":9.97,"category":"ubbull"},{"type":"A","date":"2018-03-21T06:52:48.000Z","volume":30000,"price":9.98,"category":"ubbull"},{"type":"A","date":"2018-03-21T06:47:20.000Z","volume":24000,"price":9.98,"category":"ubbull"},{"type":"A","date":"2018-03-21T06:35:03.000Z","volume":30000,"price":9.98,"category":"ubbull"},{"type":"A","date":"2018-03-21T06:35:03.000Z","volume":29500,"price":9.98,"category":"ubbull"},{"type":"A","date":"2018-03-21T05:38:48.000Z","volume":22500,"price":10.06,"category":"ubbull"},{"type":"A","date":"2018-03-21T05:13:31.000Z","volume":81500,"price":10.02,"category":"ubbull"},{"type":"A","date":"2018-03-21T03:52:33.000Z","volume":69500,"price":10.1,"category":"ubbull"},{"type":"A","date":"2018-03-21T03:08:11.000Z","volume":87500,"price":10.14,"category":"ubbull"},{"type":"A","date":"2018-03-21T02:45:55.000Z","volume":25500,"price":10.12,"category":"ubbull"},{"type":"A","date":"2018-03-21T02:45:55.000Z","volume":24000,"price":10.1,"category":"ubbull"},{"type":"A","date":"2018-03-21T02:41:49.000Z","volume":24500,"price":10.12,"category":"ubbull"},{"type":"A","date":"2018-03-21T02:41:49.000Z","volume":139000,"price":10.1,"category":"ubbull"},{"type":"A","date":"2018-03-21T01:55:32.000Z","volume":25000,"price":10.1,"category":"ubbull"},{"type":"A","date":"2018-03-21T01:55:04.000Z","volume":43000,"price":10.1,"category":"ubbull"},{"type":"A","date":"2018-03-21T01:35:03.000Z","volume":35000,"price":10.12,"category":"ubbull"},{"type":"A","date":"2018-03-21T07:58:42.000Z","volume":10000,"price":9.98,"category":"bbull"},{"type":"A","date":"2018-03-21T07:48:53.000Z","volume":18000,"price":9.99,"category":"bbull"},{"type":"A","date":"2018-03-21T07:48:52.000Z","volume":9000,"price":9.99,"category":"bbull"},{"type":"A","date":"2018-03-21T07:48:29.000Z","volume":10000,"price":9.99,"category":"bbull"},{"type":"A","date":"2018-03-21T07:48:23.000Z","volume":20500,"price":9.99,"category":"bbull"},{"type":"A","date":"2018-03-21T07:46:05.000Z","volume":15500,"price":10,"category":"bbull"},{"type":"A","date":"2018-03-21T07:39:55.000Z","volume":11000,"price":9.99,"category":"bbull"},{"type":"A","date":"2018-03-21T07:35:29.000Z","volume":14500,"price":10.04,"category":"bbull"},{"type":"A","date":"2018-03-21T07:34:46.000Z","volume":10500,"price":10.04,"category":"bbull"},{"type":"A","date":"2018-03-21T07:34:46.000Z","volume":19500,"price":10.02,"category":"bbull"},{"type":"A","date":"2018-03-21T07:34:00.000Z","volume":10000,"price":10.02,"category":"bbull"},{"type":"A","date":"2018-03-21T07:33:28.000Z","volume":12500,"price":10,"category":"bbull"},{"type":"A","date":"2018-03-21T07:33:19.000Z","volume":10000,"price":10,"category":"bbull"},{"type":"A","date":"2018-03-21T07:33:11.000Z","volume":11500,"price":10,"category":"bbull"},{"type":"A","date":"2018-03-21T07:32:53.000Z","volume":20000,"price":10,"category":"bbull"},{"type":"A","date":"2018-03-21T07:32:34.000Z","volume":12000,"price":10,"category":"bbull"},{"type":"A","date":"2018-03-21T07:32:01.000Z","volume":20000,"price":9.99,"category":"bbull"},{"type":"A","date":"2018-03-21T07:31:47.000Z","volume":10000,"price":9.99,"category":"bbull"},{"type":"A","date":"2018-03-21T07:31:12.000Z","volume":15000,"price":9.99,"category":"bbull"},{"type":"A","date":"2018-03-21T07:30:57.000Z","volume":15000,"price":9.98,"category":"bbull"},{"type":"A","date":"2018-03-21T07:30:24.000Z","volume":20000,"price":9.98,"category":"bbull"},{"type":"A","date":"2018-03-21T07:30:22.000Z","volume":10500,"price":9.98,"category":"bbull"},{"type":"A","date":"2018-03-21T07:29:43.000Z","volume":19000,"price":9.97,"category":"bbull"},{"type":"A","date":"2018-03-21T07:29:02.000Z","volume":10500,"price":9.97,"category":"bbull"},{"type":"A","date":"2018-03-21T07:29:02.000Z","volume":15500,"price":9.97,"category":"bbull"},{"type":"A","date":"2018-03-21T07:28:27.000Z","volume":11000,"price":9.96,"category":"bbull"},{"type":"A","date":"2018-03-21T07:24:45.000Z","volume":20000,"price":9.96,"category":"bbull"},{"type":"A","date":"2018-03-21T07:24:09.000Z","volume":10000,"price":9.96,"category":"bbull"},{"type":"A","date":"2018-03-21T07:23:27.000Z","volume":8500,"price":9.97,"category":"bbull"},{"type":"A","date":"2018-03-21T07:23:27.000Z","volume":11500,"price":9.96,"category":"bbull"},{"type":"A","date":"2018-03-21T07:19:25.000Z","volume":15000,"price":9.93,"category":"bbull"},{"type":"A","date":"2018-03-21T07:18:38.000Z","volume":20500,"price":9.92,"category":"bbull"},{"type":"A","date":"2018-03-21T07:18:38.000Z","volume":10000,"price":9.92,"category":"bbull"},{"type":"A","date":"2018-03-21T07:15:31.000Z","volume":8500,"price":9.95,"category":"bbull"},{"type":"A","date":"2018-03-21T07:14:21.000Z","volume":13000,"price":9.96,"category":"bbull"},{"type":"A","date":"2018-03-21T07:07:00.000Z","volume":10000,"price":9.96,"category":"bbull"},{"type":"A","date":"2018-03-21T06:56:32.000Z","volume":13500,"price":9.98,"category":"bbull"},{"type":"A","date":"2018-03-21T06:55:35.000Z","volume":10000,"price":9.98,"category":"bbull"},{"type":"A","date":"2018-03-21T06:47:47.000Z","volume":14500,"price":9.98,"category":"bbull"},{"type":"A","date":"2018-03-21T06:47:25.000Z","volume":11500,"price":9.98,"category":"bbull"},{"type":"A","date":"2018-03-21T06:46:58.000Z","volume":20000,"price":9.98,"category":"bbull"},{"type":"A","date":"2018-03-21T06:39:07.000Z","volume":16000,"price":9.98,"category":"bbull"},{"type":"A","date":"2018-03-21T06:21:52.000Z","volume":10000,"price":9.99,"category":"bbull"},{"type":"A","date":"2018-03-21T06:13:22.000Z","volume":11000,"price":10.04,"category":"bbull"},{"type":"A","date":"2018-03-21T06:07:40.000Z","volume":11500,"price":10.04,"category":"bbull"},{"type":"A","date":"2018-03-21T06:02:21.000Z","volume":14000,"price":10.04,"category":"bbull"},{"type":"A","date":"2018-03-21T06:00:11.000Z","volume":11000,"price":10.04,"category":"bbull"},{"type":"A","date":"2018-03-21T05:57:26.000Z","volume":12000,"price":10.04,"category":"bbull"},{"type":"A","date":"2018-03-21T05:57:26.000Z","volume":12000,"price":10.04,"category":"bbull"},{"type":"A","date":"2018-03-21T05:52:29.000Z","volume":20000,"price":10.04,"category":"bbull"},{"type":"A","date":"2018-03-21T05:47:22.000Z","volume":8500,"price":10.02,"category":"bbull"},{"type":"A","date":"2018-03-21T05:41:22.000Z","volume":11000,"price":10.02,"category":"bbull"},{"type":"A","date":"2018-03-21T05:26:27.000Z","volume":10000,"price":10.04,"category":"bbull"},{"type":"A","date":"2018-03-21T05:14:15.000Z","volume":11500,"price":10.04,"category":"bbull"},{"type":"A","date":"2018-03-21T05:07:00.000Z","volume":19500,"price":10.04,"category":"bbull"},{"type":"A","date":"2018-03-21T05:00:00.000Z","volume":10000,"price":10.08,"category":"bbull"},{"type":"A","date":"2018-03-21T03:52:38.000Z","volume":10000,"price":10.1,"category":"bbull"},{"type":"A","date":"2018-03-21T03:11:47.000Z","volume":10000,"price":10.12,"category":"bbull"},{"type":"A","date":"2018-03-21T03:10:29.000Z","volume":9000,"price":10.14,"category":"bbull"},{"type":"A","date":"2018-03-21T03:08:11.000Z","volume":10000,"price":10.12,"category":"bbull"},{"type":"A","date":"2018-03-21T03:07:48.000Z","volume":10000,"price":10.12,"category":"bbull"},{"type":"A","date":"2018-03-21T03:06:02.000Z","volume":10000,"price":10.12,"category":"bbull"},{"type":"A","date":"2018-03-21T03:05:09.000Z","volume":10000,"price":10.12,"category":"bbull"},{"type":"A","date":"2018-03-21T03:02:19.000Z","volume":8500,"price":10.12,"category":"bbull"},{"type":"A","date":"2018-03-21T02:52:10.000Z","volume":10000,"price":10.12,"category":"bbull"},{"type":"A","date":"2018-03-21T02:50:31.000Z","volume":20500,"price":10.14,"category":"bbull"},{"type":"A","date":"2018-03-21T02:40:37.000Z","volume":20000,"price":10.1,"category":"bbull"},{"type":"A","date":"2018-03-21T02:38:19.000Z","volume":20000,"price":10.1,"category":"bbull"},{"type":"A","date":"2018-03-21T02:33:14.000Z","volume":10000,"price":10.08,"category":"bbull"},{"type":"A","date":"2018-03-21T02:28:54.000Z","volume":18000,"price":10.08,"category":"bbull"},{"type":"A","date":"2018-03-21T02:18:57.000Z","volume":10000,"price":10.08,"category":"bbull"},{"type":"A","date":"2018-03-21T02:18:34.000Z","volume":10000,"price":10.08,"category":"bbull"},{"type":"A","date":"2018-03-21T02:15:53.000Z","volume":15000,"price":10.1,"category":"bbull"},{"type":"A","date":"2018-03-21T07:56:33.000Z","volume":500,"price":9.96,"category":"rbull"},{"type":"A","date":"2018-03-21T07:54:20.000Z","volume":500,"price":9.96,"category":"rbull"},{"type":"A","date":"2018-03-21T07:51:49.000Z","volume":500,"price":9.97,"category":"rbull"},{"type":"A","date":"2018-03-21T07:51:14.000Z","volume":500,"price":9.96,"category":"rbull"},{"type":"A","date":"2018-03-21T07:51:01.000Z","volume":500,"price":9.96,"category":"rbull"},{"type":"A","date":"2018-03-21T07:48:01.000Z","volume":1000,"price":9.98,"category":"rbull"},{"type":"A","date":"2018-03-21T07:48:01.000Z","volume":500,"price":9.98,"category":"rbull"},{"type":"A","date":"2018-03-21T07:48:01.000Z","volume":500,"price":9.98,"category":"rbull"},{"type":"A","date":"2018-03-21T07:48:01.000Z","volume":500,"price":9.98,"category":"rbull"},{"type":"A","date":"2018-03-21T07:48:01.000Z","volume":500,"price":9.98,"category":"rbull"},{"type":"A","date":"2018-03-21T07:47:59.000Z","volume":500,"price":9.98,"category":"rbull"},{"type":"A","date":"2018-03-21T07:47:59.000Z","volume":1000,"price":9.99,"category":"rbull"},{"type":"A","date":"2018-03-21T07:47:45.000Z","volume":500,"price":9.99,"category":"rbull"},{"type":"A","date":"2018-03-21T07:47:05.000Z","volume":500,"price":9.99,"category":"rbull"},{"type":"A","date":"2018-03-21T07:41:04.000Z","volume":500,"price":10,"category":"rbull"},{"type":"A","date":"2018-03-21T07:40:06.000Z","volume":1000,"price":10,"category":"rbull"},{"type":"A","date":"2018-03-21T07:37:07.000Z","volume":500,"price":10.04,"category":"rbull"},{"type":"A","date":"2018-03-21T07:36:38.000Z","volume":1000,"price":10.04,"category":"rbull"},{"type":"A","date":"2018-03-21T07:36:06.000Z","volume":1000,"price":10.04,"category":"rbull"},{"type":"A","date":"2018-03-21T07:35:42.000Z","volume":500,"price":10.04,"category":"rbull"},{"type":"A","date":"2018-03-21T07:35:09.000Z","volume":500,"price":10.04,"category":"rbull"},{"type":"A","date":"2018-03-21T07:33:27.000Z","volume":500,"price":10,"category":"rbull"},{"type":"A","date":"2018-03-21T07:30:28.000Z","volume":500,"price":9.98,"category":"rbull"},{"type":"A","date":"2018-03-21T07:22:19.000Z","volume":1000,"price":9.94,"category":"rbull"},{"type":"A","date":"2018-03-21T07:18:33.000Z","volume":500,"price":9.92,"category":"rbull"},{"type":"A","date":"2018-03-21T07:11:08.000Z","volume":1000,"price":9.96,"category":"rbull"},{"type":"A","date":"2018-03-21T07:08:37.000Z","volume":1000,"price":9.97,"category":"rbull"},{"type":"A","date":"2018-03-21T07:06:30.000Z","volume":1000,"price":9.96,"category":"rbull"},{"type":"A","date":"2018-03-21T07:02:35.000Z","volume":500,"price":9.96,"category":"rbull"},{"type":"A","date":"2018-03-21T07:00:00.000Z","volume":500,"price":9.96,"category":"rbull"},{"type":"A","date":"2018-03-21T06:57:42.000Z","volume":1000,"price":9.98,"category":"rbull"},{"type":"A","date":"2018-03-21T06:56:52.000Z","volume":1000,"price":9.98,"category":"rbull"},{"type":"A","date":"2018-03-21T06:56:41.000Z","volume":500,"price":9.98,"category":"rbull"},{"type":"A","date":"2018-03-21T06:51:33.000Z","volume":1000,"price":9.99,"category":"rbull"},{"type":"A","date":"2018-03-21T06:47:56.000Z","volume":500,"price":9.98,"category":"rbull"},{"type":"A","date":"2018-03-21T06:44:41.000Z","volume":1000,"price":9.98,"category":"rbull"},{"type":"A","date":"2018-03-21T06:38:54.000Z","volume":1000,"price":9.98,"category":"rbull"},{"type":"A","date":"2018-03-21T06:23:08.000Z","volume":1000,"price":9.99,"category":"rbull"},{"type":"A","date":"2018-03-21T06:22:01.000Z","volume":500,"price":9.99,"category":"rbull"},{"type":"A","date":"2018-03-21T06:21:39.000Z","volume":1000,"price":9.99,"category":"rbull"},{"type":"A","date":"2018-03-21T06:21:28.000Z","volume":500,"price":9.99,"category":"rbull"},{"type":"A","date":"2018-03-21T06:19:26.000Z","volume":500,"price":10,"category":"rbull"},{"type":"A","date":"2018-03-21T06:18:50.000Z","volume":500,"price":10,"category":"rbull"},{"type":"A","date":"2018-03-21T06:15:52.000Z","volume":500,"price":10,"category":"rbull"},{"type":"A","date":"2018-03-21T06:13:47.000Z","volume":500,"price":10.04,"category":"rbull"},{"type":"A","date":"2018-03-21T06:13:41.000Z","volume":500,"price":10.04,"category":"rbull"},{"type":"A","date":"2018-03-21T06:11:54.000Z","volume":1000,"price":10.04,"category":"rbull"},{"type":"A","date":"2018-03-21T06:08:20.000Z","volume":500,"price":10.04,"category":"rbull"},{"type":"A","date":"2018-03-21T06:06:32.000Z","volume":1000,"price":10.04,"category":"rbull"},{"type":"A","date":"2018-03-21T06:05:58.000Z","volume":500,"price":10.04,"category":"rbull"},{"type":"A","date":"2018-03-21T06:03:34.000Z","volume":1000,"price":10.04,"category":"rbull"},{"type":"A","date":"2018-03-21T06:03:32.000Z","volume":500,"price":10.04,"category":"rbull"},{"type":"A","date":"2018-03-21T06:02:29.000Z","volume":1000,"price":10.06,"category":"rbull"},{"type":"A","date":"2018-03-21T06:00:22.000Z","volume":500,"price":10.04,"category":"rbull"},{"type":"A","date":"2018-03-21T05:59:50.000Z","volume":1000,"price":10.04,"category":"rbull"},{"type":"A","date":"2018-03-21T05:56:19.000Z","volume":1000,"price":10.04,"category":"rbull"},{"type":"A","date":"2018-03-21T05:55:09.000Z","volume":500,"price":10.04,"category":"rbull"},{"type":"A","date":"2018-03-21T05:52:27.000Z","volume":500,"price":10.04,"category":"rbull"},{"type":"A","date":"2018-03-21T05:52:14.000Z","volume":500,"price":10.04,"category":"rbull"},{"type":"A","date":"2018-03-21T05:49:07.000Z","volume":1000,"price":10.06,"category":"rbull"},{"type":"A","date":"2018-03-21T05:49:01.000Z","volume":500,"price":10.06,"category":"rbull"},{"type":"A","date":"2018-03-21T05:48:15.000Z","volume":1000,"price":10.04,"category":"rbull"},{"type":"A","date":"2018-03-21T05:47:57.000Z","volume":500,"price":10.02,"category":"rbull"},{"type":"A","date":"2018-03-21T05:47:39.000Z","volume":1000,"price":10.04,"category":"rbull"},{"type":"A","date":"2018-03-21T05:45:15.000Z","volume":500,"price":10.06,"category":"rbull"},{"type":"A","date":"2018-03-21T05:44:10.000Z","volume":1000,"price":10.06,"category":"rbull"},{"type":"A","date":"2018-03-21T05:42:10.000Z","volume":1000,"price":10.06,"category":"rbull"},{"type":"A","date":"2018-03-21T05:41:22.000Z","volume":1000,"price":10.02,"category":"rbull"},{"type":"A","date":"2018-03-21T05:40:48.000Z","volume":500,"price":10.04,"category":"rbull"},{"type":"A","date":"2018-03-21T05:39:05.000Z","volume":1000,"price":10.08,"category":"rbull"},{"type":"A","date":"2018-03-21T05:37:38.000Z","volume":1000,"price":10.06,"category":"rbull"},{"type":"A","date":"2018-03-21T05:36:27.000Z","volume":500,"price":10.06,"category":"rbull"},{"type":"A","date":"2018-03-21T05:36:12.000Z","volume":500,"price":10.08,"category":"rbull"},{"type":"A","date":"2018-03-21T05:35:12.000Z","volume":500,"price":10.08,"category":"rbull"},{"type":"A","date":"2018-03-21T05:34:42.000Z","volume":500,"price":10.08,"category":"rbull"},{"type":"A","date":"2018-03-21T05:34:18.000Z","volume":1000,"price":10.06,"category":"rbull"},{"type":"A","date":"2018-03-21T05:34:14.000Z","volume":500,"price":10.06,"category":"rbull"},{"type":"A","date":"2018-03-21T05:33:05.000Z","volume":500,"price":10.06,"category":"rbull"},{"type":"A","date":"2018-03-21T05:32:43.000Z","volume":500,"price":10.08,"category":"rbull"},{"type":"A","date":"2018-03-21T05:32:13.000Z","volume":1000,"price":10.08,"category":"rbull"},{"type":"A","date":"2018-03-21T05:30:32.000Z","volume":500,"price":10.06,"category":"rbull"},{"type":"A","date":"2018-03-21T05:29:00.000Z","volume":500,"price":10.06,"category":"rbull"},{"type":"A","date":"2018-03-21T05:27:45.000Z","volume":1000,"price":10.06,"category":"rbull"},{"type":"A","date":"2018-03-21T05:27:31.000Z","volume":500,"price":10.06,"category":"rbull"},{"type":"A","date":"2018-03-21T05:25:34.000Z","volume":1000,"price":10.04,"category":"rbull"},{"type":"A","date":"2018-03-21T05:24:55.000Z","volume":1000,"price":10.04,"category":"rbull"},{"type":"A","date":"2018-03-21T05:23:20.000Z","volume":500,"price":10.04,"category":"rbull"},{"type":"A","date":"2018-03-21T05:21:02.000Z","volume":1000,"price":10.06,"category":"rbull"},{"type":"A","date":"2018-03-21T05:19:34.000Z","volume":1000,"price":10.02,"category":"rbull"},{"type":"A","date":"2018-03-21T05:18:59.000Z","volume":500,"price":10.02,"category":"rbull"},{"type":"A","date":"2018-03-21T05:17:21.000Z","volume":1000,"price":10.06,"category":"rbull"},{"type":"A","date":"2018-03-21T05:16:24.000Z","volume":500,"price":10.06,"category":"rbull"},{"type":"A","date":"2018-03-21T05:14:49.000Z","volume":1000,"price":10.06,"category":"rbull"},{"type":"A","date":"2018-03-21T05:14:15.000Z","volume":1000,"price":10.06,"category":"rbull"},{"type":"A","date":"2018-03-21T05:12:10.000Z","volume":500,"price":10.04,"category":"rbull"},{"type":"A","date":"2018-03-21T05:09:46.000Z","volume":1000,"price":10.04,"category":"rbull"},{"type":"A","date":"2018-03-21T05:09:33.000Z","volume":500,"price":10.04,"category":"rbull"},{"type":"A","date":"2018-03-21T05:04:49.000Z","volume":500,"price":10.04,"category":"rbull"},{"type":"A","date":"2018-03-21T05:03:15.000Z","volume":1000,"price":10.04,"category":"rbull"},{"type":"A","date":"2018-03-21T05:00:56.000Z","volume":500,"price":10.04,"category":"rbull"},{"type":"A","date":"2018-03-21T05:00:02.000Z","volume":500,"price":10.08,"category":"rbull"},{"type":"A","date":"2018-03-21T05:00:00.000Z","volume":500,"price":10.04,"category":"rbull"},{"type":"A","date":"2018-03-21T05:00:00.000Z","volume":1000,"price":10.08,"category":"rbull"},{"type":"A","date":"2018-03-21T03:56:11.000Z","volume":500,"price":10.08,"category":"rbull"},{"type":"A","date":"2018-03-21T03:54:31.000Z","volume":500,"price":10.08,"category":"rbull"},{"type":"A","date":"2018-03-21T03:52:55.000Z","volume":1000,"price":10.08,"category":"rbull"},{"type":"A","date":"2018-03-21T03:51:53.000Z","volume":1000,"price":10.1,"category":"rbull"},{"type":"A","date":"2018-03-21T03:49:48.000Z","volume":1000,"price":10.1,"category":"rbull"},{"type":"A","date":"2018-03-21T03:47:12.000Z","volume":500,"price":10.1,"category":"rbull"},{"type":"A","date":"2018-03-21T03:47:10.000Z","volume":500,"price":10.08,"category":"rbull"},{"type":"A","date":"2018-03-21T03:43:20.000Z","volume":1000,"price":10.1,"category":"rbull"},{"type":"A","date":"2018-03-21T03:41:31.000Z","volume":500,"price":10.1,"category":"rbull"},{"type":"A","date":"2018-03-21T03:41:05.000Z","volume":500,"price":10.1,"category":"rbull"},{"type":"A","date":"2018-03-21T03:40:04.000Z","volume":500,"price":10.1,"category":"rbull"},{"type":"A","date":"2018-03-21T03:39:29.000Z","volume":1000,"price":10.1,"category":"rbull"},{"type":"A","date":"2018-03-21T03:39:03.000Z","volume":500,"price":10.1,"category":"rbull"},{"type":"A","date":"2018-03-21T03:38:32.000Z","volume":1000,"price":10.1,"category":"rbull"},{"type":"A","date":"2018-03-21T03:38:32.000Z","volume":1000,"price":10.08,"category":"rbull"},{"type":"A","date":"2018-03-21T03:31:49.000Z","volume":500,"price":10.08,"category":"rbull"},{"type":"A","date":"2018-03-21T03:31:36.000Z","volume":1000,"price":10.1,"category":"rbull"},{"type":"A","date":"2018-03-21T03:30:49.000Z","volume":1000,"price":10.1,"category":"rbull"},{"type":"A","date":"2018-03-21T03:26:59.000Z","volume":500,"price":10.08,"category":"rbull"},{"type":"A","date":"2018-03-21T03:24:49.000Z","volume":500,"price":10.08,"category":"rbull"},{"type":"A","date":"2018-03-21T03:23:14.000Z","volume":500,"price":10.1,"category":"rbull"},{"type":"A","date":"2018-03-21T03:18:33.000Z","volume":500,"price":10.12,"category":"rbull"},{"type":"A","date":"2018-03-21T03:13:22.000Z","volume":500,"price":10.12,"category":"rbull"},{"type":"A","date":"2018-03-21T03:12:38.000Z","volume":1000,"price":10.12,"category":"rbull"},{"type":"A","date":"2018-03-21T03:09:50.000Z","volume":500,"price":10.14,"category":"rbull"},{"type":"A","date":"2018-03-21T03:09:23.000Z","volume":500,"price":10.14,"category":"rbull"},{"type":"A","date":"2018-03-21T03:07:01.000Z","volume":1000,"price":10.12,"category":"rbull"},{"type":"A","date":"2018-03-21T03:05:40.000Z","volume":1000,"price":10.12,"category":"rbull"},{"type":"A","date":"2018-03-21T03:02:50.000Z","volume":500,"price":10.14,"category":"rbull"},{"type":"A","date":"2018-03-21T03:02:26.000Z","volume":1000,"price":10.14,"category":"rbull"},{"type":"A","date":"2018-03-21T03:02:07.000Z","volume":500,"price":10.12,"category":"rbull"},{"type":"A","date":"2018-03-21T02:59:58.000Z","volume":500,"price":10.12,"category":"rbull"},{"type":"A","date":"2018-03-21T02:59:25.000Z","volume":500,"price":10.12,"category":"rbull"},{"type":"A","date":"2018-03-21T02:58:15.000Z","volume":500,"price":10.12,"category":"rbull"},{"type":"A","date":"2018-03-21T02:57:16.000Z","volume":500,"price":10.12,"category":"rbull"},{"type":"A","date":"2018-03-21T02:55:04.000Z","volume":1000,"price":10.12,"category":"rbull"},{"type":"A","date":"2018-03-21T02:53:56.000Z","volume":1000,"price":10.12,"category":"rbull"},{"type":"A","date":"2018-03-21T02:52:23.000Z","volume":1000,"price":10.12,"category":"rbull"},{"type":"A","date":"2018-03-21T02:51:46.000Z","volume":500,"price":10.12,"category":"rbull"},{"type":"A","date":"2018-03-21T02:51:03.000Z","volume":500,"price":10.12,"category":"rbull"},{"type":"A","date":"2018-03-21T02:50:25.000Z","volume":500,"price":10.14,"category":"rbull"},{"type":"A","date":"2018-03-21T02:50:05.000Z","volume":500,"price":10.14,"category":"rbull"},{"type":"A","date":"2018-03-21T02:49:30.000Z","volume":1000,"price":10.14,"category":"rbull"},{"type":"A","date":"2018-03-21T02:48:42.000Z","volume":1000,"price":10.14,"category":"rbull"},{"type":"A","date":"2018-03-21T02:48:24.000Z","volume":500,"price":10.14,"category":"rbull"},{"type":"A","date":"2018-03-21T02:48:20.000Z","volume":500,"price":10.12,"category":"rbull"},{"type":"A","date":"2018-03-21T02:47:38.000Z","volume":1000,"price":10.14,"category":"rbull"},{"type":"A","date":"2018-03-21T02:47:30.000Z","volume":500,"price":10.14,"category":"rbull"},{"type":"A","date":"2018-03-21T02:46:34.000Z","volume":500,"price":10.14,"category":"rbull"},{"type":"A","date":"2018-03-21T02:46:28.000Z","volume":500,"price":10.14,"category":"rbull"},{"type":"A","date":"2018-03-21T02:46:26.000Z","volume":1000,"price":10.14,"category":"rbull"},{"type":"A","date":"2018-03-21T02:46:11.000Z","volume":500,"price":10.14,"category":"rbull"},{"type":"A","date":"2018-03-21T02:46:08.000Z","volume":1000,"price":10.14,"category":"rbull"},{"type":"A","date":"2018-03-21T02:45:55.000Z","volume":500,"price":10.12,"category":"rbull"},{"type":"A","date":"2018-03-21T02:45:55.000Z","volume":500,"price":10.12,"category":"rbull"},{"type":"A","date":"2018-03-21T02:45:08.000Z","volume":500,"price":10.1,"category":"rbull"},{"type":"A","date":"2018-03-21T02:44:58.000Z","volume":1000,"price":10.1,"category":"rbull"},{"type":"A","date":"2018-03-21T02:44:18.000Z","volume":1000,"price":10.1,"category":"rbull"},{"type":"A","date":"2018-03-21T02:44:14.000Z","volume":500,"price":10.1,"category":"rbull"},{"type":"A","date":"2018-03-21T02:43:28.000Z","volume":500,"price":10.12,"category":"rbull"},{"type":"A","date":"2018-03-21T02:42:59.000Z","volume":500,"price":10.12,"category":"rbull"},{"type":"A","date":"2018-03-21T02:42:17.000Z","volume":1000,"price":10.12,"category":"rbull"},{"type":"A","date":"2018-03-21T02:37:27.000Z","volume":500,"price":10.1,"category":"rbull"},{"type":"A","date":"2018-03-21T02:36:30.000Z","volume":1000,"price":10.1,"category":"rbull"},{"type":"A","date":"2018-03-21T02:36:01.000Z","volume":500,"price":10.1,"category":"rbull"},{"type":"A","date":"2018-03-21T02:33:21.000Z","volume":1000,"price":10.08,"category":"rbull"},{"type":"A","date":"2018-03-21T02:31:59.000Z","volume":500,"price":10.1,"category":"rbull"},{"type":"A","date":"2018-03-21T02:30:33.000Z","volume":500,"price":10.1,"category":"rbull"},{"type":"A","date":"2018-03-21T02:27:31.000Z","volume":1000,"price":10.08,"category":"rbull"},{"type":"A","date":"2018-03-21T02:19:13.000Z","volume":500,"price":10.1,"category":"rbull"},{"type":"A","date":"2018-03-21T02:18:47.000Z","volume":1000,"price":10.08,"category":"rbull"},{"type":"A","date":"2018-03-21T02:18:27.000Z","volume":500,"price":10.06,"category":"rbull"},{"type":"A","date":"2018-03-21T02:18:17.000Z","volume":1000,"price":10.08,"category":"rbull"},{"type":"A","date":"2018-03-21T02:18:09.000Z","volume":1000,"price":10.08,"category":"rbull"},{"type":"A","date":"2018-03-21T02:17:58.000Z","volume":1000,"price":10.06,"category":"rbull"},{"type":"A","date":"2018-03-21T02:17:44.000Z","volume":1000,"price":10.08,"category":"rbull"},{"type":"A","date":"2018-03-21T02:13:34.000Z","volume":1000,"price":10.1,"category":"rbull"},{"type":"A","date":"2018-03-21T02:07:09.000Z","volume":1000,"price":10.1,"category":"rbull"},{"type":"A","date":"2018-03-21T02:06:54.000Z","volume":500,"price":10.1,"category":"rbull"},{"type":"A","date":"2018-03-21T02:04:29.000Z","volume":500,"price":10.1,"category":"rbull"},{"type":"A","date":"2018-03-21T02:02:54.000Z","volume":500,"price":10.1,"category":"rbull"},{"type":"A","date":"2018-03-21T02:02:15.000Z","volume":500,"price":10.08,"category":"rbull"},{"type":"A","date":"2018-03-21T02:01:31.000Z","volume":1000,"price":10.1,"category":"rbull"},{"type":"A","date":"2018-03-21T01:58:12.000Z","volume":500,"price":10.12,"category":"rbull"},{"type":"A","date":"2018-03-21T01:56:51.000Z","volume":1000,"price":10.12,"category":"rbull"},{"type":"A","date":"2018-03-21T01:54:37.000Z","volume":1000,"price":10.1,"category":"rbull"},{"type":"A","date":"2018-03-21T01:54:00.000Z","volume":1000,"price":10.1,"category":"rbull"},{"type":"A","date":"2018-03-21T01:53:28.000Z","volume":1000,"price":10.1,"category":"rbull"},{"type":"A","date":"2018-03-21T01:51:57.000Z","volume":1000,"price":10.1,"category":"rbull"},{"type":"A","date":"2018-03-21T01:50:27.000Z","volume":500,"price":10.12,"category":"rbull"},{"type":"A","date":"2018-03-21T01:50:14.000Z","volume":500,"price":10.1,"category":"rbull"},{"type":"A","date":"2018-03-21T01:46:50.000Z","volume":500,"price":10.14,"category":"rbull"},{"type":"A","date":"2018-03-21T01:46:34.000Z","volume":1000,"price":10.14,"category":"rbull"},{"type":"A","date":"2018-03-21T01:45:20.000Z","volume":500,"price":10.14,"category":"rbull"},{"type":"A","date":"2018-03-21T01:45:11.000Z","volume":500,"price":10.14,"category":"rbull"},{"type":"A","date":"2018-03-21T01:44:29.000Z","volume":1000,"price":10.14,"category":"rbull"},{"type":"A","date":"2018-03-21T01:42:48.000Z","volume":1000,"price":10.16,"category":"rbull"},{"type":"A","date":"2018-03-21T01:37:15.000Z","volume":500,"price":10.12,"category":"rbull"},{"type":"A","date":"2018-03-21T01:35:54.000Z","volume":1000,"price":10.12,"category":"rbull"},{"type":"A","date":"2018-03-21T01:35:03.000Z","volume":500,"price":10.12,"category":"rbull"},{"type":"A","date":"2018-03-21T01:33:29.000Z","volume":1000,"price":10.12,"category":"rbull"},{"type":"A","date":"2018-03-21T01:30:49.000Z","volume":500,"price":10.16,"category":"rbull"},{"type":"A","date":"2018-03-21T01:30:21.000Z","volume":1000,"price":10.14,"category":"rbull"},{"type":"A","date":"2018-03-21T01:30:01.000Z","volume":500,"price":10.14,"category":"rbull"},{"type":"B","date":"2018-03-21T07:59:23.000Z","volume":1000,"price":9.97,"category":"rbear"},{"type":"B","date":"2018-03-21T07:59:19.000Z","volume":1000,"price":9.97,"category":"rbear"},{"type":"B","date":"2018-03-21T07:53:27.000Z","volume":500,"price":9.96,"category":"rbear"},{"type":"B","date":"2018-03-21T07:52:44.000Z","volume":1000,"price":9.96,"category":"rbear"},{"type":"B","date":"2018-03-21T07:50:37.000Z","volume":1000,"price":9.96,"category":"rbear"},{"type":"B","date":"2018-03-21T07:45:18.000Z","volume":500,"price":9.98,"category":"rbear"},{"type":"B","date":"2018-03-21T07:45:18.000Z","volume":500,"price":9.98,"category":"rbear"},{"type":"B","date":"2018-03-21T07:38:51.000Z","volume":1000,"price":9.99,"category":"rbear"},{"type":"B","date":"2018-03-21T07:32:17.000Z","volume":1000,"price":9.99,"category":"rbear"},{"type":"B","date":"2018-03-21T07:21:23.000Z","volume":500,"price":9.94,"category":"rbear"},{"type":"B","date":"2018-03-21T07:19:19.000Z","volume":500,"price":9.93,"category":"rbear"},{"type":"B","date":"2018-03-21T07:05:41.000Z","volume":1000,"price":9.95,"category":"rbear"},{"type":"B","date":"2018-03-21T06:57:59.000Z","volume":1000,"price":9.98,"category":"rbear"},{"type":"B","date":"2018-03-21T06:57:13.000Z","volume":500,"price":9.97,"category":"rbear"},{"type":"B","date":"2018-03-21T06:57:00.000Z","volume":500,"price":9.98,"category":"rbear"},{"type":"B","date":"2018-03-21T06:52:32.000Z","volume":1000,"price":9.98,"category":"rbear"},{"type":"B","date":"2018-03-21T06:48:01.000Z","volume":500,"price":9.98,"category":"rbear"},{"type":"B","date":"2018-03-21T06:41:23.000Z","volume":500,"price":9.98,"category":"rbear"},{"type":"B","date":"2018-03-21T06:40:08.000Z","volume":1000,"price":9.98,"category":"rbear"},{"type":"B","date":"2018-03-21T06:30:27.000Z","volume":1000,"price":9.98,"category":"rbear"},{"type":"B","date":"2018-03-21T06:28:34.000Z","volume":500,"price":9.98,"category":"rbear"},{"type":"B","date":"2018-03-21T06:25:10.000Z","volume":1000,"price":9.98,"category":"rbear"},{"type":"B","date":"2018-03-21T06:19:42.000Z","volume":1000,"price":9.99,"category":"rbear"},{"type":"B","date":"2018-03-21T06:01:57.000Z","volume":500,"price":10.02,"category":"rbear"},{"type":"B","date":"2018-03-21T05:47:54.000Z","volume":1000,"price":10.02,"category":"rbear"},{"type":"B","date":"2018-03-21T05:27:37.000Z","volume":500,"price":10.04,"category":"rbear"},{"type":"B","date":"2018-03-21T05:06:12.000Z","volume":500,"price":10.02,"category":"rbear"},{"type":"B","date":"2018-03-21T03:21:28.000Z","volume":500,"price":10.08,"category":"rbear"},{"type":"B","date":"2018-03-21T03:20:39.000Z","volume":1000,"price":10.08,"category":"rbear"},{"type":"B","date":"2018-03-21T03:19:22.000Z","volume":1000,"price":10.1,"category":"rbear"},{"type":"B","date":"2018-03-21T03:02:04.000Z","volume":500,"price":10.08,"category":"rbear"},{"type":"B","date":"2018-03-21T02:50:32.000Z","volume":1000,"price":10.12,"category":"rbear"},{"type":"B","date":"2018-03-21T02:50:32.000Z","volume":1000,"price":10.12,"category":"rbear"},{"type":"B","date":"2018-03-21T02:44:02.000Z","volume":1000,"price":10.08,"category":"rbear"},{"type":"B","date":"2018-03-21T02:27:14.000Z","volume":1000,"price":10.06,"category":"rbear"},{"type":"B","date":"2018-03-21T02:26:36.000Z","volume":1000,"price":10.06,"category":"rbear"},{"type":"B","date":"2018-03-21T02:18:27.000Z","volume":500,"price":10.06,"category":"rbear"},{"type":"B","date":"2018-03-21T02:18:27.000Z","volume":1000,"price":10.06,"category":"rbear"},{"type":"B","date":"2018-03-21T02:12:19.000Z","volume":1000,"price":10.08,"category":"rbear"},{"type":"B","date":"2018-03-21T02:12:19.000Z","volume":500,"price":10.08,"category":"rbear"},{"type":"B","date":"2018-03-21T02:03:42.000Z","volume":500,"price":10.06,"category":"rbear"},{"type":"B","date":"2018-03-21T02:03:19.000Z","volume":500,"price":10.06,"category":"rbear"},{"type":"B","date":"2018-03-21T02:03:01.000Z","volume":500,"price":10.06,"category":"rbear"},{"type":"B","date":"2018-03-21T01:59:10.000Z","volume":1000,"price":10.1,"category":"rbear"},{"type":"B","date":"2018-03-21T01:59:10.000Z","volume":500,"price":10.1,"category":"rbear"},{"type":"B","date":"2018-03-21T01:58:00.000Z","volume":500,"price":10.1,"category":"rbear"},{"type":"B","date":"2018-03-21T01:57:38.000Z","volume":1000,"price":10.1,"category":"rbear"},{"type":"B","date":"2018-03-21T01:53:54.000Z","volume":1000,"price":10.06,"category":"rbear"},{"type":"B","date":"2018-03-21T01:51:10.000Z","volume":1000,"price":10.08,"category":"rbear"},{"type":"B","date":"2018-03-21T01:48:41.000Z","volume":1000,"price":10.1,"category":"rbear"},{"type":"B","date":"2018-03-21T01:42:42.000Z","volume":500,"price":10.14,"category":"rbear"},{"type":"B","date":"2018-03-21T01:41:33.000Z","volume":500,"price":10.12,"category":"rbear"},{"type":"B","date":"2018-03-21T01:40:15.000Z","volume":500,"price":10.14,"category":"rbear"},{"type":"B","date":"2018-03-21T01:36:55.000Z","volume":500,"price":10.12,"category":"rbear"},{"type":"B","date":"2018-03-21T01:36:51.000Z","volume":500,"price":10.12,"category":"rbear"},{"type":"B","date":"2018-03-21T01:33:56.000Z","volume":500,"price":10.1,"category":"rbear"},{"type":"B","date":"2018-03-21T01:31:23.000Z","volume":1000,"price":10.14,"category":"rbear"},{"type":"B","date":"2018-03-21T07:54:45.000Z","volume":13000,"price":9.95,"category":"bbear"},{"type":"B","date":"2018-03-21T07:53:16.000Z","volume":10000,"price":9.96,"category":"bbear"},{"type":"B","date":"2018-03-21T07:51:18.000Z","volume":10000,"price":9.95,"category":"bbear"},{"type":"B","date":"2018-03-21T07:50:18.000Z","volume":10000,"price":9.97,"category":"bbear"},{"type":"B","date":"2018-03-21T07:50:18.000Z","volume":17500,"price":9.97,"category":"bbear"},{"type":"B","date":"2018-03-21T07:47:59.000Z","volume":9000,"price":9.98,"category":"bbear"},{"type":"B","date":"2018-03-21T07:38:16.000Z","volume":18000,"price":10,"category":"bbear"},{"type":"B","date":"2018-03-21T07:37:14.000Z","volume":20500,"price":10.02,"category":"bbear"},{"type":"B","date":"2018-03-21T07:35:56.000Z","volume":10000,"price":10.02,"category":"bbear"},{"type":"B","date":"2018-03-21T07:32:17.000Z","volume":15500,"price":9.99,"category":"bbear"},{"type":"B","date":"2018-03-21T07:31:45.000Z","volume":20000,"price":9.98,"category":"bbear"},{"type":"B","date":"2018-03-21T07:31:27.000Z","volume":8500,"price":9.98,"category":"bbear"},{"type":"B","date":"2018-03-21T07:29:28.000Z","volume":10000,"price":9.97,"category":"bbear"},{"type":"B","date":"2018-03-21T07:29:03.000Z","volume":20000,"price":9.96,"category":"bbear"},{"type":"B","date":"2018-03-21T07:23:59.000Z","volume":20000,"price":9.95,"category":"bbear"},{"type":"B","date":"2018-03-21T07:19:19.000Z","volume":11000,"price":9.93,"category":"bbear"},{"type":"B","date":"2018-03-21T07:18:27.000Z","volume":10500,"price":9.93,"category":"bbear"},{"type":"B","date":"2018-03-21T07:15:04.000Z","volume":12500,"price":9.94,"category":"bbear"},{"type":"B","date":"2018-03-21T07:09:58.000Z","volume":13500,"price":9.96,"category":"bbear"},{"type":"B","date":"2018-03-21T07:09:58.000Z","volume":9500,"price":9.96,"category":"bbear"},{"type":"B","date":"2018-03-21T07:06:30.000Z","volume":13500,"price":9.96,"category":"bbear"},{"type":"B","date":"2018-03-21T06:58:41.000Z","volume":15000,"price":9.97,"category":"bbear"},{"type":"B","date":"2018-03-21T06:47:25.000Z","volume":10000,"price":9.97,"category":"bbear"},{"type":"B","date":"2018-03-21T06:46:20.000Z","volume":10000,"price":9.97,"category":"bbear"},{"type":"B","date":"2018-03-21T06:43:33.000Z","volume":10000,"price":9.97,"category":"bbear"},{"type":"B","date":"2018-03-21T06:41:23.000Z","volume":10000,"price":9.98,"category":"bbear"},{"type":"B","date":"2018-03-21T06:41:11.000Z","volume":20000,"price":9.98,"category":"bbear"},{"type":"B","date":"2018-03-21T06:37:06.000Z","volume":10000,"price":9.97,"category":"bbear"},{"type":"B","date":"2018-03-21T06:32:46.000Z","volume":10000,"price":9.97,"category":"bbear"},{"type":"B","date":"2018-03-21T06:26:37.000Z","volume":10000,"price":9.98,"category":"bbear"},{"type":"B","date":"2018-03-21T06:26:12.000Z","volume":9000,"price":9.98,"category":"bbear"},{"type":"B","date":"2018-03-21T06:21:01.000Z","volume":10000,"price":9.99,"category":"bbear"},{"type":"B","date":"2018-03-21T06:14:56.000Z","volume":8500,"price":10,"category":"bbear"},{"type":"B","date":"2018-03-21T06:13:52.000Z","volume":9000,"price":10.02,"category":"bbear"},{"type":"B","date":"2018-03-21T05:47:54.000Z","volume":13500,"price":10.02,"category":"bbear"},{"type":"B","date":"2018-03-21T05:25:57.000Z","volume":10000,"price":10.02,"category":"bbear"},{"type":"B","date":"2018-03-21T05:20:11.000Z","volume":9500,"price":10,"category":"bbear"},{"type":"B","date":"2018-03-21T05:18:37.000Z","volume":20500,"price":10.02,"category":"bbear"},{"type":"B","date":"2018-03-21T05:14:31.000Z","volume":12500,"price":10.02,"category":"bbear"},{"type":"B","date":"2018-03-21T05:13:19.000Z","volume":11500,"price":10.02,"category":"bbear"},{"type":"B","date":"2018-03-21T05:10:37.000Z","volume":10000,"price":10.02,"category":"bbear"},{"type":"B","date":"2018-03-21T05:09:29.000Z","volume":19000,"price":10.02,"category":"bbear"},{"type":"B","date":"2018-03-21T03:52:32.000Z","volume":16000,"price":10.06,"category":"bbear"},{"type":"B","date":"2018-03-21T03:50:31.000Z","volume":10000,"price":10.06,"category":"bbear"},{"type":"B","date":"2018-03-21T03:04:52.000Z","volume":10000,"price":10.12,"category":"bbear"},{"type":"B","date":"2018-03-21T03:00:03.000Z","volume":9500,"price":10.08,"category":"bbear"},{"type":"B","date":"2018-03-21T02:50:32.000Z","volume":14000,"price":10.12,"category":"bbear"},{"type":"B","date":"2018-03-21T02:37:53.000Z","volume":10000,"price":10.06,"category":"bbear"},{"type":"B","date":"2018-03-21T02:35:41.000Z","volume":20000,"price":10.06,"category":"bbear"},{"type":"B","date":"2018-03-21T02:29:33.000Z","volume":10000,"price":10.08,"category":"bbear"},{"type":"B","date":"2018-03-21T02:17:26.000Z","volume":15500,"price":10.08,"category":"bbear"},{"type":"B","date":"2018-03-21T02:14:30.000Z","volume":10000,"price":10.08,"category":"bbear"},{"type":"B","date":"2018-03-21T02:02:52.000Z","volume":8500,"price":10.06,"category":"bbear"},{"type":"B","date":"2018-03-21T02:00:44.000Z","volume":10000,"price":10.06,"category":"bbear"},{"type":"B","date":"2018-03-21T02:00:37.000Z","volume":10000,"price":10.06,"category":"bbear"},{"type":"B","date":"2018-03-21T01:56:05.000Z","volume":10000,"price":10.1,"category":"bbear"},{"type":"B","date":"2018-03-21T01:52:25.000Z","volume":20000,"price":10.06,"category":"bbear"},{"type":"B","date":"2018-03-21T01:52:04.000Z","volume":20000,"price":10.08,"category":"bbear"},{"type":"B","date":"2018-03-21T01:49:36.000Z","volume":10000,"price":10.1,"category":"bbear"},{"type":"B","date":"2018-03-21T01:40:28.000Z","volume":15000,"price":10.14,"category":"bbear"},{"type":"B","date":"2018-03-21T01:39:27.000Z","volume":10000,"price":10.14,"category":"bbear"},{"type":"B","date":"2018-03-21T01:35:57.000Z","volume":10000,"price":10.1,"category":"bbear"},{"type":"B","date":"2018-03-21T01:35:23.000Z","volume":9000,"price":10.1,"category":"bbear"},{"type":"B","date":"2018-03-21T01:33:43.000Z","volume":10000,"price":10.1,"category":"bbear"},{"type":"B","date":"2018-03-21T01:32:57.000Z","volume":13500,"price":10.14,"category":"bbear"},{"type":"B","date":"2018-03-21T07:53:50.000Z","volume":25000,"price":9.95,"category":"ubbear"},{"type":"B","date":"2018-03-21T07:50:37.000Z","volume":27000,"price":9.96,"category":"ubbear"},{"type":"B","date":"2018-03-21T07:46:47.000Z","volume":22500,"price":10,"category":"ubbear"},{"type":"B","date":"2018-03-21T07:40:45.000Z","volume":191500,"price":9.99,"category":"ubbear"},{"type":"B","date":"2018-03-21T07:29:34.000Z","volume":21500,"price":9.97,"category":"ubbear"},{"type":"B","date":"2018-03-21T07:29:28.000Z","volume":30000,"price":9.97,"category":"ubbear"},{"type":"B","date":"2018-03-21T07:29:20.000Z","volume":30000,"price":9.97,"category":"ubbear"},{"type":"B","date":"2018-03-21T07:18:27.000Z","volume":28000,"price":9.92,"category":"ubbear"},{"type":"B","date":"2018-03-21T07:15:04.000Z","volume":224000,"price":9.95,"category":"ubbear"},{"type":"B","date":"2018-03-21T07:09:58.000Z","volume":30000,"price":9.96,"category":"ubbear"},{"type":"B","date":"2018-03-21T07:04:17.000Z","volume":80000,"price":9.95,"category":"ubbear"},{"type":"B","date":"2018-03-21T06:58:41.000Z","volume":27500,"price":9.96,"category":"ubbear"},{"type":"B","date":"2018-03-21T06:57:59.000Z","volume":40000,"price":9.97,"category":"ubbear"},{"type":"B","date":"2018-03-21T06:57:35.000Z","volume":58500,"price":9.97,"category":"ubbear"},{"type":"B","date":"2018-03-21T06:57:35.000Z","volume":21500,"price":9.98,"category":"ubbear"},{"type":"B","date":"2018-03-21T06:57:13.000Z","volume":77500,"price":9.97,"category":"ubbear"},{"type":"B","date":"2018-03-21T06:56:52.000Z","volume":60000,"price":9.97,"category":"ubbear"},{"type":"B","date":"2018-03-21T06:52:32.000Z","volume":30000,"price":9.98,"category":"ubbear"},{"type":"B","date":"2018-03-21T06:52:32.000Z","volume":78000,"price":9.98,"category":"ubbear"},{"type":"B","date":"2018-03-21T06:34:13.000Z","volume":24500,"price":9.98,"category":"ubbear"},{"type":"B","date":"2018-03-21T06:30:59.000Z","volume":25000,"price":9.97,"category":"ubbear"},{"type":"B","date":"2018-03-21T06:30:27.000Z","volume":28000,"price":9.98,"category":"ubbear"},{"type":"B","date":"2018-03-21T06:21:25.000Z","volume":24000,"price":9.98,"category":"ubbear"},{"type":"B","date":"2018-03-21T06:15:50.000Z","volume":32500,"price":9.98,"category":"ubbear"},{"type":"B","date":"2018-03-21T06:15:50.000Z","volume":42500,"price":9.98,"category":"ubbear"},{"type":"B","date":"2018-03-21T06:14:56.000Z","volume":47500,"price":9.99,"category":"ubbear"},{"type":"B","date":"2018-03-21T06:14:56.000Z","volume":100000,"price":10,"category":"ubbear"},{"type":"B","date":"2018-03-21T06:13:52.000Z","volume":70000,"price":10.02,"category":"ubbear"},{"type":"B","date":"2018-03-21T05:47:57.000Z","volume":41000,"price":10,"category":"ubbear"},{"type":"B","date":"2018-03-21T05:47:57.000Z","volume":66500,"price":10,"category":"ubbear"},{"type":"B","date":"2018-03-21T05:47:57.000Z","volume":83500,"price":10,"category":"ubbear"},{"type":"B","date":"2018-03-21T05:37:28.000Z","volume":268500,"price":10,"category":"ubbear"},{"type":"B","date":"2018-03-21T05:37:28.000Z","volume":31500,"price":10.02,"category":"ubbear"},{"type":"B","date":"2018-03-21T05:11:50.000Z","volume":27000,"price":10.02,"category":"ubbear"},{"type":"B","date":"2018-03-21T05:11:22.000Z","volume":23000,"price":10.02,"category":"ubbear"},{"type":"B","date":"2018-03-21T03:52:32.000Z","volume":280000,"price":10,"category":"ubbear"},{"type":"B","date":"2018-03-21T03:52:32.000Z","volume":105000,"price":10.02,"category":"ubbear"},{"type":"B","date":"2018-03-21T03:52:32.000Z","volume":96000,"price":10.04,"category":"ubbear"},{"type":"B","date":"2018-03-21T03:32:47.000Z","volume":30500,"price":10.04,"category":"ubbear"},{"type":"B","date":"2018-03-21T03:32:47.000Z","volume":69500,"price":10.06,"category":"ubbear"},{"type":"B","date":"2018-03-21T03:23:19.000Z","volume":28000,"price":10.08,"category":"ubbear"},{"type":"B","date":"2018-03-21T03:00:03.000Z","volume":39500,"price":10.06,"category":"ubbear"},{"type":"B","date":"2018-03-21T03:00:03.000Z","volume":22500,"price":10.08,"category":"ubbear"},{"type":"B","date":"2018-03-21T03:00:03.000Z","volume":23500,"price":10.1,"category":"ubbear"},{"type":"B","date":"2018-03-21T02:17:58.000Z","volume":23000,"price":10.06,"category":"ubbear"},{"type":"B","date":"2018-03-21T01:51:46.000Z","volume":21000,"price":10.08,"category":"ubbear"},{"type":"B","date":"2018-03-21T01:51:17.000Z","volume":45000,"price":10.08,"category":"ubbear"},{"type":"B","date":"2018-03-21T01:50:58.000Z","volume":50000,"price":10.08,"category":"ubbear"},{"type":"B","date":"2018-03-21T01:49:14.000Z","volume":28500,"price":10.1,"category":"ubbear"},{"type":"B","date":"2018-03-21T01:47:23.000Z","volume":24000,"price":10.12,"category":"ubbear"},{"type":"B","date":"2018-03-21T01:44:04.000Z","volume":40000,"price":10.12,"category":"ubbear"},{"type":"B","date":"2018-03-21T01:33:21.000Z","volume":54500,"price":10.12,"category":"ubbear"}]