[{"type":"A","date":"2018-04-27T02:16:54.000Z","volume":160000,"label":" ","price":0.34},{"type":"A","date":"2018-04-27T02:17:01.000Z","volume":8000,"label":" ","price":0.34},{"type":"A","date":"2018-04-27T02:17:07.000Z","volume":16000,"label":" ","price":0.34},{"type":"A","date":"2018-04-27T02:17:13.000Z","volume":8000,"label":" ","price":0.34},{"type":"B","date":"2018-04-27T03:17:12.000Z","volume":24000,"label":" ","price":0.335},{"type":"B","date":"2018-04-27T03:33:05.000Z","volume":8000,"label":" ","price":0.335},{"type":"B","date":"2018-04-27T03:40:19.000Z","volume":16000,"label":" ","price":0.335},{"type":"B","date":"2018-04-27T05:07:57.000Z","volume":32000,"label":" ","price":0.335},{"type":"B","date":"2018-04-27T05:23:47.000Z","volume":8000,"label":" ","price":0.335},{"type":"B","date":"2018-04-27T06:03:32.000Z","volume":8000,"label":" ","price":0.335},{"type":"B","date":"2018-04-27T06:09:47.000Z","volume":8000,"label":" ","price":0.335},{"type":"B","date":"2018-04-27T06:10:04.000Z","volume":16000,"label":" ","price":0.335},{"type":"B","date":"2018-04-27T06:18:24.000Z","volume":160000,"label":" ","price":0.335},{"type":"B","date":"2018-04-27T06:18:35.000Z","volume":32000,"label":" ","price":0.335},{"type":"B","date":"2018-04-27T06:25:56.000Z","volume":16000,"label":" ","price":0.335},{"type":"B","date":"2018-04-27T06:47:23.000Z","volume":72000,"label":" ","price":0.335},{"type":"A","date":"2018-04-27T07:11:04.000Z","volume":32000,"label":" ","price":0.34},{"type":"A","date":"2018-04-27T07:13:42.000Z","volume":80000,"label":" ","price":0.34},{"type":"A","date":"2018-04-27T07:13:43.000Z","volume":320000,"label":" ","price":0.34},{"type":"A","date":"2018-04-27T07:16:57.000Z","volume":32000,"label":" ","price":0.34},{"type":"A","date":"2018-04-27T07:51:32.000Z","volume":32000,"label":" ","price":0.345},{"type":"A","date":"2018-04-27T07:59:00.000Z","volume":640000,"label":" ","price":0.345},{"type":"A","date":"2018-04-27T07:59:03.000Z","volume":8000,"label":" ","price":0.35}]