[{"type":"U","date":"2018-04-24T01:20:00.000Z","volume":34000,"label":"U","price":1.2},{"type":"B","date":"2018-04-24T01:30:00.000Z","volume":4000,"label":" ","price":1.19},{"type":"B","date":"2018-04-24T01:30:01.000Z","volume":4000,"label":" ","price":1.19},{"type":"B","date":"2018-04-24T01:30:02.000Z","volume":2000,"label":" ","price":1.19},{"type":"B","date":"2018-04-24T01:30:05.000Z","volume":12000,"label":" ","price":1.19},{"type":"B","date":"2018-04-24T01:30:06.000Z","volume":2000,"label":" ","price":1.18},{"type":"B","date":"2018-04-24T01:30:15.000Z","volume":4000,"label":" ","price":1.16},{"type":"B","date":"2018-04-24T01:30:15.000Z","volume":8000,"label":" ","price":1.16},{"type":"U","date":"2018-04-24T01:31:16.000Z","volume":2000,"label":" ","price":1.17},{"type":"U","date":"2018-04-24T01:31:16.000Z","volume":2000,"label":" ","price":1.17},{"type":"A","date":"2018-04-24T01:31:32.000Z","volume":2000,"label":" ","price":1.18},{"type":"A","date":"2018-04-24T01:31:40.000Z","volume":10000,"label":" ","price":1.18},{"type":"B","date":"2018-04-24T01:31:40.000Z","volume":10000,"label":" ","price":1.17},{"type":"A","date":"2018-04-24T01:32:25.000Z","volume":2000,"label":" ","price":1.18},{"type":"B","date":"2018-04-24T01:34:05.000Z","volume":10000,"label":" ","price":1.17},{"type":"A","date":"2018-04-24T01:34:05.000Z","volume":2000,"label":" ","price":1.18},{"type":"B","date":"2018-04-24T01:34:05.000Z","volume":10000,"label":" ","price":1.17},{"type":"A","date":"2018-04-24T01:34:12.000Z","volume":2000,"label":"Y","price":1.19},{"type":"B","date":"2018-04-24T01:35:17.000Z","volume":2000,"label":" ","price":1.18},{"type":"B","date":"2018-04-24T01:36:59.000Z","volume":2000,"label":" ","price":1.18},{"type":"B","date":"2018-04-24T01:39:57.000Z","volume":6000,"label":" ","price":1.18},{"type":"A","date":"2018-04-24T01:39:59.000Z","volume":2000,"label":" ","price":1.18},{"type":"A","date":"2018-04-24T01:40:00.000Z","volume":2000,"label":" ","price":1.18},{"type":"B","date":"2018-04-24T01:40:02.000Z","volume":10000,"label":" ","price":1.17},{"type":"A","date":"2018-04-24T01:40:03.000Z","volume":2000,"label":" ","price":1.18},{"type":"B","date":"2018-04-24T01:40:17.000Z","volume":2000,"label":" ","price":1.17},{"type":"B","date":"2018-04-24T01:44:07.000Z","volume":28000,"label":" ","price":1.17},{"type":"B","date":"2018-04-24T01:44:11.000Z","volume":2000,"label":" ","price":1.17},{"type":"B","date":"2018-04-24T01:44:20.000Z","volume":6000,"label":"Y","price":1.17},{"type":"B","date":"2018-04-24T01:44:20.000Z","volume":8000,"label":" ","price":1.17},{"type":"B","date":"2018-04-24T01:49:42.000Z","volume":2000,"label":"Y","price":1.17},{"type":"B","date":"2018-04-24T01:49:42.000Z","volume":44000,"label":" ","price":1.17},{"type":"B","date":"2018-04-24T01:51:23.000Z","volume":10000,"label":"Y","price":1.17},{"type":"A","date":"2018-04-24T01:51:26.000Z","volume":44000,"label":" ","price":1.18},{"type":"A","date":"2018-04-24T01:52:51.000Z","volume":10000,"label":" ","price":1.19},{"type":"B","date":"2018-04-24T01:55:59.000Z","volume":82000,"label":" ","price":1.18},{"type":"B","date":"2018-04-24T01:55:59.000Z","volume":4000,"label":" ","price":1.18},{"type":"A","date":"2018-04-24T01:56:01.000Z","volume":2000,"label":" ","price":1.18},{"type":"A","date":"2018-04-24T01:56:37.000Z","volume":10000,"label":"Y","price":1.18},{"type":"A","date":"2018-04-24T01:56:38.000Z","volume":52000,"label":" ","price":1.18},{"type":"B","date":"2018-04-24T01:57:12.000Z","volume":150000,"label":" ","price":1.17},{"type":"B","date":"2018-04-24T01:58:48.000Z","volume":2000,"label":" ","price":1.17},{"type":"A","date":"2018-04-24T01:58:52.000Z","volume":28000,"label":" ","price":1.19},{"type":"A","date":"2018-04-24T01:58:57.000Z","volume":4000,"label":" ","price":1.19},{"type":"A","date":"2018-04-24T02:02:08.000Z","volume":30000,"label":" ","price":1.19},{"type":"B","date":"2018-04-24T02:02:10.000Z","volume":112000,"label":" ","price":1.18},{"type":"A","date":"2018-04-24T02:02:13.000Z","volume":40000,"label":" ","price":1.18},{"type":"B","date":"2018-04-24T02:02:30.000Z","volume":2000,"label":" ","price":1.17},{"type":"A","date":"2018-04-24T02:03:30.000Z","volume":20000,"label":" ","price":1.18},{"type":"A","date":"2018-04-24T02:04:06.000Z","volume":2000,"label":" ","price":1.18},{"type":"B","date":"2018-04-24T02:04:08.000Z","volume":104000,"label":" ","price":1.17},{"type":"B","date":"2018-04-24T02:04:08.000Z","volume":96000,"label":" ","price":1.17},{"type":"B","date":"2018-04-24T02:05:27.000Z","volume":82000,"label":" ","price":1.17},{"type":"A","date":"2018-04-24T02:05:29.000Z","volume":4000,"label":" ","price":1.17},{"type":"A","date":"2018-04-24T02:05:48.000Z","volume":136000,"label":" ","price":1.17},{"type":"B","date":"2018-04-24T02:08:36.000Z","volume":30000,"label":"Y","price":1.17},{"type":"B","date":"2018-04-24T02:08:36.000Z","volume":120000,"label":" ","price":1.17},{"type":"A","date":"2018-04-24T02:08:36.000Z","volume":22000,"label":" ","price":1.18},{"type":"B","date":"2018-04-24T02:08:56.000Z","volume":70000,"label":" ","price":1.17},{"type":"B","date":"2018-04-24T02:09:21.000Z","volume":76000,"label":" ","price":1.17},{"type":"A","date":"2018-04-24T02:09:21.000Z","volume":4000,"label":" ","price":1.17},{"type":"B","date":"2018-04-24T02:09:31.000Z","volume":20000,"label":" ","price":1.17},{"type":"B","date":"2018-04-24T02:09:31.000Z","volume":14000,"label":" ","price":1.17},{"type":"B","date":"2018-04-24T02:11:13.000Z","volume":206000,"label":" ","price":1.16},{"type":"A","date":"2018-04-24T02:14:47.000Z","volume":4000,"label":" ","price":1.17},{"type":"A","date":"2018-04-24T02:14:47.000Z","volume":240000,"label":" ","price":1.17},{"type":"A","date":"2018-04-24T02:14:47.000Z","volume":16000,"label":" ","price":1.17},{"type":"B","date":"2018-04-24T02:17:14.000Z","volume":30000,"label":" ","price":1.17},{"type":"A","date":"2018-04-24T02:22:18.000Z","volume":26000,"label":" ","price":1.18},{"type":"A","date":"2018-04-24T02:24:33.000Z","volume":20000,"label":" ","price":1.18},{"type":"U","date":"2018-04-24T02:25:46.000Z","volume":1032,"label":"D","price":1.18},{"type":"A","date":"2018-04-24T02:26:52.000Z","volume":10000,"label":" ","price":1.18},{"type":"A","date":"2018-04-24T02:32:23.000Z","volume":10000,"label":" ","price":1.18},{"type":"A","date":"2018-04-24T02:32:23.000Z","volume":244000,"label":" ","price":1.18},{"type":"A","date":"2018-04-24T02:32:23.000Z","volume":26000,"label":" ","price":1.18},{"type":"A","date":"2018-04-24T02:32:23.000Z","volume":32000,"label":" ","price":1.19},{"type":"A","date":"2018-04-24T02:32:24.000Z","volume":2000,"label":" ","price":1.19},{"type":"B","date":"2018-04-24T02:32:31.000Z","volume":2000,"label":" ","price":1.18},{"type":"B","date":"2018-04-24T02:39:03.000Z","volume":20000,"label":" ","price":1.18},{"type":"A","date":"2018-04-24T02:39:03.000Z","volume":2000,"label":" ","price":1.19},{"type":"A","date":"2018-04-24T02:39:34.000Z","volume":2000,"label":" ","price":1.19},{"type":"A","date":"2018-04-24T02:45:55.000Z","volume":50000,"label":" ","price":1.19},{"type":"A","date":"2018-04-24T02:45:57.000Z","volume":10000,"label":" ","price":1.19},{"type":"B","date":"2018-04-24T02:49:13.000Z","volume":10000,"label":" ","price":1.18},{"type":"A","date":"2018-04-24T02:49:13.000Z","volume":2000,"label":" ","price":1.19},{"type":"A","date":"2018-04-24T02:50:07.000Z","volume":100000,"label":" ","price":1.19},{"type":"A","date":"2018-04-24T02:50:08.000Z","volume":18000,"label":" ","price":1.19},{"type":"A","date":"2018-04-24T02:50:08.000Z","volume":8000,"label":" ","price":1.19},{"type":"A","date":"2018-04-24T02:51:05.000Z","volume":2000,"label":" ","price":1.19},{"type":"A","date":"2018-04-24T02:51:05.000Z","volume":2000,"label":" ","price":1.19},{"type":"A","date":"2018-04-24T02:53:20.000Z","volume":50000,"label":" ","price":1.19},{"type":"A","date":"2018-04-24T02:53:23.000Z","volume":8000,"label":" ","price":1.19},{"type":"A","date":"2018-04-24T02:53:23.000Z","volume":4000,"label":" ","price":1.19},{"type":"A","date":"2018-04-24T02:53:23.000Z","volume":4000,"label":" ","price":1.19},{"type":"A","date":"2018-04-24T02:53:23.000Z","volume":2000,"label":" ","price":1.19},{"type":"A","date":"2018-04-24T03:02:30.000Z","volume":300000,"label":" ","price":1.19},{"type":"A","date":"2018-04-24T03:02:30.000Z","volume":18000,"label":" ","price":1.19},{"type":"A","date":"2018-04-24T03:02:30.000Z","volume":16000,"label":" ","price":1.2},{"type":"A","date":"2018-04-24T03:02:30.000Z","volume":60000,"label":" ","price":1.2},{"type":"A","date":"2018-04-24T03:02:30.000Z","volume":2000,"label":" ","price":1.2},{"type":"A","date":"2018-04-24T03:02:35.000Z","volume":2000,"label":" ","price":1.2},{"type":"A","date":"2018-04-24T03:09:05.000Z","volume":2000,"label":"Y","price":1.19},{"type":"A","date":"2018-04-24T03:11:02.000Z","volume":150000,"label":" ","price":1.19},{"type":"A","date":"2018-04-24T03:11:02.000Z","volume":12000,"label":" ","price":1.19},{"type":"B","date":"2018-04-24T03:13:32.000Z","volume":2000,"label":" ","price":1.19},{"type":"A","date":"2018-04-24T03:13:58.000Z","volume":2000,"label":" ","price":1.2},{"type":"A","date":"2018-04-24T03:26:06.000Z","volume":2000,"label":" ","price":1.2},{"type":"B","date":"2018-04-24T03:26:24.000Z","volume":144000,"label":" ","price":1.19},{"type":"A","date":"2018-04-24T03:38:36.000Z","volume":2000,"label":" ","price":1.19},{"type":"B","date":"2018-04-24T03:44:25.000Z","volume":2000,"label":"Y","price":1.18},{"type":"B","date":"2018-04-24T03:44:25.000Z","volume":280000,"label":" ","price":1.18},{"type":"A","date":"2018-04-24T03:44:25.000Z","volume":18000,"label":" ","price":1.18},{"type":"B","date":"2018-04-24T03:47:03.000Z","volume":2000,"label":" ","price":1.18},{"type":"A","date":"2018-04-24T03:50:16.000Z","volume":2000,"label":" ","price":1.19},{"type":"A","date":"2018-04-24T03:54:52.000Z","volume":2000,"label":" ","price":1.19},{"type":"A","date":"2018-04-24T03:54:52.000Z","volume":2000,"label":" ","price":1.19},{"type":"A","date":"2018-04-24T05:00:01.000Z","volume":84000,"label":" ","price":1.19},{"type":"B","date":"2018-04-24T05:00:03.000Z","volume":2000,"label":" ","price":1.18},{"type":"A","date":"2018-04-24T05:00:28.000Z","volume":50000,"label":" ","price":1.19},{"type":"A","date":"2018-04-24T05:08:38.000Z","volume":2000,"label":" ","price":1.19},{"type":"A","date":"2018-04-24T05:09:15.000Z","volume":2000,"label":" ","price":1.19},{"type":"A","date":"2018-04-24T05:20:12.000Z","volume":50000,"label":" ","price":1.19},{"type":"A","date":"2018-04-24T05:21:51.000Z","volume":2000,"label":" ","price":1.19},{"type":"A","date":"2018-04-24T05:24:21.000Z","volume":2000,"label":" ","price":1.19},{"type":"A","date":"2018-04-24T05:24:39.000Z","volume":2000,"label":" ","price":1.19},{"type":"A","date":"2018-04-24T05:33:10.000Z","volume":2000,"label":" ","price":1.19},{"type":"A","date":"2018-04-24T05:36:09.000Z","volume":2000,"label":" ","price":1.19},{"type":"A","date":"2018-04-24T05:39:03.000Z","volume":2000,"label":" ","price":1.19},{"type":"A","date":"2018-04-24T05:40:04.000Z","volume":50000,"label":" ","price":1.19},{"type":"B","date":"2018-04-24T05:45:28.000Z","volume":80000,"label":" ","price":1.18},{"type":"B","date":"2018-04-24T05:45:36.000Z","volume":4000,"label":" ","price":1.18},{"type":"A","date":"2018-04-24T06:05:26.000Z","volume":2000,"label":" ","price":1.19},{"type":"A","date":"2018-04-24T06:07:36.000Z","volume":50000,"label":" ","price":1.19},{"type":"B","date":"2018-04-24T06:09:14.000Z","volume":20000,"label":" ","price":1.18},{"type":"A","date":"2018-04-24T06:11:10.000Z","volume":2000,"label":" ","price":1.19},{"type":"A","date":"2018-04-24T06:13:02.000Z","volume":10000,"label":" ","price":1.19},{"type":"A","date":"2018-04-24T06:16:09.000Z","volume":50000,"label":" ","price":1.19},{"type":"A","date":"2018-04-24T06:18:00.000Z","volume":2000,"label":" ","price":1.19},{"type":"A","date":"2018-04-24T06:18:40.000Z","volume":4000,"label":" ","price":1.19},{"type":"A","date":"2018-04-24T06:18:40.000Z","volume":12000,"label":" ","price":1.19},{"type":"A","date":"2018-04-24T06:18:57.000Z","volume":30000,"label":" ","price":1.19},{"type":"A","date":"2018-04-24T06:20:52.000Z","volume":2000,"label":" ","price":1.19},{"type":"B","date":"2018-04-24T06:24:38.000Z","volume":2000,"label":" ","price":1.18},{"type":"A","date":"2018-04-24T06:32:48.000Z","volume":2000,"label":" ","price":1.19},{"type":"A","date":"2018-04-24T06:40:34.000Z","volume":136000,"label":" ","price":1.19},{"type":"A","date":"2018-04-24T06:46:11.000Z","volume":2000,"label":" ","price":1.19},{"type":"A","date":"2018-04-24T06:58:12.000Z","volume":2000,"label":" ","price":1.19},{"type":"A","date":"2018-04-24T06:58:43.000Z","volume":20000,"label":" ","price":1.19},{"type":"B","date":"2018-04-24T07:02:39.000Z","volume":2000,"label":" ","price":1.18},{"type":"A","date":"2018-04-24T07:07:31.000Z","volume":2000,"label":" ","price":1.19},{"type":"A","date":"2018-04-24T07:09:42.000Z","volume":2000,"label":" ","price":1.19},{"type":"A","date":"2018-04-24T07:09:49.000Z","volume":2000,"label":" ","price":1.19},{"type":"A","date":"2018-04-24T07:12:39.000Z","volume":26000,"label":" ","price":1.19},{"type":"B","date":"2018-04-24T07:13:10.000Z","volume":20000,"label":" ","price":1.18},{"type":"B","date":"2018-04-24T07:13:11.000Z","volume":90000,"label":" ","price":1.18},{"type":"B","date":"2018-04-24T07:13:16.000Z","volume":74000,"label":" ","price":1.18},{"type":"B","date":"2018-04-24T07:13:16.000Z","volume":44000,"label":" ","price":1.18},{"type":"B","date":"2018-04-24T07:13:16.000Z","volume":22000,"label":" ","price":1.18},{"type":"A","date":"2018-04-24T07:20:08.000Z","volume":10000,"label":" ","price":1.19},{"type":"A","date":"2018-04-24T07:23:06.000Z","volume":10000,"label":" ","price":1.18},{"type":"A","date":"2018-04-24T07:23:33.000Z","volume":30000,"label":" ","price":1.18},{"type":"A","date":"2018-04-24T07:25:40.000Z","volume":6000,"label":" ","price":1.18},{"type":"B","date":"2018-04-24T07:25:45.000Z","volume":44000,"label":" ","price":1.18},{"type":"A","date":"2018-04-24T07:26:35.000Z","volume":20000,"label":" ","price":1.18},{"type":"A","date":"2018-04-24T07:26:55.000Z","volume":30000,"label":" ","price":1.18},{"type":"A","date":"2018-04-24T07:28:20.000Z","volume":4000,"label":" ","price":1.18},{"type":"B","date":"2018-04-24T07:28:25.000Z","volume":70000,"label":" ","price":1.18},{"type":"A","date":"2018-04-24T07:40:01.000Z","volume":2000,"label":" ","price":1.19},{"type":"B","date":"2018-04-24T07:43:10.000Z","volume":2000,"label":" ","price":1.18},{"type":"B","date":"2018-04-24T07:45:48.000Z","volume":100000,"label":" ","price":1.18},{"type":"B","date":"2018-04-24T07:47:21.000Z","volume":58000,"label":" ","price":1.18},{"type":"B","date":"2018-04-24T07:52:48.000Z","volume":100000,"label":" ","price":1.18},{"type":"B","date":"2018-04-24T07:52:51.000Z","volume":4000,"label":" ","price":1.18},{"type":"B","date":"2018-04-24T07:57:00.000Z","volume":26000,"label":" ","price":1.17},{"type":"A","date":"2018-04-24T07:57:22.000Z","volume":200000,"label":" ","price":1.18},{"type":"A","date":"2018-04-24T07:59:14.000Z","volume":2000,"label":" ","price":1.18},{"type":"A","date":"2018-04-24T07:59:14.000Z","volume":2000,"label":" ","price":1.18},{"type":"A","date":"2018-04-24T07:59:23.000Z","volume":2000,"label":" ","price":1.18},{"type":"A","date":"2018-04-24T07:59:32.000Z","volume":2000,"label":" ","price":1.18},{"type":"A","date":"2018-04-24T07:59:42.000Z","volume":2000,"label":" ","price":1.18},{"type":"A","date":"2018-04-24T07:59:52.000Z","volume":2000,"label":" ","price":1.18},{"type":"A","date":"2018-04-24T07:59:52.000Z","volume":80000,"label":" ","price":1.18},{"type":"U","date":"2018-04-24T08:08:02.000Z","volume":106000,"label":"U","price":1.18}]