[{"type":"B","date":"2018-04-24T01:30:04.000Z","volume":1000,"label":" ","price":8.22},{"type":"B","date":"2018-04-24T01:30:11.000Z","volume":1000,"label":"Y","price":8.18},{"type":"B","date":"2018-04-24T01:51:46.000Z","volume":1000,"label":"Y","price":8.31},{"type":"B","date":"2018-04-24T01:51:46.000Z","volume":7000,"label":" ","price":8.3},{"type":"A","date":"2018-04-24T01:51:46.000Z","volume":2000,"label":" ","price":8.3},{"type":"B","date":"2018-04-24T01:51:46.000Z","volume":5000,"label":" ","price":8.29},{"type":"A","date":"2018-04-24T01:51:47.000Z","volume":1000,"label":" ","price":8.3},{"type":"A","date":"2018-04-24T01:51:47.000Z","volume":2000,"label":" ","price":8.3},{"type":"A","date":"2018-04-24T01:51:48.000Z","volume":1000,"label":" ","price":8.3},{"type":"A","date":"2018-04-24T01:52:00.000Z","volume":17000,"label":" ","price":8.3},{"type":"A","date":"2018-04-24T01:52:01.000Z","volume":1000,"label":" ","price":8.32},{"type":"A","date":"2018-04-24T01:52:01.000Z","volume":2000,"label":" ","price":8.33},{"type":"A","date":"2018-04-24T01:52:05.000Z","volume":3000,"label":" ","price":8.34},{"type":"A","date":"2018-04-24T01:52:05.000Z","volume":1000,"label":" ","price":8.35},{"type":"A","date":"2018-04-24T01:52:06.000Z","volume":1000,"label":" ","price":8.37},{"type":"A","date":"2018-04-24T01:52:06.000Z","volume":1000,"label":" ","price":8.38},{"type":"A","date":"2018-04-24T01:52:11.000Z","volume":2000,"label":" ","price":8.45},{"type":"A","date":"2018-04-24T01:52:11.000Z","volume":1000,"label":" ","price":8.45},{"type":"A","date":"2018-04-24T01:52:12.000Z","volume":3000,"label":" ","price":8.45},{"type":"B","date":"2018-04-24T01:52:12.000Z","volume":1000,"label":" ","price":8.4},{"type":"B","date":"2018-04-24T01:52:15.000Z","volume":1000,"label":" ","price":8.4},{"type":"U","date":"2018-04-24T01:52:20.000Z","volume":1000,"label":" ","price":8.42},{"type":"B","date":"2018-04-24T01:52:31.000Z","volume":1000,"label":" ","price":8.42},{"type":"B","date":"2018-04-24T01:52:31.000Z","volume":4000,"label":" ","price":8.41},{"type":"U","date":"2018-04-24T01:52:33.000Z","volume":5000,"label":" ","price":8.42},{"type":"A","date":"2018-04-24T01:52:37.000Z","volume":1000,"label":" ","price":8.43},{"type":"U","date":"2018-04-24T01:52:43.000Z","volume":2000,"label":" ","price":8.41},{"type":"U","date":"2018-04-24T01:52:43.000Z","volume":2000,"label":" ","price":8.41},{"type":"A","date":"2018-04-24T01:52:43.000Z","volume":1000,"label":" ","price":8.42},{"type":"U","date":"2018-04-24T01:52:46.000Z","volume":2000,"label":" ","price":8.4},{"type":"B","date":"2018-04-24T01:52:48.000Z","volume":2000,"label":" ","price":8.39},{"type":"B","date":"2018-04-24T01:52:51.000Z","volume":1000,"label":" ","price":8.38},{"type":"B","date":"2018-04-24T01:57:17.000Z","volume":1000,"label":" ","price":8.37},{"type":"B","date":"2018-04-24T01:57:21.000Z","volume":1000,"label":" ","price":8.38},{"type":"A","date":"2018-04-24T01:57:22.000Z","volume":1000,"label":" ","price":8.39},{"type":"B","date":"2018-04-24T01:57:48.000Z","volume":1000,"label":" ","price":8.37},{"type":"B","date":"2018-04-24T01:58:11.000Z","volume":1000,"label":" ","price":8.37},{"type":"A","date":"2018-04-24T02:00:58.000Z","volume":4000,"label":" ","price":8.38},{"type":"A","date":"2018-04-24T02:01:07.000Z","volume":1000,"label":"Y","price":8.38},{"type":"A","date":"2018-04-24T02:11:08.000Z","volume":8000,"label":" ","price":8.38},{"type":"A","date":"2018-04-24T02:11:08.000Z","volume":1000,"label":" ","price":8.39},{"type":"A","date":"2018-04-24T02:11:13.000Z","volume":1000,"label":" ","price":8.39},{"type":"B","date":"2018-04-24T02:11:14.000Z","volume":1000,"label":" ","price":8.38},{"type":"U","date":"2018-04-24T02:12:27.000Z","volume":1000,"label":"X","price":8.385},{"type":"B","date":"2018-04-24T02:28:50.000Z","volume":14000,"label":" ","price":8.38},{"type":"B","date":"2018-04-24T02:28:50.000Z","volume":2000,"label":" ","price":8.37},{"type":"B","date":"2018-04-24T02:28:50.000Z","volume":2000,"label":" ","price":8.36},{"type":"B","date":"2018-04-24T02:28:50.000Z","volume":2000,"label":" ","price":8.35},{"type":"A","date":"2018-04-24T02:28:50.000Z","volume":1000,"label":" ","price":8.34},{"type":"B","date":"2018-04-24T02:28:50.000Z","volume":1000,"label":" ","price":8.32},{"type":"A","date":"2018-04-24T02:28:51.000Z","volume":2000,"label":" ","price":8.34},{"type":"A","date":"2018-04-24T02:28:51.000Z","volume":2000,"label":" ","price":8.34},{"type":"B","date":"2018-04-24T02:31:46.000Z","volume":2000,"label":" ","price":8.33},{"type":"B","date":"2018-04-24T02:31:46.000Z","volume":1000,"label":" ","price":8.33},{"type":"B","date":"2018-04-24T02:31:46.000Z","volume":1000,"label":" ","price":8.29},{"type":"B","date":"2018-04-24T02:33:15.000Z","volume":4000,"label":" ","price":8.29},{"type":"A","date":"2018-04-24T02:33:16.000Z","volume":1000,"label":" ","price":8.34},{"type":"A","date":"2018-04-24T02:33:18.000Z","volume":1000,"label":" ","price":8.33},{"type":"B","date":"2018-04-24T02:34:12.000Z","volume":18000,"label":" ","price":8.3},{"type":"B","date":"2018-04-24T02:34:12.000Z","volume":12000,"label":" ","price":8.3},{"type":"B","date":"2018-04-24T02:34:12.000Z","volume":1000,"label":"Y","price":8.3},{"type":"A","date":"2018-04-24T02:34:12.000Z","volume":2000,"label":"Y","price":8.34},{"type":"A","date":"2018-04-24T02:34:12.000Z","volume":1000,"label":" ","price":8.34},{"type":"B","date":"2018-04-24T02:34:12.000Z","volume":1000,"label":" ","price":8.3},{"type":"B","date":"2018-04-24T02:34:12.000Z","volume":2000,"label":" ","price":8.3},{"type":"A","date":"2018-04-24T02:34:13.000Z","volume":1000,"label":"Y","price":8.34},{"type":"A","date":"2018-04-24T02:34:13.000Z","volume":3000,"label":" ","price":8.34},{"type":"A","date":"2018-04-24T02:34:14.000Z","volume":1000,"label":" ","price":8.34},{"type":"A","date":"2018-04-24T02:34:14.000Z","volume":4000,"label":" ","price":8.35},{"type":"A","date":"2018-04-24T02:34:17.000Z","volume":1000,"label":" ","price":8.34},{"type":"A","date":"2018-04-24T02:34:18.000Z","volume":1000,"label":"Y","price":8.35},{"type":"A","date":"2018-04-24T02:34:18.000Z","volume":2000,"label":" ","price":8.35},{"type":"A","date":"2018-04-24T02:34:26.000Z","volume":2000,"label":" ","price":8.36},{"type":"A","date":"2018-04-24T02:34:31.000Z","volume":1000,"label":" ","price":8.35},{"type":"A","date":"2018-04-24T02:34:32.000Z","volume":1000,"label":"Y","price":8.34},{"type":"A","date":"2018-04-24T02:34:34.000Z","volume":1000,"label":" ","price":8.34},{"type":"A","date":"2018-04-24T02:34:34.000Z","volume":1000,"label":" ","price":8.37},{"type":"A","date":"2018-04-24T02:34:45.000Z","volume":2000,"label":" ","price":8.36},{"type":"B","date":"2018-04-24T02:35:05.000Z","volume":13000,"label":" ","price":8.34},{"type":"A","date":"2018-04-24T02:35:05.000Z","volume":1000,"label":" ","price":8.34},{"type":"U","date":"2018-04-24T02:35:05.000Z","volume":2000,"label":" ","price":8.33},{"type":"A","date":"2018-04-24T02:35:11.000Z","volume":2000,"label":" ","price":8.33},{"type":"A","date":"2018-04-24T02:35:11.000Z","volume":6000,"label":" ","price":8.34},{"type":"A","date":"2018-04-24T02:35:16.000Z","volume":1000,"label":" ","price":8.37},{"type":"U","date":"2018-04-24T02:35:18.000Z","volume":1000,"label":"X","price":8.333},{"type":"B","date":"2018-04-24T02:35:49.000Z","volume":8000,"label":" ","price":8.33},{"type":"B","date":"2018-04-24T02:35:49.000Z","volume":3000,"label":" ","price":8.32},{"type":"A","date":"2018-04-24T02:35:50.000Z","volume":2000,"label":" ","price":8.32},{"type":"A","date":"2018-04-24T02:35:50.000Z","volume":7000,"label":" ","price":8.32},{"type":"B","date":"2018-04-24T02:35:56.000Z","volume":1000,"label":" ","price":8.31},{"type":"A","date":"2018-04-24T02:36:28.000Z","volume":3000,"label":"Y","price":8.34},{"type":"A","date":"2018-04-24T02:36:28.000Z","volume":1000,"label":" ","price":8.34},{"type":"A","date":"2018-04-24T02:36:29.000Z","volume":1000,"label":" ","price":8.36},{"type":"A","date":"2018-04-24T02:43:50.000Z","volume":3000,"label":" ","price":8.35},{"type":"A","date":"2018-04-24T02:45:16.000Z","volume":2000,"label":" ","price":8.34},{"type":"B","date":"2018-04-24T02:46:51.000Z","volume":7000,"label":" ","price":8.32},{"type":"B","date":"2018-04-24T02:46:51.000Z","volume":1000,"label":" ","price":8.31},{"type":"B","date":"2018-04-24T02:46:51.000Z","volume":1000,"label":" ","price":8.31},{"type":"A","date":"2018-04-24T02:46:52.000Z","volume":1000,"label":" ","price":8.32},{"type":"A","date":"2018-04-24T02:47:22.000Z","volume":7000,"label":" ","price":8.32},{"type":"A","date":"2018-04-24T02:47:23.000Z","volume":1000,"label":" ","price":8.32},{"type":"A","date":"2018-04-24T02:47:28.000Z","volume":1000,"label":"Y","price":8.32},{"type":"A","date":"2018-04-24T02:47:28.000Z","volume":1000,"label":" ","price":8.32},{"type":"B","date":"2018-04-24T02:49:27.000Z","volume":12000,"label":" ","price":8.32},{"type":"A","date":"2018-04-24T02:49:28.000Z","volume":1000,"label":" ","price":8.32},{"type":"B","date":"2018-04-24T02:50:15.000Z","volume":18000,"label":" ","price":8.3},{"type":"A","date":"2018-04-24T02:50:17.000Z","volume":1000,"label":" ","price":8.3},{"type":"B","date":"2018-04-24T02:52:34.000Z","volume":1000,"label":" ","price":8.29},{"type":"U","date":"2018-04-24T02:52:42.000Z","volume":1000,"label":"X","price":8.315},{"type":"B","date":"2018-04-24T02:53:04.000Z","volume":19000,"label":" ","price":8.29},{"type":"A","date":"2018-04-24T02:53:04.000Z","volume":1000,"label":" ","price":8.29},{"type":"A","date":"2018-04-24T02:53:12.000Z","volume":10000,"label":" ","price":8.29},{"type":"A","date":"2018-04-24T02:53:12.000Z","volume":10000,"label":" ","price":8.3},{"type":"A","date":"2018-04-24T02:53:17.000Z","volume":2000,"label":" ","price":8.31},{"type":"A","date":"2018-04-24T02:53:17.000Z","volume":1000,"label":"Y","price":8.31},{"type":"B","date":"2018-04-24T02:53:54.000Z","volume":45000,"label":" ","price":8.3},{"type":"A","date":"2018-04-24T02:53:54.000Z","volume":1000,"label":" ","price":8.3},{"type":"U","date":"2018-04-24T02:54:14.000Z","volume":1000,"label":"X","price":8.3},{"type":"A","date":"2018-04-24T02:54:14.000Z","volume":11000,"label":" ","price":8.3},{"type":"U","date":"2018-04-24T02:54:14.000Z","volume":1000,"label":" ","price":8.3},{"type":"A","date":"2018-04-24T02:54:17.000Z","volume":1000,"label":" ","price":8.32},{"type":"B","date":"2018-04-24T02:54:45.000Z","volume":40000,"label":" ","price":8.29},{"type":"A","date":"2018-04-24T02:55:02.000Z","volume":1000,"label":" ","price":8.32},{"type":"B","date":"2018-04-24T02:56:20.000Z","volume":22000,"label":" ","price":8.29},{"type":"A","date":"2018-04-24T02:56:47.000Z","volume":22000,"label":" ","price":8.29},{"type":"A","date":"2018-04-24T02:56:47.000Z","volume":1000,"label":" ","price":8.3},{"type":"A","date":"2018-04-24T02:56:47.000Z","volume":1000,"label":" ","price":8.31},{"type":"A","date":"2018-04-24T02:56:47.000Z","volume":3000,"label":" ","price":8.32},{"type":"A","date":"2018-04-24T02:56:47.000Z","volume":3000,"label":" ","price":8.32},{"type":"B","date":"2018-04-24T02:57:13.000Z","volume":35000,"label":" ","price":8.3},{"type":"A","date":"2018-04-24T02:57:14.000Z","volume":1000,"label":" ","price":8.3},{"type":"A","date":"2018-04-24T02:57:26.000Z","volume":2000,"label":" ","price":8.3},{"type":"A","date":"2018-04-24T02:57:34.000Z","volume":4000,"label":" ","price":8.3},{"type":"A","date":"2018-04-24T02:57:34.000Z","volume":13000,"label":" ","price":8.3},{"type":"A","date":"2018-04-24T02:57:35.000Z","volume":1000,"label":" ","price":8.33},{"type":"A","date":"2018-04-24T02:57:35.000Z","volume":1000,"label":" ","price":8.35},{"type":"A","date":"2018-04-24T02:57:35.000Z","volume":1000,"label":" ","price":8.33},{"type":"B","date":"2018-04-24T02:59:21.000Z","volume":6000,"label":" ","price":8.3},{"type":"A","date":"2018-04-24T02:59:22.000Z","volume":1000,"label":" ","price":8.35},{"type":"B","date":"2018-04-24T03:00:11.000Z","volume":30000,"label":" ","price":8.3},{"type":"B","date":"2018-04-24T03:00:11.000Z","volume":1000,"label":" ","price":8.3},{"type":"A","date":"2018-04-24T03:00:16.000Z","volume":2000,"label":" ","price":8.35},{"type":"U","date":"2018-04-24T03:00:43.000Z","volume":1000,"label":" ","price":8.32},{"type":"B","date":"2018-04-24T03:01:03.000Z","volume":10000,"label":" ","price":8.3},{"type":"A","date":"2018-04-24T03:01:03.000Z","volume":1000,"label":" ","price":8.35},{"type":"A","date":"2018-04-24T03:05:39.000Z","volume":2000,"label":" ","price":8.34},{"type":"A","date":"2018-04-24T03:09:11.000Z","volume":1000,"label":" ","price":8.34},{"type":"A","date":"2018-04-24T03:09:12.000Z","volume":1000,"label":" ","price":8.34},{"type":"U","date":"2018-04-24T03:10:22.000Z","volume":1000,"label":"X","price":8.32},{"type":"A","date":"2018-04-24T03:14:16.000Z","volume":3000,"label":" ","price":8.34},{"type":"A","date":"2018-04-24T03:14:33.000Z","volume":9000,"label":" ","price":8.34},{"type":"A","date":"2018-04-24T03:15:17.000Z","volume":1000,"label":" ","price":8.35},{"type":"A","date":"2018-04-24T03:15:21.000Z","volume":5000,"label":" ","price":8.35},{"type":"A","date":"2018-04-24T03:15:26.000Z","volume":1000,"label":" ","price":8.36},{"type":"A","date":"2018-04-24T03:15:26.000Z","volume":1000,"label":" ","price":8.38},{"type":"B","date":"2018-04-24T03:15:26.000Z","volume":1000,"label":" ","price":8.35},{"type":"B","date":"2018-04-24T03:22:03.000Z","volume":1000,"label":" ","price":8.36},{"type":"U","date":"2018-04-24T03:24:23.000Z","volume":1000,"label":"X","price":8.348},{"type":"A","date":"2018-04-24T03:24:26.000Z","volume":3000,"label":" ","price":8.38},{"type":"B","date":"2018-04-24T03:28:06.000Z","volume":1000,"label":" ","price":8.37},{"type":"A","date":"2018-04-24T03:30:01.000Z","volume":3000,"label":" ","price":8.38},{"type":"A","date":"2018-04-24T03:30:01.000Z","volume":1000,"label":" ","price":8.38},{"type":"A","date":"2018-04-24T03:30:01.000Z","volume":12000,"label":" ","price":8.38},{"type":"A","date":"2018-04-24T03:30:06.000Z","volume":1000,"label":" ","price":8.39},{"type":"A","date":"2018-04-24T03:30:22.000Z","volume":1000,"label":"Y","price":8.39},{"type":"A","date":"2018-04-24T03:30:22.000Z","volume":2000,"label":" ","price":8.39},{"type":"B","date":"2018-04-24T03:30:22.000Z","volume":1000,"label":" ","price":8.38},{"type":"A","date":"2018-04-24T03:34:26.000Z","volume":7000,"label":" ","price":8.4},{"type":"A","date":"2018-04-24T03:34:27.000Z","volume":1000,"label":" ","price":8.4},{"type":"A","date":"2018-04-24T03:37:26.000Z","volume":4000,"label":" ","price":8.4},{"type":"A","date":"2018-04-24T03:37:26.000Z","volume":1000,"label":" ","price":8.4},{"type":"A","date":"2018-04-24T03:37:31.000Z","volume":3000,"label":" ","price":8.4},{"type":"U","date":"2018-04-24T03:47:16.000Z","volume":5000,"label":" ","price":8.42},{"type":"A","date":"2018-04-24T03:47:31.000Z","volume":2000,"label":" ","price":8.42},{"type":"A","date":"2018-04-24T03:47:31.000Z","volume":1000,"label":" ","price":8.42},{"type":"B","date":"2018-04-24T03:47:36.000Z","volume":1000,"label":" ","price":8.41},{"type":"B","date":"2018-04-24T03:50:25.000Z","volume":1000,"label":" ","price":8.41},{"type":"B","date":"2018-04-24T03:54:17.000Z","volume":1000,"label":" ","price":8.41},{"type":"A","date":"2018-04-24T03:58:11.000Z","volume":6000,"label":" ","price":8.42},{"type":"A","date":"2018-04-24T03:58:11.000Z","volume":1000,"label":" ","price":8.42},{"type":"A","date":"2018-04-24T03:58:16.000Z","volume":6000,"label":" ","price":8.42},{"type":"B","date":"2018-04-24T03:58:25.000Z","volume":22000,"label":" ","price":8.41},{"type":"A","date":"2018-04-24T03:58:25.000Z","volume":1000,"label":" ","price":8.4},{"type":"A","date":"2018-04-24T03:58:26.000Z","volume":1000,"label":" ","price":8.41},{"type":"U","date":"2018-04-24T03:58:46.000Z","volume":4000,"label":"X","price":8.41},{"type":"B","date":"2018-04-24T05:00:01.000Z","volume":1000,"label":" ","price":8.39},{"type":"B","date":"2018-04-24T05:05:05.000Z","volume":1000,"label":" ","price":8.39},{"type":"B","date":"2018-04-24T05:05:07.000Z","volume":1000,"label":" ","price":8.39},{"type":"U","date":"2018-04-24T05:05:17.000Z","volume":1000,"label":"X","price":8.39},{"type":"U","date":"2018-04-24T05:05:17.000Z","volume":1000,"label":"X","price":8.39},{"type":"B","date":"2018-04-24T05:08:15.000Z","volume":3000,"label":" ","price":8.39},{"type":"B","date":"2018-04-24T05:08:25.000Z","volume":4000,"label":" ","price":8.39},{"type":"B","date":"2018-04-24T05:08:26.000Z","volume":2000,"label":" ","price":8.37},{"type":"A","date":"2018-04-24T05:08:28.000Z","volume":1000,"label":" ","price":8.38},{"type":"B","date":"2018-04-24T05:08:55.000Z","volume":1000,"label":" ","price":8.3},{"type":"B","date":"2018-04-24T05:10:38.000Z","volume":1000,"label":" ","price":8.3},{"type":"A","date":"2018-04-24T05:12:55.000Z","volume":1000,"label":" ","price":8.34},{"type":"B","date":"2018-04-24T05:23:21.000Z","volume":1000,"label":" ","price":8.3},{"type":"B","date":"2018-04-24T05:23:56.000Z","volume":1000,"label":" ","price":8.3},{"type":"A","date":"2018-04-24T05:23:56.000Z","volume":1000,"label":" ","price":8.33},{"type":"B","date":"2018-04-24T05:24:59.000Z","volume":1000,"label":" ","price":8.32},{"type":"B","date":"2018-04-24T05:25:07.000Z","volume":2000,"label":" ","price":8.32},{"type":"A","date":"2018-04-24T05:26:12.000Z","volume":2000,"label":" ","price":8.33},{"type":"A","date":"2018-04-24T05:27:17.000Z","volume":3000,"label":" ","price":8.33},{"type":"A","date":"2018-04-24T05:28:14.000Z","volume":1000,"label":" ","price":8.33},{"type":"A","date":"2018-04-24T05:28:14.000Z","volume":1000,"label":" ","price":8.33},{"type":"A","date":"2018-04-24T05:29:11.000Z","volume":1000,"label":" ","price":8.33},{"type":"A","date":"2018-04-24T05:31:08.000Z","volume":1000,"label":" ","price":8.33},{"type":"A","date":"2018-04-24T05:32:15.000Z","volume":17000,"label":" ","price":8.33},{"type":"A","date":"2018-04-24T05:32:15.000Z","volume":4000,"label":" ","price":8.33},{"type":"A","date":"2018-04-24T05:32:15.000Z","volume":3000,"label":" ","price":8.33},{"type":"A","date":"2018-04-24T05:32:15.000Z","volume":2000,"label":" ","price":8.34},{"type":"A","date":"2018-04-24T05:32:15.000Z","volume":3000,"label":" ","price":8.34},{"type":"A","date":"2018-04-24T05:32:18.000Z","volume":1000,"label":" ","price":8.35},{"type":"A","date":"2018-04-24T05:34:07.000Z","volume":4000,"label":" ","price":8.35},{"type":"A","date":"2018-04-24T05:34:07.000Z","volume":6000,"label":" ","price":8.38},{"type":"A","date":"2018-04-24T05:34:10.000Z","volume":1000,"label":" ","price":8.38},{"type":"U","date":"2018-04-24T05:34:18.000Z","volume":1000,"label":"X","price":8.32},{"type":"A","date":"2018-04-24T05:34:31.000Z","volume":4000,"label":" ","price":8.37},{"type":"A","date":"2018-04-24T05:34:31.000Z","volume":4000,"label":" ","price":8.38},{"type":"A","date":"2018-04-24T05:34:31.000Z","volume":1000,"label":" ","price":8.39},{"type":"A","date":"2018-04-24T05:34:31.000Z","volume":1000,"label":" ","price":8.4},{"type":"A","date":"2018-04-24T05:34:34.000Z","volume":1000,"label":" ","price":8.4},{"type":"U","date":"2018-04-24T05:34:43.000Z","volume":4000,"label":"X","price":8.33},{"type":"B","date":"2018-04-24T05:34:43.000Z","volume":2000,"label":" ","price":8.33},{"type":"B","date":"2018-04-24T05:34:43.000Z","volume":5000,"label":"Y","price":8.32},{"type":"B","date":"2018-04-24T05:34:43.000Z","volume":6000,"label":" ","price":8.32},{"type":"B","date":"2018-04-24T05:34:43.000Z","volume":4000,"label":" ","price":8.31},{"type":"B","date":"2018-04-24T05:34:43.000Z","volume":46000,"label":" ","price":8.3},{"type":"B","date":"2018-04-24T05:34:43.000Z","volume":46000,"label":" ","price":8.29},{"type":"A","date":"2018-04-24T05:34:43.000Z","volume":1000,"label":" ","price":8.38},{"type":"A","date":"2018-04-24T05:34:43.000Z","volume":1000,"label":" ","price":8.39},{"type":"A","date":"2018-04-24T05:34:44.000Z","volume":6000,"label":" ","price":8.39},{"type":"A","date":"2018-04-24T05:34:44.000Z","volume":1000,"label":" ","price":8.39},{"type":"A","date":"2018-04-24T05:34:46.000Z","volume":2000,"label":" ","price":8.39},{"type":"A","date":"2018-04-24T05:34:46.000Z","volume":3000,"label":" ","price":8.4},{"type":"A","date":"2018-04-24T05:34:46.000Z","volume":5000,"label":" ","price":8.4},{"type":"A","date":"2018-04-24T05:34:50.000Z","volume":1000,"label":" ","price":8.41},{"type":"A","date":"2018-04-24T05:35:00.000Z","volume":10000,"label":" ","price":8.41},{"type":"A","date":"2018-04-24T05:35:03.000Z","volume":1000,"label":" ","price":8.41},{"type":"B","date":"2018-04-24T05:39:17.000Z","volume":1000,"label":" ","price":8.33},{"type":"B","date":"2018-04-24T05:45:23.000Z","volume":1000,"label":" ","price":8.33},{"type":"B","date":"2018-04-24T05:48:19.000Z","volume":1000,"label":" ","price":8.33},{"type":"A","date":"2018-04-24T05:55:17.000Z","volume":1000,"label":" ","price":8.38},{"type":"U","date":"2018-04-24T05:55:17.000Z","volume":1000,"label":"X","price":8.35},{"type":"A","date":"2018-04-24T05:56:25.000Z","volume":12000,"label":" ","price":8.38},{"type":"B","date":"2018-04-24T05:56:52.000Z","volume":1000,"label":" ","price":8.37},{"type":"B","date":"2018-04-24T05:56:52.000Z","volume":1000,"label":" ","price":8.37},{"type":"U","date":"2018-04-24T05:58:23.000Z","volume":1000,"label":"X","price":8.379},{"type":"B","date":"2018-04-24T05:59:13.000Z","volume":5000,"label":" ","price":8.36},{"type":"A","date":"2018-04-24T06:02:50.000Z","volume":4000,"label":" ","price":8.37},{"type":"B","date":"2018-04-24T06:03:27.000Z","volume":1000,"label":" ","price":8.36},{"type":"B","date":"2018-04-24T06:10:20.000Z","volume":1000,"label":" ","price":8.36},{"type":"B","date":"2018-04-24T06:10:56.000Z","volume":1000,"label":" ","price":8.36},{"type":"B","date":"2018-04-24T06:11:01.000Z","volume":1000,"label":" ","price":8.36},{"type":"B","date":"2018-04-24T06:15:19.000Z","volume":1000,"label":" ","price":8.36},{"type":"B","date":"2018-04-24T06:16:41.000Z","volume":1000,"label":" ","price":8.36},{"type":"B","date":"2018-04-24T06:17:13.000Z","volume":1000,"label":" ","price":8.36},{"type":"B","date":"2018-04-24T06:21:21.000Z","volume":1000,"label":" ","price":8.36},{"type":"B","date":"2018-04-24T06:21:36.000Z","volume":1000,"label":" ","price":8.36},{"type":"A","date":"2018-04-24T06:22:16.000Z","volume":1000,"label":" ","price":8.37},{"type":"B","date":"2018-04-24T06:23:13.000Z","volume":1000,"label":" ","price":8.36},{"type":"B","date":"2018-04-24T06:24:32.000Z","volume":13000,"label":" ","price":8.36},{"type":"B","date":"2018-04-24T06:24:32.000Z","volume":14000,"label":" ","price":8.36},{"type":"U","date":"2018-04-24T06:24:32.000Z","volume":1000,"label":"X","price":8.34},{"type":"A","date":"2018-04-24T06:24:34.000Z","volume":2000,"label":" ","price":8.35},{"type":"A","date":"2018-04-24T06:24:38.000Z","volume":1000,"label":" ","price":8.35},{"type":"B","date":"2018-04-24T06:24:53.000Z","volume":1000,"label":"Y","price":8.34},{"type":"B","date":"2018-04-24T06:24:53.000Z","volume":1000,"label":" ","price":8.34},{"type":"B","date":"2018-04-24T06:24:57.000Z","volume":1000,"label":" ","price":8.34},{"type":"B","date":"2018-04-24T06:24:57.000Z","volume":1000,"label":" ","price":8.34},{"type":"U","date":"2018-04-24T06:25:02.000Z","volume":1000,"label":"X","price":8.34},{"type":"B","date":"2018-04-24T06:25:18.000Z","volume":1000,"label":" ","price":8.34},{"type":"B","date":"2018-04-24T06:25:44.000Z","volume":1000,"label":" ","price":8.34},{"type":"B","date":"2018-04-24T06:27:56.000Z","volume":1000,"label":" ","price":8.34},{"type":"B","date":"2018-04-24T06:28:47.000Z","volume":1000,"label":" ","price":8.34},{"type":"U","date":"2018-04-24T06:29:15.000Z","volume":1000,"label":"X","price":8.34},{"type":"B","date":"2018-04-24T06:30:13.000Z","volume":1000,"label":" ","price":8.34},{"type":"B","date":"2018-04-24T06:30:13.000Z","volume":2000,"label":" ","price":8.34},{"type":"B","date":"2018-04-24T06:34:06.000Z","volume":2000,"label":" ","price":8.32},{"type":"U","date":"2018-04-24T06:36:51.000Z","volume":3000,"label":" ","price":8.34},{"type":"A","date":"2018-04-24T06:38:38.000Z","volume":2000,"label":" ","price":8.33},{"type":"U","date":"2018-04-24T06:39:14.000Z","volume":1000,"label":" ","price":8.31},{"type":"B","date":"2018-04-24T06:43:06.000Z","volume":1000,"label":" ","price":8.3},{"type":"B","date":"2018-04-24T06:45:02.000Z","volume":1000,"label":" ","price":8.3},{"type":"B","date":"2018-04-24T06:47:51.000Z","volume":1000,"label":" ","price":8.3},{"type":"A","date":"2018-04-24T06:50:46.000Z","volume":1000,"label":" ","price":8.31},{"type":"B","date":"2018-04-24T06:51:21.000Z","volume":1000,"label":" ","price":8.3},{"type":"B","date":"2018-04-24T06:55:02.000Z","volume":2000,"label":" ","price":8.3},{"type":"B","date":"2018-04-24T06:55:16.000Z","volume":1000,"label":" ","price":8.3},{"type":"B","date":"2018-04-24T06:56:24.000Z","volume":1000,"label":" ","price":8.3},{"type":"A","date":"2018-04-24T06:56:48.000Z","volume":4000,"label":" ","price":8.31},{"type":"A","date":"2018-04-24T06:56:48.000Z","volume":1000,"label":" ","price":8.31},{"type":"B","date":"2018-04-24T06:58:36.000Z","volume":1000,"label":" ","price":8.3},{"type":"B","date":"2018-04-24T07:01:01.000Z","volume":1000,"label":" ","price":8.3},{"type":"B","date":"2018-04-24T07:01:13.000Z","volume":1000,"label":" ","price":8.3},{"type":"B","date":"2018-04-24T07:02:51.000Z","volume":1000,"label":" ","price":8.3},{"type":"U","date":"2018-04-24T07:03:16.000Z","volume":1000,"label":"X","price":8.305},{"type":"B","date":"2018-04-24T07:04:21.000Z","volume":1000,"label":" ","price":8.3},{"type":"B","date":"2018-04-24T07:07:17.000Z","volume":1000,"label":" ","price":8.3},{"type":"A","date":"2018-04-24T07:07:18.000Z","volume":1000,"label":" ","price":8.31},{"type":"U","date":"2018-04-24T07:07:18.000Z","volume":1000,"label":"X","price":8.3},{"type":"B","date":"2018-04-24T07:07:18.000Z","volume":1000,"label":" ","price":8.3},{"type":"B","date":"2018-04-24T07:08:06.000Z","volume":1000,"label":" ","price":8.3},{"type":"B","date":"2018-04-24T07:09:16.000Z","volume":20000,"label":" ","price":8.3},{"type":"A","date":"2018-04-24T07:09:19.000Z","volume":2000,"label":" ","price":8.31},{"type":"B","date":"2018-04-24T07:09:46.000Z","volume":1000,"label":" ","price":8.3},{"type":"B","date":"2018-04-24T07:09:54.000Z","volume":1000,"label":" ","price":8.3},{"type":"B","date":"2018-04-24T07:10:27.000Z","volume":2000,"label":" ","price":8.3},{"type":"B","date":"2018-04-24T07:11:46.000Z","volume":1000,"label":" ","price":8.3},{"type":"A","date":"2018-04-24T07:12:06.000Z","volume":1000,"label":" ","price":8.31},{"type":"B","date":"2018-04-24T07:16:37.000Z","volume":1000,"label":" ","price":8.3},{"type":"B","date":"2018-04-24T07:17:11.000Z","volume":1000,"label":" ","price":8.3},{"type":"A","date":"2018-04-24T07:18:07.000Z","volume":1000,"label":" ","price":8.31},{"type":"A","date":"2018-04-24T07:19:02.000Z","volume":3000,"label":" ","price":8.31},{"type":"A","date":"2018-04-24T07:20:15.000Z","volume":1000,"label":" ","price":8.31},{"type":"A","date":"2018-04-24T07:20:58.000Z","volume":4000,"label":" ","price":8.31},{"type":"A","date":"2018-04-24T07:20:58.000Z","volume":18000,"label":" ","price":8.31},{"type":"A","date":"2018-04-24T07:20:59.000Z","volume":3000,"label":" ","price":8.31},{"type":"A","date":"2018-04-24T07:21:04.000Z","volume":1000,"label":" ","price":8.31},{"type":"A","date":"2018-04-24T07:21:59.000Z","volume":2000,"label":" ","price":8.31},{"type":"A","date":"2018-04-24T07:22:04.000Z","volume":1000,"label":" ","price":8.31},{"type":"A","date":"2018-04-24T07:22:04.000Z","volume":2000,"label":" ","price":8.31},{"type":"A","date":"2018-04-24T07:25:15.000Z","volume":1000,"label":" ","price":8.31},{"type":"A","date":"2018-04-24T07:29:53.000Z","volume":2000,"label":" ","price":8.31},{"type":"A","date":"2018-04-24T07:30:04.000Z","volume":1000,"label":" ","price":8.31},{"type":"A","date":"2018-04-24T07:30:11.000Z","volume":1000,"label":" ","price":8.31},{"type":"A","date":"2018-04-24T07:34:05.000Z","volume":1000,"label":" ","price":8.31},{"type":"A","date":"2018-04-24T07:35:12.000Z","volume":1000,"label":" ","price":8.31},{"type":"B","date":"2018-04-24T07:37:53.000Z","volume":1000,"label":" ","price":8.3},{"type":"B","date":"2018-04-24T07:38:37.000Z","volume":19000,"label":" ","price":8.3},{"type":"B","date":"2018-04-24T07:38:38.000Z","volume":44000,"label":" ","price":8.3},{"type":"U","date":"2018-04-24T07:38:52.000Z","volume":4000,"label":"X","price":8.3},{"type":"A","date":"2018-04-24T07:39:22.000Z","volume":2000,"label":"Y","price":8.3},{"type":"A","date":"2018-04-24T07:39:22.000Z","volume":1000,"label":" ","price":8.3},{"type":"A","date":"2018-04-24T07:39:39.000Z","volume":34000,"label":" ","price":8.3},{"type":"U","date":"2018-04-24T07:39:40.000Z","volume":1000,"label":"X","price":8.3},{"type":"U","date":"2018-04-24T07:39:40.000Z","volume":1000,"label":"X","price":8.3},{"type":"A","date":"2018-04-24T07:39:40.000Z","volume":3000,"label":" ","price":8.31},{"type":"A","date":"2018-04-24T07:39:40.000Z","volume":1000,"label":" ","price":8.33},{"type":"B","date":"2018-04-24T07:39:40.000Z","volume":28000,"label":" ","price":8.3},{"type":"A","date":"2018-04-24T07:39:51.000Z","volume":38000,"label":" ","price":8.3},{"type":"A","date":"2018-04-24T07:39:52.000Z","volume":5000,"label":" ","price":8.33},{"type":"A","date":"2018-04-24T07:39:52.000Z","volume":5000,"label":" ","price":8.33},{"type":"U","date":"2018-04-24T07:39:52.000Z","volume":5000,"label":"X","price":8.3},{"type":"U","date":"2018-04-24T07:40:04.000Z","volume":2000,"label":"X","price":8.3},{"type":"B","date":"2018-04-24T07:43:22.000Z","volume":1000,"label":" ","price":8.3},{"type":"B","date":"2018-04-24T07:44:12.000Z","volume":1000,"label":" ","price":8.31},{"type":"A","date":"2018-04-24T07:44:17.000Z","volume":9000,"label":" ","price":8.31},{"type":"A","date":"2018-04-24T07:44:17.000Z","volume":1000,"label":" ","price":8.31},{"type":"A","date":"2018-04-24T07:45:11.000Z","volume":1000,"label":"Y","price":8.37},{"type":"A","date":"2018-04-24T07:46:58.000Z","volume":2000,"label":" ","price":8.36},{"type":"A","date":"2018-04-24T07:50:19.000Z","volume":1000,"label":" ","price":8.36},{"type":"A","date":"2018-04-24T07:50:20.000Z","volume":1000,"label":" ","price":8.36},{"type":"A","date":"2018-04-24T07:55:17.000Z","volume":3000,"label":" ","price":8.36},{"type":"B","date":"2018-04-24T07:56:20.000Z","volume":1000,"label":" ","price":8.35},{"type":"A","date":"2018-04-24T07:56:20.000Z","volume":1000,"label":" ","price":8.36},{"type":"B","date":"2018-04-24T07:56:25.000Z","volume":1000,"label":" ","price":8.35},{"type":"B","date":"2018-04-24T07:56:27.000Z","volume":3000,"label":" ","price":8.35},{"type":"B","date":"2018-04-24T07:57:25.000Z","volume":1000,"label":" ","price":8.35},{"type":"B","date":"2018-04-24T07:57:41.000Z","volume":1000,"label":" ","price":8.35},{"type":"B","date":"2018-04-24T07:58:26.000Z","volume":1000,"label":" ","price":8.35},{"type":"B","date":"2018-04-24T07:58:52.000Z","volume":1000,"label":" ","price":8.35},{"type":"B","date":"2018-04-24T07:58:58.000Z","volume":1000,"label":" ","price":8.35},{"type":"A","date":"2018-04-24T07:59:05.000Z","volume":1000,"label":" ","price":8.36},{"type":"B","date":"2018-04-24T07:59:22.000Z","volume":1000,"label":" ","price":8.35},{"type":"B","date":"2018-04-24T07:59:23.000Z","volume":1000,"label":" ","price":8.35},{"type":"B","date":"2018-04-24T07:59:26.000Z","volume":1000,"label":" ","price":8.35},{"type":"B","date":"2018-04-24T07:59:27.000Z","volume":1000,"label":"Y","price":8.35},{"type":"A","date":"2018-04-24T07:59:28.000Z","volume":1000,"label":" ","price":8.36},{"type":"A","date":"2018-04-24T07:59:28.000Z","volume":1000,"label":" ","price":8.36},{"type":"A","date":"2018-04-24T07:59:44.000Z","volume":1000,"label":" ","price":8.36},{"type":"A","date":"2018-04-24T07:59:53.000Z","volume":1000,"label":" ","price":8.36},{"type":"U","date":"2018-04-24T08:08:02.000Z","volume":16000,"label":"U","price":8.36}]