[{"type":"B","date":"2018-04-06T01:47:31.000Z","volume":15000,"label":" ","price":1.11},{"type":"B","date":"2018-04-06T01:56:04.000Z","volume":30000,"label":" ","price":1.1},{"type":"A","date":"2018-04-06T02:01:29.000Z","volume":6000,"label":" ","price":1.12},{"type":"B","date":"2018-04-06T02:13:23.000Z","volume":10000,"label":" ","price":1.1},{"type":"A","date":"2018-04-06T02:16:05.000Z","volume":2000,"label":" ","price":1.12},{"type":"B","date":"2018-04-06T02:17:43.000Z","volume":5000,"label":" ","price":1.1},{"type":"B","date":"2018-04-06T02:17:43.000Z","volume":62000,"label":" ","price":1.09},{"type":"A","date":"2018-04-06T02:18:21.000Z","volume":5000,"label":" ","price":1.12},{"type":"B","date":"2018-04-06T02:32:20.000Z","volume":20000,"label":" ","price":1.1},{"type":"A","date":"2018-04-06T02:35:35.000Z","volume":2000,"label":" ","price":1.11},{"type":"B","date":"2018-04-06T02:38:23.000Z","volume":8000,"label":" ","price":1.11},{"type":"B","date":"2018-04-06T02:38:23.000Z","volume":10000,"label":" ","price":1.1},{"type":"B","date":"2018-04-06T02:38:23.000Z","volume":57000,"label":" ","price":1.09},{"type":"A","date":"2018-04-06T02:38:29.000Z","volume":6000,"label":" ","price":1.09},{"type":"A","date":"2018-04-06T02:39:12.000Z","volume":69000,"label":" ","price":1.11},{"type":"A","date":"2018-04-06T02:39:12.000Z","volume":1000,"label":" ","price":1.12},{"type":"A","date":"2018-04-06T02:39:57.000Z","volume":25000,"label":" ","price":1.11},{"type":"B","date":"2018-04-06T02:40:12.000Z","volume":5000,"label":" ","price":1.11},{"type":"A","date":"2018-04-06T02:40:53.000Z","volume":31000,"label":" ","price":1.11},{"type":"A","date":"2018-04-06T02:40:53.000Z","volume":9000,"label":" ","price":1.12},{"type":"A","date":"2018-04-06T02:47:04.000Z","volume":43000,"label":" ","price":1.12},{"type":"A","date":"2018-04-06T02:47:04.000Z","volume":112000,"label":" ","price":1.13},{"type":"A","date":"2018-04-06T02:47:04.000Z","volume":115000,"label":" ","price":1.14},{"type":"A","date":"2018-04-06T02:47:40.000Z","volume":5000,"label":" ","price":1.12},{"type":"B","date":"2018-04-06T02:47:55.000Z","volume":10000,"label":" ","price":1.12},{"type":"B","date":"2018-04-06T03:11:28.000Z","volume":100000,"label":" ","price":1.1},{"type":"B","date":"2018-04-06T03:43:42.000Z","volume":63000,"label":" ","price":1.1},{"type":"A","date":"2018-04-06T03:45:34.000Z","volume":2000,"label":" ","price":1.1},{"type":"A","date":"2018-04-06T06:59:56.000Z","volume":10000,"label":" ","price":1.11},{"type":"B","date":"2018-04-06T07:54:06.000Z","volume":5000,"label":" ","price":1.1},{"type":"A","date":"2018-04-06T07:54:56.000Z","volume":40000,"label":" ","price":1.11},{"type":"A","date":"2018-04-06T07:54:56.000Z","volume":77000,"label":" ","price":1.12},{"type":"A","date":"2018-04-06T07:54:56.000Z","volume":13000,"label":" ","price":1.13},{"type":"A","date":"2018-04-06T07:57:55.000Z","volume":14000,"label":" ","price":1.12},{"type":"A","date":"2018-04-06T07:57:55.000Z","volume":1000,"label":" ","price":1.13},{"type":"A","date":"2018-04-06T07:58:47.000Z","volume":15000,"label":" ","price":1.12},{"type":"A","date":"2018-04-06T07:58:47.000Z","volume":5000,"label":" ","price":1.13}]