[{"type":"B","date":"2018-04-12T01:47:58.000Z","volume":20000,"label":" ","price":0.221},{"type":"B","date":"2018-04-12T01:47:58.000Z","volume":30000,"label":" ","price":0.22},{"type":"U","date":"2018-04-12T01:53:15.000Z","volume":2500,"label":"D","price":0.214},{"type":"U","date":"2018-04-12T01:56:39.000Z","volume":5000,"label":"D","price":0.212},{"type":"B","date":"2018-04-12T02:57:15.000Z","volume":20000,"label":" ","price":0.22},{"type":"B","date":"2018-04-12T02:57:23.000Z","volume":20000,"label":" ","price":0.22},{"type":"A","date":"2018-04-12T02:57:37.000Z","volume":10000,"label":" ","price":0.226},{"type":"B","date":"2018-04-12T03:00:58.000Z","volume":10000,"label":" ","price":0.22},{"type":"U","date":"2018-04-12T03:01:47.000Z","volume":2500,"label":"D","price":0.212},{"type":"B","date":"2018-04-12T03:08:11.000Z","volume":10000,"label":" ","price":0.22},{"type":"B","date":"2018-04-12T03:10:42.000Z","volume":20000,"label":" ","price":0.22},{"type":"A","date":"2018-04-12T03:11:08.000Z","volume":10000,"label":" ","price":0.225},{"type":"B","date":"2018-04-12T03:16:25.000Z","volume":20000,"label":" ","price":0.22},{"type":"B","date":"2018-04-12T03:29:22.000Z","volume":20000,"label":" ","price":0.22},{"type":"A","date":"2018-04-12T03:42:08.000Z","volume":10000,"label":" ","price":0.225},{"type":"B","date":"2018-04-12T05:25:43.000Z","volume":20000,"label":" ","price":0.22},{"type":"B","date":"2018-04-12T05:44:11.000Z","volume":20000,"label":" ","price":0.22},{"type":"B","date":"2018-04-12T06:01:32.000Z","volume":20000,"label":" ","price":0.22},{"type":"B","date":"2018-04-12T06:23:08.000Z","volume":20000,"label":" ","price":0.22},{"type":"A","date":"2018-04-12T06:23:20.000Z","volume":10000,"label":" ","price":0.225},{"type":"B","date":"2018-04-12T06:23:33.000Z","volume":20000,"label":" ","price":0.22},{"type":"A","date":"2018-04-12T07:28:13.000Z","volume":20000,"label":" ","price":0.222},{"type":"A","date":"2018-04-12T07:28:58.000Z","volume":20000,"label":" ","price":0.222},{"type":"A","date":"2018-04-12T07:29:17.000Z","volume":30000,"label":" ","price":0.222},{"type":"A","date":"2018-04-12T07:29:59.000Z","volume":40000,"label":" ","price":0.222},{"type":"A","date":"2018-04-12T07:32:17.000Z","volume":40000,"label":" ","price":0.222},{"type":"A","date":"2018-04-12T07:32:54.000Z","volume":50000,"label":" ","price":0.222},{"type":"A","date":"2018-04-12T07:33:38.000Z","volume":60000,"label":" ","price":0.222},{"type":"A","date":"2018-04-12T07:34:23.000Z","volume":50000,"label":" ","price":0.222},{"type":"A","date":"2018-04-12T07:36:40.000Z","volume":50000,"label":" ","price":0.226},{"type":"B","date":"2018-04-12T07:50:08.000Z","volume":20000,"label":" ","price":0.223},{"type":"B","date":"2018-04-12T07:52:57.000Z","volume":10000,"label":" ","price":0.223},{"type":"B","date":"2018-04-12T07:55:57.000Z","volume":10000,"label":" ","price":0.223},{"type":"B","date":"2018-04-12T07:57:56.000Z","volume":10000,"label":" ","price":0.223}]