[{"type":"A","date":"2018-05-03T01:30:54.000Z","volume":500,"label":" ","price":4.45},{"type":"A","date":"2018-05-03T01:31:20.000Z","volume":2000,"label":" ","price":4.44},{"type":"B","date":"2018-05-03T01:31:33.000Z","volume":5000,"label":" ","price":4.41},{"type":"U","date":"2018-05-03T01:31:34.000Z","volume":500,"label":"Y","price":4.41},{"type":"B","date":"2018-05-03T01:31:34.000Z","volume":2000,"label":" ","price":4.4},{"type":"U","date":"2018-05-03T01:31:38.000Z","volume":500,"label":"X","price":4.42},{"type":"B","date":"2018-05-03T01:31:48.000Z","volume":1000,"label":"Y","price":4.4},{"type":"B","date":"2018-05-03T01:31:48.000Z","volume":2000,"label":"Y","price":4.4},{"type":"B","date":"2018-05-03T01:31:48.000Z","volume":2500,"label":" ","price":4.4},{"type":"A","date":"2018-05-03T01:31:48.000Z","volume":500,"label":" ","price":4.41},{"type":"B","date":"2018-05-03T01:31:50.000Z","volume":1500,"label":" ","price":4.4},{"type":"B","date":"2018-05-03T01:31:53.000Z","volume":3500,"label":" ","price":4.4},{"type":"A","date":"2018-05-03T01:31:53.000Z","volume":500,"label":" ","price":4.4},{"type":"U","date":"2018-05-03T01:32:01.000Z","volume":500,"label":" ","price":4.39},{"type":"B","date":"2018-05-03T01:32:10.000Z","volume":1500,"label":" ","price":4.39},{"type":"B","date":"2018-05-03T01:32:10.000Z","volume":500,"label":" ","price":4.39},{"type":"A","date":"2018-05-03T01:32:13.000Z","volume":500,"label":" ","price":4.39},{"type":"B","date":"2018-05-03T01:32:33.000Z","volume":500,"label":" ","price":4.38},{"type":"A","date":"2018-05-03T01:32:34.000Z","volume":10000,"label":" ","price":4.39},{"type":"B","date":"2018-05-03T01:32:34.000Z","volume":1500,"label":" ","price":4.38},{"type":"A","date":"2018-05-03T01:32:35.000Z","volume":5500,"label":" ","price":4.4},{"type":"A","date":"2018-05-03T01:32:39.000Z","volume":500,"label":"Y","price":4.4},{"type":"A","date":"2018-05-03T01:32:49.000Z","volume":1500,"label":" ","price":4.4},{"type":"A","date":"2018-05-03T01:33:02.000Z","volume":500,"label":" ","price":4.4},{"type":"A","date":"2018-05-03T01:33:04.000Z","volume":3500,"label":" ","price":4.41},{"type":"A","date":"2018-05-03T01:33:25.000Z","volume":2000,"label":"Y","price":4.42},{"type":"A","date":"2018-05-03T01:33:25.000Z","volume":2000,"label":" ","price":4.42},{"type":"A","date":"2018-05-03T01:33:34.000Z","volume":500,"label":" ","price":4.45},{"type":"A","date":"2018-05-03T01:33:35.000Z","volume":500,"label":" ","price":4.45},{"type":"A","date":"2018-05-03T01:35:19.000Z","volume":1000,"label":" ","price":4.46},{"type":"A","date":"2018-05-03T01:35:20.000Z","volume":500,"label":" ","price":4.47},{"type":"B","date":"2018-05-03T01:36:20.000Z","volume":2000,"label":" ","price":4.42},{"type":"A","date":"2018-05-03T01:36:20.000Z","volume":500,"label":" ","price":4.46},{"type":"B","date":"2018-05-03T01:36:20.000Z","volume":1000,"label":" ","price":4.42},{"type":"A","date":"2018-05-03T01:36:21.000Z","volume":500,"label":" ","price":4.46},{"type":"U","date":"2018-05-03T01:36:22.000Z","volume":500,"label":" ","price":4.43},{"type":"B","date":"2018-05-03T01:36:23.000Z","volume":1000,"label":" ","price":4.42},{"type":"A","date":"2018-05-03T01:36:23.000Z","volume":500,"label":" ","price":4.45},{"type":"B","date":"2018-05-03T01:36:36.000Z","volume":14500,"label":" ","price":4.42},{"type":"A","date":"2018-05-03T01:36:36.000Z","volume":500,"label":" ","price":4.43},{"type":"A","date":"2018-05-03T01:36:36.000Z","volume":1500,"label":" ","price":4.43},{"type":"B","date":"2018-05-03T01:36:36.000Z","volume":1000,"label":" ","price":4.41},{"type":"B","date":"2018-05-03T01:36:38.000Z","volume":2000,"label":"Y","price":4.38},{"type":"A","date":"2018-05-03T01:36:50.000Z","volume":500,"label":" ","price":4.42},{"type":"A","date":"2018-05-03T01:36:59.000Z","volume":3000,"label":" ","price":4.4},{"type":"A","date":"2018-05-03T01:37:00.000Z","volume":1000,"label":" ","price":4.41},{"type":"A","date":"2018-05-03T01:37:02.000Z","volume":500,"label":" ","price":4.4},{"type":"U","date":"2018-05-03T01:37:08.000Z","volume":500,"label":"X","price":4.41},{"type":"B","date":"2018-05-03T01:37:35.000Z","volume":1500,"label":" ","price":4.38},{"type":"A","date":"2018-05-03T01:37:36.000Z","volume":500,"label":"Y","price":4.4},{"type":"A","date":"2018-05-03T01:37:49.000Z","volume":500,"label":" ","price":4.39},{"type":"B","date":"2018-05-03T01:37:49.000Z","volume":500,"label":" ","price":4.38},{"type":"A","date":"2018-05-03T01:37:50.000Z","volume":500,"label":" ","price":4.39},{"type":"B","date":"2018-05-03T01:37:53.000Z","volume":1000,"label":" ","price":4.38},{"type":"A","date":"2018-05-03T01:37:54.000Z","volume":500,"label":" ","price":4.39},{"type":"A","date":"2018-05-03T01:38:38.000Z","volume":500,"label":" ","price":4.39},{"type":"A","date":"2018-05-03T01:38:40.000Z","volume":10500,"label":" ","price":4.39},{"type":"A","date":"2018-05-03T01:38:40.000Z","volume":5000,"label":" ","price":4.39},{"type":"A","date":"2018-05-03T01:38:40.000Z","volume":500,"label":" ","price":4.39},{"type":"A","date":"2018-05-03T01:38:40.000Z","volume":5000,"label":" ","price":4.39},{"type":"A","date":"2018-05-03T01:38:40.000Z","volume":2000,"label":" ","price":4.4},{"type":"A","date":"2018-05-03T01:38:41.000Z","volume":2500,"label":" ","price":4.44},{"type":"A","date":"2018-05-03T01:38:41.000Z","volume":5000,"label":" ","price":4.44},{"type":"A","date":"2018-05-03T01:38:41.000Z","volume":500,"label":" ","price":4.45},{"type":"B","date":"2018-05-03T01:38:42.000Z","volume":1000,"label":" ","price":4.45},{"type":"U","date":"2018-05-03T01:38:45.000Z","volume":500,"label":" ","price":4.43},{"type":"A","date":"2018-05-03T01:39:19.000Z","volume":2500,"label":" ","price":4.43},{"type":"A","date":"2018-05-03T01:39:19.000Z","volume":1500,"label":" ","price":4.43},{"type":"U","date":"2018-05-03T01:39:19.000Z","volume":500,"label":"Y","price":4.42},{"type":"U","date":"2018-05-03T01:39:19.000Z","volume":2000,"label":" ","price":4.42},{"type":"U","date":"2018-05-03T01:39:19.000Z","volume":500,"label":" ","price":4.42},{"type":"U","date":"2018-05-03T01:39:34.000Z","volume":1000,"label":"X","price":4.43},{"type":"A","date":"2018-05-03T01:40:05.000Z","volume":500,"label":" ","price":4.44},{"type":"A","date":"2018-05-03T01:40:05.000Z","volume":500,"label":" ","price":4.44},{"type":"A","date":"2018-05-03T01:40:05.000Z","volume":500,"label":" ","price":4.44},{"type":"A","date":"2018-05-03T01:40:35.000Z","volume":500,"label":" ","price":4.44},{"type":"A","date":"2018-05-03T01:40:55.000Z","volume":500,"label":" ","price":4.42},{"type":"B","date":"2018-05-03T01:41:09.000Z","volume":500,"label":"Y","price":4.41},{"type":"B","date":"2018-05-03T01:41:09.000Z","volume":2000,"label":" ","price":4.41},{"type":"B","date":"2018-05-03T01:41:09.000Z","volume":10000,"label":" ","price":4.41},{"type":"A","date":"2018-05-03T01:41:09.000Z","volume":1000,"label":" ","price":4.42},{"type":"B","date":"2018-05-03T01:41:09.000Z","volume":1000,"label":" ","price":4.41},{"type":"B","date":"2018-05-03T01:41:09.000Z","volume":2000,"label":" ","price":4.4},{"type":"B","date":"2018-05-03T01:41:09.000Z","volume":10500,"label":" ","price":4.4},{"type":"A","date":"2018-05-03T01:41:10.000Z","volume":500,"label":" ","price":4.41},{"type":"A","date":"2018-05-03T01:41:10.000Z","volume":2500,"label":" ","price":4.41},{"type":"B","date":"2018-05-03T01:41:11.000Z","volume":1000,"label":" ","price":4.38},{"type":"B","date":"2018-05-03T01:41:37.000Z","volume":2500,"label":" ","price":4.38},{"type":"B","date":"2018-05-03T01:41:42.000Z","volume":500,"label":" ","price":4.38},{"type":"B","date":"2018-05-03T01:41:44.000Z","volume":500,"label":" ","price":4.38},{"type":"B","date":"2018-05-03T01:41:54.000Z","volume":2000,"label":" ","price":4.38},{"type":"B","date":"2018-05-03T01:41:54.000Z","volume":1500,"label":" ","price":4.38},{"type":"B","date":"2018-05-03T01:41:55.000Z","volume":4000,"label":" ","price":4.38},{"type":"B","date":"2018-05-03T01:41:55.000Z","volume":38000,"label":" ","price":4.38},{"type":"B","date":"2018-05-03T01:41:56.000Z","volume":3000,"label":" ","price":4.35},{"type":"B","date":"2018-05-03T01:41:58.000Z","volume":2500,"label":" ","price":4.32},{"type":"B","date":"2018-05-03T01:41:59.000Z","volume":3500,"label":" ","price":4.3},{"type":"B","date":"2018-05-03T01:42:10.000Z","volume":2500,"label":" ","price":4.32},{"type":"U","date":"2018-05-03T01:42:10.000Z","volume":2000,"label":" ","price":4.32},{"type":"U","date":"2018-05-03T01:42:26.000Z","volume":7000,"label":" ","price":4.32},{"type":"B","date":"2018-05-03T01:42:27.000Z","volume":1000,"label":" ","price":4.3},{"type":"U","date":"2018-05-03T01:42:31.000Z","volume":10000,"label":" ","price":4.31},{"type":"B","date":"2018-05-03T01:42:32.000Z","volume":1000,"label":"Y","price":4.31},{"type":"A","date":"2018-05-03T01:42:32.000Z","volume":2500,"label":" ","price":4.32},{"type":"A","date":"2018-05-03T01:42:32.000Z","volume":2000,"label":" ","price":4.32},{"type":"B","date":"2018-05-03T01:42:32.000Z","volume":500,"label":"Y","price":4.31},{"type":"U","date":"2018-05-03T01:42:33.000Z","volume":1500,"label":" ","price":4.32},{"type":"A","date":"2018-05-03T01:42:35.000Z","volume":3500,"label":" ","price":4.33},{"type":"U","date":"2018-05-03T01:42:37.000Z","volume":1000,"label":" ","price":4.33},{"type":"B","date":"2018-05-03T01:42:38.000Z","volume":500,"label":" ","price":4.32},{"type":"B","date":"2018-05-03T01:42:39.000Z","volume":500,"label":"Y","price":4.32},{"type":"B","date":"2018-05-03T01:42:39.000Z","volume":500,"label":"Y","price":4.32},{"type":"B","date":"2018-05-03T01:42:39.000Z","volume":500,"label":"Y","price":4.32},{"type":"B","date":"2018-05-03T01:42:39.000Z","volume":2000,"label":" ","price":4.32},{"type":"B","date":"2018-05-03T01:42:39.000Z","volume":500,"label":"Y","price":4.32},{"type":"B","date":"2018-05-03T01:42:39.000Z","volume":1500,"label":"Y","price":4.32},{"type":"B","date":"2018-05-03T01:42:39.000Z","volume":500,"label":" ","price":4.32},{"type":"B","date":"2018-05-03T01:42:39.000Z","volume":500,"label":" ","price":4.33},{"type":"B","date":"2018-05-03T01:42:39.000Z","volume":3000,"label":" ","price":4.33},{"type":"U","date":"2018-05-03T01:42:50.000Z","volume":3500,"label":" ","price":4.32},{"type":"A","date":"2018-05-03T01:42:50.000Z","volume":3000,"label":" ","price":4.33},{"type":"U","date":"2018-05-03T01:42:51.000Z","volume":500,"label":" ","price":4.32},{"type":"B","date":"2018-05-03T01:42:51.000Z","volume":1000,"label":"Y","price":4.31},{"type":"A","date":"2018-05-03T01:42:52.000Z","volume":2500,"label":"Y","price":4.33},{"type":"A","date":"2018-05-03T01:42:52.000Z","volume":1500,"label":" ","price":4.33},{"type":"A","date":"2018-05-03T01:42:56.000Z","volume":2000,"label":" ","price":4.33},{"type":"A","date":"2018-05-03T01:42:57.000Z","volume":5000,"label":" ","price":4.34},{"type":"U","date":"2018-05-03T01:42:59.000Z","volume":1500,"label":" ","price":4.34},{"type":"A","date":"2018-05-03T01:43:04.000Z","volume":500,"label":" ","price":4.35},{"type":"B","date":"2018-05-03T01:44:54.000Z","volume":1500,"label":" ","price":4.34},{"type":"A","date":"2018-05-03T01:45:05.000Z","volume":500,"label":" ","price":4.37},{"type":"A","date":"2018-05-03T01:45:05.000Z","volume":500,"label":" ","price":4.37},{"type":"A","date":"2018-05-03T01:45:05.000Z","volume":1500,"label":" ","price":4.37},{"type":"A","date":"2018-05-03T01:45:05.000Z","volume":1500,"label":"Y","price":4.37},{"type":"A","date":"2018-05-03T01:45:05.000Z","volume":500,"label":" ","price":4.37},{"type":"U","date":"2018-05-03T01:45:06.000Z","volume":500,"label":" ","price":4.36},{"type":"A","date":"2018-05-03T01:45:06.000Z","volume":1500,"label":" ","price":4.37},{"type":"A","date":"2018-05-03T01:45:24.000Z","volume":2500,"label":" ","price":4.37},{"type":"A","date":"2018-05-03T01:45:24.000Z","volume":5500,"label":" ","price":4.37},{"type":"U","date":"2018-05-03T01:45:24.000Z","volume":2000,"label":" ","price":4.36},{"type":"A","date":"2018-05-03T01:45:25.000Z","volume":2500,"label":" ","price":4.38},{"type":"A","date":"2018-05-03T01:45:50.000Z","volume":2000,"label":" ","price":4.38},{"type":"A","date":"2018-05-03T01:45:50.000Z","volume":3000,"label":" ","price":4.38},{"type":"A","date":"2018-05-03T01:45:50.000Z","volume":3500,"label":" ","price":4.38},{"type":"B","date":"2018-05-03T01:45:50.000Z","volume":500,"label":" ","price":4.38},{"type":"A","date":"2018-05-03T01:45:51.000Z","volume":500,"label":" ","price":4.42},{"type":"A","date":"2018-05-03T01:45:51.000Z","volume":500,"label":" ","price":4.42},{"type":"B","date":"2018-05-03T01:46:48.000Z","volume":2000,"label":" ","price":4.39},{"type":"B","date":"2018-05-03T01:46:49.000Z","volume":500,"label":" ","price":4.39},{"type":"A","date":"2018-05-03T01:46:50.000Z","volume":3000,"label":" ","price":4.44},{"type":"A","date":"2018-05-03T01:46:54.000Z","volume":1000,"label":" ","price":4.42},{"type":"A","date":"2018-05-03T01:47:10.000Z","volume":500,"label":"Y","price":4.43},{"type":"A","date":"2018-05-03T01:47:10.000Z","volume":2500,"label":" ","price":4.43},{"type":"B","date":"2018-05-03T01:47:10.000Z","volume":500,"label":" ","price":4.39},{"type":"A","date":"2018-05-03T01:47:39.000Z","volume":2000,"label":" ","price":4.4},{"type":"A","date":"2018-05-03T01:47:40.000Z","volume":2500,"label":" ","price":4.4},{"type":"B","date":"2018-05-03T01:47:41.000Z","volume":500,"label":" ","price":4.39},{"type":"A","date":"2018-05-03T01:47:41.000Z","volume":500,"label":" ","price":4.4},{"type":"A","date":"2018-05-03T01:47:50.000Z","volume":1500,"label":"Y","price":4.4},{"type":"A","date":"2018-05-03T01:47:50.000Z","volume":500,"label":" ","price":4.4},{"type":"A","date":"2018-05-03T01:47:50.000Z","volume":500,"label":" ","price":4.4},{"type":"A","date":"2018-05-03T01:47:50.000Z","volume":1500,"label":"Y","price":4.4},{"type":"U","date":"2018-05-03T01:48:05.000Z","volume":500,"label":"X","price":4.395},{"type":"U","date":"2018-05-03T01:48:05.000Z","volume":500,"label":"X","price":4.395},{"type":"A","date":"2018-05-03T01:48:20.000Z","volume":2000,"label":"Y","price":4.4},{"type":"A","date":"2018-05-03T01:48:20.000Z","volume":2500,"label":"Y","price":4.4},{"type":"A","date":"2018-05-03T01:49:05.000Z","volume":500,"label":"Y","price":4.4},{"type":"A","date":"2018-05-03T01:49:05.000Z","volume":3000,"label":" ","price":4.4},{"type":"B","date":"2018-05-03T01:49:17.000Z","volume":2000,"label":" ","price":4.39},{"type":"B","date":"2018-05-03T01:49:18.000Z","volume":500,"label":" ","price":4.39},{"type":"B","date":"2018-05-03T01:49:24.000Z","volume":2500,"label":" ","price":4.39},{"type":"B","date":"2018-05-03T01:49:24.000Z","volume":1000,"label":" ","price":4.39},{"type":"B","date":"2018-05-03T01:49:29.000Z","volume":500,"label":" ","price":4.39},{"type":"B","date":"2018-05-03T01:49:31.000Z","volume":500,"label":" ","price":4.39},{"type":"A","date":"2018-05-03T01:49:39.000Z","volume":500,"label":" ","price":4.4},{"type":"A","date":"2018-05-03T01:49:50.000Z","volume":1000,"label":"Y","price":4.4},{"type":"A","date":"2018-05-03T01:49:50.000Z","volume":1000,"label":" ","price":4.4},{"type":"A","date":"2018-05-03T01:49:50.000Z","volume":500,"label":"Y","price":4.4},{"type":"A","date":"2018-05-03T01:49:50.000Z","volume":2000,"label":" ","price":4.4},{"type":"B","date":"2018-05-03T01:49:57.000Z","volume":500,"label":" ","price":4.39},{"type":"B","date":"2018-05-03T01:50:00.000Z","volume":500,"label":" ","price":4.39},{"type":"B","date":"2018-05-03T01:50:06.000Z","volume":24000,"label":" ","price":4.39},{"type":"B","date":"2018-05-03T01:50:06.000Z","volume":1000,"label":" ","price":4.39},{"type":"B","date":"2018-05-03T01:50:07.000Z","volume":500,"label":" ","price":4.39},{"type":"B","date":"2018-05-03T01:50:08.000Z","volume":3500,"label":" ","price":4.38},{"type":"B","date":"2018-05-03T01:50:08.000Z","volume":20000,"label":" ","price":4.38},{"type":"B","date":"2018-05-03T01:50:08.000Z","volume":1500,"label":" ","price":4.38},{"type":"B","date":"2018-05-03T01:50:08.000Z","volume":2000,"label":" ","price":4.36},{"type":"A","date":"2018-05-03T01:50:09.000Z","volume":500,"label":" ","price":4.38},{"type":"B","date":"2018-05-03T01:50:09.000Z","volume":2500,"label":" ","price":4.36},{"type":"B","date":"2018-05-03T01:50:09.000Z","volume":2500,"label":" ","price":4.36},{"type":"B","date":"2018-05-03T01:50:10.000Z","volume":500,"label":" ","price":4.36},{"type":"B","date":"2018-05-03T01:50:11.000Z","volume":500,"label":" ","price":4.35},{"type":"B","date":"2018-05-03T01:50:18.000Z","volume":500,"label":" ","price":4.35},{"type":"B","date":"2018-05-03T01:50:18.000Z","volume":1500,"label":" ","price":4.35},{"type":"B","date":"2018-05-03T01:50:19.000Z","volume":500,"label":"Y","price":4.34},{"type":"B","date":"2018-05-03T01:50:19.000Z","volume":1000,"label":" ","price":4.34},{"type":"B","date":"2018-05-03T01:50:19.000Z","volume":500,"label":" ","price":4.33},{"type":"B","date":"2018-05-03T01:50:19.000Z","volume":1500,"label":" ","price":4.33},{"type":"B","date":"2018-05-03T01:50:19.000Z","volume":500,"label":" ","price":4.33},{"type":"B","date":"2018-05-03T01:50:19.000Z","volume":7500,"label":" ","price":4.33},{"type":"B","date":"2018-05-03T01:50:19.000Z","volume":7000,"label":" ","price":4.33},{"type":"U","date":"2018-05-03T01:50:21.000Z","volume":2000,"label":" ","price":4.32},{"type":"B","date":"2018-05-03T01:50:22.000Z","volume":4500,"label":" ","price":4.32},{"type":"B","date":"2018-05-03T01:50:22.000Z","volume":3000,"label":" ","price":4.32},{"type":"A","date":"2018-05-03T01:50:22.000Z","volume":1000,"label":" ","price":4.34},{"type":"A","date":"2018-05-03T01:50:22.000Z","volume":500,"label":" ","price":4.34},{"type":"B","date":"2018-05-03T01:50:23.000Z","volume":1500,"label":" ","price":4.34},{"type":"A","date":"2018-05-03T01:50:24.000Z","volume":2500,"label":" ","price":4.35},{"type":"A","date":"2018-05-03T01:50:24.000Z","volume":3500,"label":" ","price":4.35},{"type":"B","date":"2018-05-03T01:50:25.000Z","volume":500,"label":" ","price":4.32},{"type":"A","date":"2018-05-03T01:50:58.000Z","volume":2500,"label":" ","price":4.34},{"type":"B","date":"2018-05-03T01:50:59.000Z","volume":2500,"label":"Y","price":4.34},{"type":"B","date":"2018-05-03T01:51:00.000Z","volume":500,"label":" ","price":4.34},{"type":"B","date":"2018-05-03T01:51:03.000Z","volume":4000,"label":"Y","price":4.34},{"type":"B","date":"2018-05-03T01:51:03.000Z","volume":5000,"label":" ","price":4.34},{"type":"B","date":"2018-05-03T01:51:03.000Z","volume":500,"label":" ","price":4.33},{"type":"U","date":"2018-05-03T01:51:05.000Z","volume":1500,"label":"X","price":4.335},{"type":"U","date":"2018-05-03T01:51:08.000Z","volume":500,"label":"X","price":4.345},{"type":"A","date":"2018-05-03T01:52:16.000Z","volume":2000,"label":" ","price":4.34},{"type":"B","date":"2018-05-03T01:52:21.000Z","volume":500,"label":" ","price":4.33},{"type":"A","date":"2018-05-03T01:52:21.000Z","volume":9000,"label":" ","price":4.34},{"type":"A","date":"2018-05-03T01:52:21.000Z","volume":10000,"label":" ","price":4.34},{"type":"A","date":"2018-05-03T01:53:00.000Z","volume":6000,"label":" ","price":4.35},{"type":"A","date":"2018-05-03T01:53:01.000Z","volume":1500,"label":" ","price":4.35},{"type":"A","date":"2018-05-03T01:53:03.000Z","volume":1500,"label":" ","price":4.35},{"type":"A","date":"2018-05-03T01:53:05.000Z","volume":3000,"label":" ","price":4.35},{"type":"A","date":"2018-05-03T01:53:05.000Z","volume":2500,"label":" ","price":4.35},{"type":"A","date":"2018-05-03T01:53:06.000Z","volume":1500,"label":" ","price":4.35},{"type":"A","date":"2018-05-03T01:53:10.000Z","volume":1500,"label":"Y","price":4.34},{"type":"A","date":"2018-05-03T01:53:10.000Z","volume":1000,"label":" ","price":4.34},{"type":"A","date":"2018-05-03T01:53:10.000Z","volume":1000,"label":" ","price":4.34},{"type":"B","date":"2018-05-03T01:53:10.000Z","volume":500,"label":"Y","price":4.34},{"type":"A","date":"2018-05-03T01:53:10.000Z","volume":500,"label":"Y","price":4.34},{"type":"A","date":"2018-05-03T01:53:10.000Z","volume":500,"label":" ","price":4.34},{"type":"A","date":"2018-05-03T01:53:58.000Z","volume":10000,"label":" ","price":4.34},{"type":"A","date":"2018-05-03T01:53:58.000Z","volume":1000,"label":" ","price":4.34},{"type":"U","date":"2018-05-03T01:54:10.000Z","volume":1500,"label":"X","price":4.34},{"type":"A","date":"2018-05-03T01:54:10.000Z","volume":2000,"label":" ","price":4.34},{"type":"U","date":"2018-05-03T01:54:15.000Z","volume":2500,"label":"X","price":4.34},{"type":"U","date":"2018-05-03T01:54:32.000Z","volume":1500,"label":"X","price":4.34},{"type":"A","date":"2018-05-03T01:55:25.000Z","volume":2000,"label":" ","price":4.35},{"type":"B","date":"2018-05-03T01:55:28.000Z","volume":500,"label":" ","price":4.33},{"type":"U","date":"2018-05-03T01:55:31.000Z","volume":1000,"label":" ","price":4.34},{"type":"A","date":"2018-05-03T01:55:41.000Z","volume":2000,"label":" ","price":4.35},{"type":"A","date":"2018-05-03T01:56:05.000Z","volume":500,"label":" ","price":4.35},{"type":"A","date":"2018-05-03T01:56:05.000Z","volume":2500,"label":" ","price":4.35},{"type":"A","date":"2018-05-03T01:56:05.000Z","volume":3000,"label":" ","price":4.35},{"type":"B","date":"2018-05-03T01:56:07.000Z","volume":1000,"label":" ","price":4.34},{"type":"U","date":"2018-05-03T01:56:35.000Z","volume":1000,"label":"X","price":4.345},{"type":"A","date":"2018-05-03T01:56:43.000Z","volume":10000,"label":" ","price":4.35},{"type":"B","date":"2018-05-03T01:56:46.000Z","volume":1000,"label":" ","price":4.34},{"type":"U","date":"2018-05-03T01:56:49.000Z","volume":2500,"label":"X","price":4.345},{"type":"U","date":"2018-05-03T01:56:50.000Z","volume":1500,"label":"X","price":4.345},{"type":"U","date":"2018-05-03T01:57:05.000Z","volume":1500,"label":"X","price":4.345},{"type":"A","date":"2018-05-03T01:57:10.000Z","volume":500,"label":"Y","price":4.35},{"type":"B","date":"2018-05-03T01:57:12.000Z","volume":20000,"label":" ","price":4.34},{"type":"U","date":"2018-05-03T01:57:12.000Z","volume":2000,"label":"X","price":4.345},{"type":"B","date":"2018-05-03T01:57:12.000Z","volume":3000,"label":" ","price":4.34},{"type":"B","date":"2018-05-03T01:57:13.000Z","volume":500,"label":"Y","price":4.34},{"type":"B","date":"2018-05-03T01:57:13.000Z","volume":1500,"label":" ","price":4.34},{"type":"U","date":"2018-05-03T01:57:14.000Z","volume":500,"label":"X","price":4.345},{"type":"U","date":"2018-05-03T01:57:21.000Z","volume":500,"label":"X","price":4.345},{"type":"A","date":"2018-05-03T01:57:35.000Z","volume":2500,"label":" ","price":4.35},{"type":"A","date":"2018-05-03T01:57:35.000Z","volume":2000,"label":" ","price":4.35},{"type":"U","date":"2018-05-03T01:57:35.000Z","volume":500,"label":"X","price":4.345},{"type":"B","date":"2018-05-03T01:57:37.000Z","volume":500,"label":" ","price":4.34},{"type":"B","date":"2018-05-03T01:57:54.000Z","volume":2000,"label":" ","price":4.34},{"type":"B","date":"2018-05-03T01:57:54.000Z","volume":2000,"label":" ","price":4.34},{"type":"U","date":"2018-05-03T01:57:57.000Z","volume":1000,"label":"X","price":4.345},{"type":"B","date":"2018-05-03T01:57:58.000Z","volume":500,"label":" ","price":4.34},{"type":"A","date":"2018-05-03T01:58:35.000Z","volume":2000,"label":" ","price":4.35},{"type":"A","date":"2018-05-03T01:58:35.000Z","volume":2500,"label":" ","price":4.35},{"type":"B","date":"2018-05-03T01:58:36.000Z","volume":500,"label":" ","price":4.34},{"type":"U","date":"2018-05-03T01:58:38.000Z","volume":500,"label":"X","price":4.345},{"type":"A","date":"2018-05-03T01:58:54.000Z","volume":500,"label":"Y","price":4.35},{"type":"U","date":"2018-05-03T01:58:58.000Z","volume":1000,"label":"X","price":4.35},{"type":"B","date":"2018-05-03T01:59:09.000Z","volume":2000,"label":" ","price":4.34},{"type":"B","date":"2018-05-03T01:59:54.000Z","volume":2000,"label":" ","price":4.34},{"type":"A","date":"2018-05-03T01:59:55.000Z","volume":2500,"label":" ","price":4.35},{"type":"B","date":"2018-05-03T01:59:55.000Z","volume":500,"label":" ","price":4.34},{"type":"U","date":"2018-05-03T01:59:55.000Z","volume":1000,"label":"X","price":4.345},{"type":"A","date":"2018-05-03T02:00:23.000Z","volume":500,"label":"Y","price":4.35},{"type":"A","date":"2018-05-03T02:00:50.000Z","volume":3500,"label":" ","price":4.35},{"type":"U","date":"2018-05-03T02:00:51.000Z","volume":500,"label":"X","price":4.345},{"type":"B","date":"2018-05-03T02:00:52.000Z","volume":500,"label":" ","price":4.34},{"type":"U","date":"2018-05-03T02:00:53.000Z","volume":1500,"label":"X","price":4.35},{"type":"B","date":"2018-05-03T02:00:54.000Z","volume":2500,"label":"Y","price":4.34},{"type":"B","date":"2018-05-03T02:00:54.000Z","volume":1000,"label":"Y","price":4.34},{"type":"B","date":"2018-05-03T02:00:54.000Z","volume":2000,"label":" ","price":4.34},{"type":"B","date":"2018-05-03T02:00:55.000Z","volume":500,"label":" ","price":4.34},{"type":"U","date":"2018-05-03T02:00:55.000Z","volume":1000,"label":"X","price":4.345},{"type":"U","date":"2018-05-03T02:00:59.000Z","volume":2000,"label":"X","price":4.345},{"type":"U","date":"2018-05-03T02:01:00.000Z","volume":1500,"label":"X","price":4.345},{"type":"U","date":"2018-05-03T02:01:01.000Z","volume":500,"label":"X","price":4.345},{"type":"A","date":"2018-05-03T02:01:25.000Z","volume":168500,"label":" ","price":4.35},{"type":"B","date":"2018-05-03T02:01:25.000Z","volume":1500,"label":" ","price":4.35},{"type":"U","date":"2018-05-03T02:01:25.000Z","volume":4000,"label":"X","price":4.355},{"type":"A","date":"2018-05-03T02:01:25.000Z","volume":500,"label":" ","price":4.35},{"type":"A","date":"2018-05-03T02:01:25.000Z","volume":1500,"label":"Y","price":4.35},{"type":"A","date":"2018-05-03T02:01:25.000Z","volume":3500,"label":" ","price":4.35},{"type":"U","date":"2018-05-03T02:01:25.000Z","volume":3500,"label":"X","price":4.35},{"type":"U","date":"2018-05-03T02:01:28.000Z","volume":500,"label":"X","price":4.35},{"type":"A","date":"2018-05-03T02:01:29.000Z","volume":32500,"label":" ","price":4.36},{"type":"A","date":"2018-05-03T02:01:30.000Z","volume":11000,"label":" ","price":4.37},{"type":"B","date":"2018-05-03T02:01:30.000Z","volume":1500,"label":" ","price":4.35},{"type":"B","date":"2018-05-03T02:01:32.000Z","volume":500,"label":" ","price":4.35},{"type":"U","date":"2018-05-03T02:01:33.000Z","volume":5500,"label":" ","price":4.36},{"type":"U","date":"2018-05-03T02:01:33.000Z","volume":6500,"label":" ","price":4.36},{"type":"B","date":"2018-05-03T02:01:35.000Z","volume":4000,"label":" ","price":4.35},{"type":"B","date":"2018-05-03T02:01:36.000Z","volume":500,"label":"Y","price":4.35},{"type":"A","date":"2018-05-03T02:01:36.000Z","volume":500,"label":"Y","price":4.37},{"type":"U","date":"2018-05-03T02:01:36.000Z","volume":3000,"label":"X","price":4.37},{"type":"A","date":"2018-05-03T02:01:37.000Z","volume":1500,"label":"Y","price":4.37},{"type":"A","date":"2018-05-03T02:01:37.000Z","volume":2000,"label":" ","price":4.37},{"type":"U","date":"2018-05-03T02:01:37.000Z","volume":2000,"label":"X","price":4.37},{"type":"U","date":"2018-05-03T02:01:38.000Z","volume":2000,"label":"X","price":4.37},{"type":"A","date":"2018-05-03T02:01:38.000Z","volume":2000,"label":" ","price":4.37},{"type":"U","date":"2018-05-03T02:01:38.000Z","volume":8500,"label":"X","price":4.37},{"type":"U","date":"2018-05-03T02:01:38.000Z","volume":6500,"label":"X","price":4.36},{"type":"U","date":"2018-05-03T02:01:39.000Z","volume":1000,"label":"X","price":4.38},{"type":"A","date":"2018-05-03T02:01:43.000Z","volume":1500,"label":" ","price":4.38},{"type":"A","date":"2018-05-03T02:01:43.000Z","volume":2500,"label":" ","price":4.38},{"type":"A","date":"2018-05-03T02:01:43.000Z","volume":500,"label":" ","price":4.38},{"type":"B","date":"2018-05-03T02:01:44.000Z","volume":2000,"label":" ","price":4.38},{"type":"B","date":"2018-05-03T02:01:44.000Z","volume":500,"label":" ","price":4.38},{"type":"B","date":"2018-05-03T02:01:44.000Z","volume":500,"label":" ","price":4.37},{"type":"B","date":"2018-05-03T02:02:23.000Z","volume":1000,"label":" ","price":4.37},{"type":"U","date":"2018-05-03T02:02:44.000Z","volume":500,"label":"X","price":4.44},{"type":"A","date":"2018-05-03T02:03:39.000Z","volume":12000,"label":" ","price":4.44},{"type":"B","date":"2018-05-03T02:03:39.000Z","volume":1500,"label":"Y","price":4.37},{"type":"U","date":"2018-05-03T02:03:39.000Z","volume":1000,"label":"X","price":4.43},{"type":"A","date":"2018-05-03T02:04:05.000Z","volume":2500,"label":" ","price":4.41},{"type":"A","date":"2018-05-03T02:04:05.000Z","volume":500,"label":" ","price":4.41},{"type":"A","date":"2018-05-03T02:04:05.000Z","volume":500,"label":" ","price":4.41},{"type":"A","date":"2018-05-03T02:04:05.000Z","volume":2000,"label":" ","price":4.41},{"type":"A","date":"2018-05-03T02:04:05.000Z","volume":500,"label":" ","price":4.42},{"type":"B","date":"2018-05-03T02:04:05.000Z","volume":2500,"label":" ","price":4.41},{"type":"B","date":"2018-05-03T02:04:05.000Z","volume":3000,"label":" ","price":4.41},{"type":"A","date":"2018-05-03T02:04:05.000Z","volume":1500,"label":" ","price":4.41},{"type":"U","date":"2018-05-03T02:04:07.000Z","volume":1500,"label":"X","price":4.41},{"type":"A","date":"2018-05-03T02:04:39.000Z","volume":3000,"label":" ","price":4.38},{"type":"A","date":"2018-05-03T02:05:24.000Z","volume":2500,"label":" ","price":4.38},{"type":"A","date":"2018-05-03T02:05:24.000Z","volume":2500,"label":" ","price":4.38},{"type":"A","date":"2018-05-03T02:05:25.000Z","volume":500,"label":"Y","price":4.38},{"type":"A","date":"2018-05-03T02:05:25.000Z","volume":500,"label":"Y","price":4.38},{"type":"A","date":"2018-05-03T02:05:25.000Z","volume":500,"label":"Y","price":4.38},{"type":"A","date":"2018-05-03T02:05:25.000Z","volume":1000,"label":"Y","price":4.38},{"type":"A","date":"2018-05-03T02:05:25.000Z","volume":500,"label":"Y","price":4.38},{"type":"A","date":"2018-05-03T02:05:25.000Z","volume":8000,"label":" ","price":4.38},{"type":"A","date":"2018-05-03T02:05:25.000Z","volume":500,"label":" ","price":4.38},{"type":"A","date":"2018-05-03T02:05:25.000Z","volume":1000,"label":" ","price":4.38},{"type":"A","date":"2018-05-03T02:05:25.000Z","volume":500,"label":" ","price":4.38},{"type":"U","date":"2018-05-03T02:05:25.000Z","volume":3500,"label":"X","price":4.38},{"type":"U","date":"2018-05-03T02:05:26.000Z","volume":500,"label":"X","price":4.38},{"type":"B","date":"2018-05-03T02:05:26.000Z","volume":3500,"label":" ","price":4.37},{"type":"A","date":"2018-05-03T02:05:28.000Z","volume":500,"label":" ","price":4.38},{"type":"A","date":"2018-05-03T02:05:29.000Z","volume":500,"label":" ","price":4.38},{"type":"A","date":"2018-05-03T02:05:34.000Z","volume":1500,"label":" ","price":4.38},{"type":"A","date":"2018-05-03T02:05:34.000Z","volume":1500,"label":" ","price":4.38},{"type":"A","date":"2018-05-03T02:05:34.000Z","volume":1000,"label":"Y","price":4.38},{"type":"A","date":"2018-05-03T02:05:34.000Z","volume":500,"label":" ","price":4.38},{"type":"A","date":"2018-05-03T02:05:35.000Z","volume":2500,"label":"Y","price":4.38},{"type":"A","date":"2018-05-03T02:05:35.000Z","volume":1500,"label":"Y","price":4.38},{"type":"A","date":"2018-05-03T02:05:35.000Z","volume":1500,"label":" ","price":4.38},{"type":"A","date":"2018-05-03T02:05:35.000Z","volume":2500,"label":" ","price":4.38},{"type":"A","date":"2018-05-03T02:05:35.000Z","volume":1500,"label":" ","price":4.38},{"type":"A","date":"2018-05-03T02:05:36.000Z","volume":3500,"label":" ","price":4.38},{"type":"A","date":"2018-05-03T02:05:38.000Z","volume":1000,"label":" ","price":4.39},{"type":"A","date":"2018-05-03T02:05:55.000Z","volume":3000,"label":" ","price":4.39},{"type":"U","date":"2018-05-03T02:05:55.000Z","volume":1500,"label":"X","price":4.39},{"type":"U","date":"2018-05-03T02:06:05.000Z","volume":1500,"label":"X","price":4.385},{"type":"A","date":"2018-05-03T02:06:06.000Z","volume":1000,"label":" ","price":4.39},{"type":"A","date":"2018-05-03T02:06:35.000Z","volume":2000,"label":" ","price":4.39},{"type":"A","date":"2018-05-03T02:07:15.000Z","volume":26000,"label":" ","price":4.39},{"type":"U","date":"2018-05-03T02:07:15.000Z","volume":2500,"label":"X","price":4.4},{"type":"A","date":"2018-05-03T02:07:15.000Z","volume":500,"label":" ","price":4.4},{"type":"A","date":"2018-05-03T02:07:22.000Z","volume":500,"label":" ","price":4.4},{"type":"A","date":"2018-05-03T02:07:35.000Z","volume":14500,"label":" ","price":4.4},{"type":"B","date":"2018-05-03T02:07:35.000Z","volume":1000,"label":" ","price":4.39},{"type":"U","date":"2018-05-03T02:07:37.000Z","volume":1500,"label":"X","price":4.41},{"type":"A","date":"2018-05-03T02:08:50.000Z","volume":2500,"label":" ","price":4.41},{"type":"A","date":"2018-05-03T02:08:50.000Z","volume":2500,"label":" ","price":4.41},{"type":"A","date":"2018-05-03T02:09:16.000Z","volume":4000,"label":" ","price":4.41},{"type":"A","date":"2018-05-03T02:09:16.000Z","volume":5500,"label":" ","price":4.41},{"type":"B","date":"2018-05-03T02:09:18.000Z","volume":1000,"label":" ","price":4.39},{"type":"U","date":"2018-05-03T02:09:20.000Z","volume":1500,"label":"X","price":4.41},{"type":"A","date":"2018-05-03T02:09:30.000Z","volume":1000,"label":" ","price":4.41},{"type":"A","date":"2018-05-03T02:10:05.000Z","volume":3000,"label":" ","price":4.41},{"type":"U","date":"2018-05-03T02:10:05.000Z","volume":3000,"label":" ","price":4.4},{"type":"U","date":"2018-05-03T02:10:07.000Z","volume":500,"label":"X","price":4.41},{"type":"A","date":"2018-05-03T02:10:19.000Z","volume":500,"label":"Y","price":4.41},{"type":"A","date":"2018-05-03T02:10:19.000Z","volume":500,"label":" ","price":4.41},{"type":"B","date":"2018-05-03T02:10:20.000Z","volume":1000,"label":" ","price":4.39},{"type":"A","date":"2018-05-03T02:10:24.000Z","volume":9000,"label":" ","price":4.41},{"type":"B","date":"2018-05-03T02:10:24.000Z","volume":500,"label":" ","price":4.4},{"type":"A","date":"2018-05-03T02:10:24.000Z","volume":3500,"label":" ","price":4.4},{"type":"A","date":"2018-05-03T02:10:25.000Z","volume":500,"label":" ","price":4.4},{"type":"U","date":"2018-05-03T02:10:25.000Z","volume":1500,"label":"X","price":4.4},{"type":"B","date":"2018-05-03T02:10:26.000Z","volume":1500,"label":" ","price":4.39},{"type":"B","date":"2018-05-03T02:10:28.000Z","volume":2500,"label":" ","price":4.39},{"type":"A","date":"2018-05-03T02:11:27.000Z","volume":15500,"label":" ","price":4.4},{"type":"B","date":"2018-05-03T02:11:27.000Z","volume":1000,"label":" ","price":4.39},{"type":"U","date":"2018-05-03T02:11:27.000Z","volume":2000,"label":"X","price":4.4},{"type":"B","date":"2018-05-03T02:11:28.000Z","volume":3000,"label":" ","price":4.39},{"type":"A","date":"2018-05-03T02:11:35.000Z","volume":3000,"label":" ","price":4.4},{"type":"A","date":"2018-05-03T02:11:35.000Z","volume":1500,"label":"Y","price":4.4},{"type":"A","date":"2018-05-03T02:11:35.000Z","volume":1000,"label":" ","price":4.4},{"type":"A","date":"2018-05-03T02:11:53.000Z","volume":15000,"label":" ","price":4.4},{"type":"U","date":"2018-05-03T02:11:54.000Z","volume":1500,"label":"X","price":4.41},{"type":"A","date":"2018-05-03T02:11:54.000Z","volume":1000,"label":" ","price":4.41},{"type":"B","date":"2018-05-03T02:12:11.000Z","volume":1000,"label":" ","price":4.4},{"type":"B","date":"2018-05-03T02:12:11.000Z","volume":1000,"label":" ","price":4.4},{"type":"B","date":"2018-05-03T02:12:11.000Z","volume":2500,"label":"Y","price":4.4},{"type":"B","date":"2018-05-03T02:12:11.000Z","volume":2000,"label":" ","price":4.4},{"type":"A","date":"2018-05-03T02:12:50.000Z","volume":3000,"label":" ","price":4.41},{"type":"A","date":"2018-05-03T02:13:25.000Z","volume":3000,"label":" ","price":4.41},{"type":"A","date":"2018-05-03T02:13:55.000Z","volume":500,"label":" ","price":4.41},{"type":"A","date":"2018-05-03T02:14:05.000Z","volume":2000,"label":" ","price":4.41},{"type":"A","date":"2018-05-03T02:14:05.000Z","volume":2500,"label":" ","price":4.41},{"type":"B","date":"2018-05-03T02:14:09.000Z","volume":1500,"label":" ","price":4.4},{"type":"B","date":"2018-05-03T02:14:39.000Z","volume":2500,"label":" ","price":4.4},{"type":"B","date":"2018-05-03T02:14:39.000Z","volume":2500,"label":" ","price":4.4},{"type":"U","date":"2018-05-03T02:14:39.000Z","volume":500,"label":"X","price":4.41},{"type":"A","date":"2018-05-03T02:15:05.000Z","volume":2500,"label":" ","price":4.41},{"type":"A","date":"2018-05-03T02:15:05.000Z","volume":3000,"label":" ","price":4.41},{"type":"B","date":"2018-05-03T02:15:06.000Z","volume":1500,"label":" ","price":4.4},{"type":"B","date":"2018-05-03T02:15:08.000Z","volume":500,"label":" ","price":4.4},{"type":"B","date":"2018-05-03T02:15:35.000Z","volume":47500,"label":" ","price":4.4},{"type":"B","date":"2018-05-03T02:15:36.000Z","volume":15000,"label":" ","price":4.39},{"type":"B","date":"2018-05-03T02:15:36.000Z","volume":4000,"label":" ","price":4.39},{"type":"U","date":"2018-05-03T02:15:36.000Z","volume":3500,"label":" ","price":4.39},{"type":"B","date":"2018-05-03T02:15:45.000Z","volume":41500,"label":" ","price":4.38},{"type":"B","date":"2018-05-03T02:15:45.000Z","volume":14500,"label":" ","price":4.37},{"type":"B","date":"2018-05-03T02:15:45.000Z","volume":500,"label":" ","price":4.38},{"type":"A","date":"2018-05-03T02:15:46.000Z","volume":1000,"label":"Y","price":4.37},{"type":"U","date":"2018-05-03T02:15:46.000Z","volume":14500,"label":"X","price":4.37},{"type":"U","date":"2018-05-03T02:15:46.000Z","volume":4000,"label":"X","price":4.37},{"type":"B","date":"2018-05-03T02:15:46.000Z","volume":2500,"label":" ","price":4.37},{"type":"B","date":"2018-05-03T02:15:46.000Z","volume":14500,"label":" ","price":4.37},{"type":"A","date":"2018-05-03T02:15:46.000Z","volume":4500,"label":" ","price":4.37},{"type":"A","date":"2018-05-03T02:15:46.000Z","volume":22000,"label":" ","price":4.38},{"type":"B","date":"2018-05-03T02:15:46.000Z","volume":5500,"label":" ","price":4.36},{"type":"B","date":"2018-05-03T02:15:58.000Z","volume":1000,"label":" ","price":4.36},{"type":"B","date":"2018-05-03T02:15:58.000Z","volume":19500,"label":" ","price":4.36},{"type":"B","date":"2018-05-03T02:15:58.000Z","volume":2000,"label":"Y","price":4.35},{"type":"B","date":"2018-05-03T02:16:00.000Z","volume":9000,"label":" ","price":4.35},{"type":"B","date":"2018-05-03T02:16:01.000Z","volume":1000,"label":"Y","price":4.35},{"type":"U","date":"2018-05-03T02:16:07.000Z","volume":1500,"label":"X","price":4.355},{"type":"B","date":"2018-05-03T02:16:09.000Z","volume":3500,"label":" ","price":4.35},{"type":"B","date":"2018-05-03T02:16:10.000Z","volume":500,"label":" ","price":4.35},{"type":"A","date":"2018-05-03T02:16:49.000Z","volume":500,"label":" ","price":4.36},{"type":"A","date":"2018-05-03T02:16:52.000Z","volume":12500,"label":" ","price":4.36},{"type":"A","date":"2018-05-03T02:16:52.000Z","volume":1500,"label":" ","price":4.36},{"type":"B","date":"2018-05-03T02:16:52.000Z","volume":1000,"label":" ","price":4.35},{"type":"B","date":"2018-05-03T02:16:53.000Z","volume":500,"label":" ","price":4.35},{"type":"A","date":"2018-05-03T02:18:20.000Z","volume":1500,"label":"Y","price":4.37},{"type":"A","date":"2018-05-03T02:18:20.000Z","volume":3000,"label":" ","price":4.37},{"type":"A","date":"2018-05-03T02:18:21.000Z","volume":500,"label":"Y","price":4.37},{"type":"A","date":"2018-05-03T02:18:50.000Z","volume":10500,"label":" ","price":4.37},{"type":"A","date":"2018-05-03T02:18:50.000Z","volume":17500,"label":" ","price":4.37},{"type":"A","date":"2018-05-03T02:18:50.000Z","volume":3500,"label":" ","price":4.37},{"type":"A","date":"2018-05-03T02:18:50.000Z","volume":3500,"label":" ","price":4.37},{"type":"A","date":"2018-05-03T02:18:51.000Z","volume":3500,"label":" ","price":4.37},{"type":"B","date":"2018-05-03T02:18:51.000Z","volume":1000,"label":"Y","price":4.37},{"type":"B","date":"2018-05-03T02:18:51.000Z","volume":11000,"label":" ","price":4.37},{"type":"A","date":"2018-05-03T02:18:51.000Z","volume":8000,"label":" ","price":4.38},{"type":"U","date":"2018-05-03T02:18:52.000Z","volume":7000,"label":" ","price":4.37},{"type":"B","date":"2018-05-03T02:18:53.000Z","volume":1000,"label":" ","price":4.37},{"type":"B","date":"2018-05-03T02:18:54.000Z","volume":2500,"label":" ","price":4.37},{"type":"A","date":"2018-05-03T02:18:55.000Z","volume":28500,"label":" ","price":4.38},{"type":"A","date":"2018-05-03T02:18:56.000Z","volume":4500,"label":" ","price":4.39},{"type":"A","date":"2018-05-03T02:18:56.000Z","volume":16000,"label":" ","price":4.39},{"type":"A","date":"2018-05-03T02:18:56.000Z","volume":2500,"label":" ","price":4.4},{"type":"A","date":"2018-05-03T02:19:04.000Z","volume":1500,"label":" ","price":4.39},{"type":"A","date":"2018-05-03T02:19:04.000Z","volume":1500,"label":" ","price":4.39},{"type":"B","date":"2018-05-03T02:19:04.000Z","volume":2000,"label":" ","price":4.38},{"type":"A","date":"2018-05-03T02:19:04.000Z","volume":1000,"label":" ","price":4.39},{"type":"A","date":"2018-05-03T02:19:35.000Z","volume":4000,"label":" ","price":4.4},{"type":"A","date":"2018-05-03T02:19:35.000Z","volume":4500,"label":" ","price":4.4},{"type":"U","date":"2018-05-03T02:19:36.000Z","volume":2500,"label":"X","price":4.385},{"type":"A","date":"2018-05-03T02:19:55.000Z","volume":3500,"label":" ","price":4.4},{"type":"A","date":"2018-05-03T02:19:55.000Z","volume":1500,"label":" ","price":4.4},{"type":"A","date":"2018-05-03T02:20:25.000Z","volume":500,"label":" ","price":4.41},{"type":"A","date":"2018-05-03T02:20:35.000Z","volume":3000,"label":" ","price":4.41},{"type":"A","date":"2018-05-03T02:20:35.000Z","volume":1000,"label":" ","price":4.41},{"type":"U","date":"2018-05-03T02:20:36.000Z","volume":500,"label":"X","price":4.405},{"type":"A","date":"2018-05-03T02:21:20.000Z","volume":500,"label":"Y","price":4.41},{"type":"A","date":"2018-05-03T02:21:20.000Z","volume":1500,"label":" ","price":4.41},{"type":"A","date":"2018-05-03T02:21:20.000Z","volume":4000,"label":"Y","price":4.41},{"type":"A","date":"2018-05-03T02:21:21.000Z","volume":2500,"label":"Y","price":4.41},{"type":"A","date":"2018-05-03T02:21:21.000Z","volume":1000,"label":" ","price":4.41},{"type":"A","date":"2018-05-03T02:21:39.000Z","volume":500,"label":" ","price":4.41},{"type":"A","date":"2018-05-03T02:22:50.000Z","volume":2500,"label":"Y","price":4.41},{"type":"A","date":"2018-05-03T02:22:50.000Z","volume":500,"label":" ","price":4.41},{"type":"A","date":"2018-05-03T02:22:50.000Z","volume":2500,"label":"Y","price":4.41},{"type":"A","date":"2018-05-03T02:22:50.000Z","volume":1000,"label":" ","price":4.41},{"type":"A","date":"2018-05-03T02:22:50.000Z","volume":500,"label":" ","price":4.41},{"type":"A","date":"2018-05-03T02:22:50.000Z","volume":2000,"label":" ","price":4.41},{"type":"B","date":"2018-05-03T02:22:52.000Z","volume":500,"label":" ","price":4.4},{"type":"A","date":"2018-05-03T02:22:53.000Z","volume":500,"label":" ","price":4.42},{"type":"B","date":"2018-05-03T02:24:39.000Z","volume":1000,"label":"Y","price":4.41},{"type":"B","date":"2018-05-03T02:24:39.000Z","volume":1500,"label":" ","price":4.41},{"type":"B","date":"2018-05-03T02:24:39.000Z","volume":500,"label":" ","price":4.41},{"type":"A","date":"2018-05-03T02:24:39.000Z","volume":500,"label":"Y","price":4.41},{"type":"B","date":"2018-05-03T02:24:40.000Z","volume":500,"label":"Y","price":4.4},{"type":"A","date":"2018-05-03T02:24:50.000Z","volume":2000,"label":"Y","price":4.41},{"type":"A","date":"2018-05-03T02:24:50.000Z","volume":2000,"label":"Y","price":4.41},{"type":"A","date":"2018-05-03T02:24:50.000Z","volume":1000,"label":"Y","price":4.41},{"type":"A","date":"2018-05-03T02:24:50.000Z","volume":500,"label":" ","price":4.41},{"type":"B","date":"2018-05-03T02:24:51.000Z","volume":500,"label":" ","price":4.4},{"type":"A","date":"2018-05-03T02:24:56.000Z","volume":2000,"label":" ","price":4.41},{"type":"A","date":"2018-05-03T02:25:04.000Z","volume":500,"label":" ","price":4.41},{"type":"A","date":"2018-05-03T02:25:04.000Z","volume":500,"label":" ","price":4.41},{"type":"A","date":"2018-05-03T02:25:04.000Z","volume":500,"label":" ","price":4.41},{"type":"A","date":"2018-05-03T02:25:04.000Z","volume":500,"label":" ","price":4.41},{"type":"A","date":"2018-05-03T02:25:04.000Z","volume":500,"label":" ","price":4.41},{"type":"A","date":"2018-05-03T02:25:04.000Z","volume":500,"label":" ","price":4.41},{"type":"A","date":"2018-05-03T02:25:04.000Z","volume":1000,"label":"Y","price":4.41},{"type":"A","date":"2018-05-03T02:25:04.000Z","volume":500,"label":" ","price":4.41},{"type":"A","date":"2018-05-03T02:25:04.000Z","volume":1000,"label":"Y","price":4.41},{"type":"A","date":"2018-05-03T02:25:04.000Z","volume":500,"label":" ","price":4.41},{"type":"B","date":"2018-05-03T02:25:04.000Z","volume":500,"label":" ","price":4.4},{"type":"A","date":"2018-05-03T02:25:05.000Z","volume":500,"label":" ","price":4.41},{"type":"B","date":"2018-05-03T02:25:05.000Z","volume":500,"label":" ","price":4.41},{"type":"B","date":"2018-05-03T02:25:07.000Z","volume":14500,"label":" ","price":4.41},{"type":"B","date":"2018-05-03T02:25:07.000Z","volume":1500,"label":" ","price":4.4},{"type":"A","date":"2018-05-03T02:25:08.000Z","volume":500,"label":" ","price":4.41},{"type":"A","date":"2018-05-03T02:25:08.000Z","volume":4000,"label":" ","price":4.41},{"type":"B","date":"2018-05-03T02:25:10.000Z","volume":500,"label":" ","price":4.4},{"type":"A","date":"2018-05-03T02:27:40.000Z","volume":500,"label":" ","price":4.41},{"type":"A","date":"2018-05-03T02:28:25.000Z","volume":4000,"label":" ","price":4.41},{"type":"A","date":"2018-05-03T02:28:26.000Z","volume":500,"label":"Y","price":4.41},{"type":"B","date":"2018-05-03T02:28:27.000Z","volume":500,"label":" ","price":4.4},{"type":"A","date":"2018-05-03T02:28:28.000Z","volume":500,"label":"Y","price":4.41},{"type":"A","date":"2018-05-03T02:29:05.000Z","volume":2000,"label":"Y","price":4.41},{"type":"A","date":"2018-05-03T02:29:05.000Z","volume":1500,"label":"Y","price":4.41},{"type":"B","date":"2018-05-03T02:29:05.000Z","volume":500,"label":" ","price":4.4},{"type":"A","date":"2018-05-03T02:29:06.000Z","volume":500,"label":" ","price":4.41},{"type":"A","date":"2018-05-03T02:30:20.000Z","volume":1500,"label":"Y","price":4.41},{"type":"A","date":"2018-05-03T02:30:20.000Z","volume":500,"label":" ","price":4.41},{"type":"A","date":"2018-05-03T02:30:20.000Z","volume":500,"label":"Y","price":4.41},{"type":"A","date":"2018-05-03T02:30:20.000Z","volume":2000,"label":"Y","price":4.41},{"type":"B","date":"2018-05-03T02:30:20.000Z","volume":500,"label":" ","price":4.4},{"type":"A","date":"2018-05-03T02:30:21.000Z","volume":500,"label":" ","price":4.41},{"type":"A","date":"2018-05-03T02:30:24.000Z","volume":500,"label":" ","price":4.41},{"type":"A","date":"2018-05-03T02:30:25.000Z","volume":1500,"label":"Y","price":4.41},{"type":"A","date":"2018-05-03T02:30:25.000Z","volume":500,"label":" ","price":4.41},{"type":"A","date":"2018-05-03T02:30:25.000Z","volume":500,"label":"Y","price":4.41},{"type":"A","date":"2018-05-03T02:30:25.000Z","volume":1500,"label":" ","price":4.41},{"type":"A","date":"2018-05-03T02:30:25.000Z","volume":2000,"label":"Y","price":4.41},{"type":"B","date":"2018-05-03T02:30:25.000Z","volume":500,"label":" ","price":4.4},{"type":"A","date":"2018-05-03T02:30:25.000Z","volume":500,"label":"Y","price":4.41},{"type":"A","date":"2018-05-03T02:30:25.000Z","volume":500,"label":"Y","price":4.41},{"type":"B","date":"2018-05-03T02:30:27.000Z","volume":500,"label":" ","price":4.4},{"type":"A","date":"2018-05-03T02:30:34.000Z","volume":500,"label":"Y","price":4.41},{"type":"A","date":"2018-05-03T02:30:34.000Z","volume":500,"label":" ","price":4.41},{"type":"A","date":"2018-05-03T02:30:34.000Z","volume":1500,"label":" ","price":4.41},{"type":"A","date":"2018-05-03T02:30:35.000Z","volume":500,"label":" ","price":4.42},{"type":"A","date":"2018-05-03T02:30:42.000Z","volume":3000,"label":" ","price":4.42},{"type":"U","date":"2018-05-03T02:30:42.000Z","volume":500,"label":" ","price":4.41},{"type":"A","date":"2018-05-03T02:30:43.000Z","volume":500,"label":" ","price":4.43},{"type":"A","date":"2018-05-03T02:30:49.000Z","volume":1500,"label":" ","price":4.43},{"type":"A","date":"2018-05-03T02:32:12.000Z","volume":1000,"label":" ","price":4.44},{"type":"A","date":"2018-05-03T02:32:13.000Z","volume":500,"label":" ","price":4.44},{"type":"A","date":"2018-05-03T02:33:09.000Z","volume":1000,"label":" ","price":4.44},{"type":"A","date":"2018-05-03T02:34:10.000Z","volume":3500,"label":" ","price":4.43},{"type":"B","date":"2018-05-03T02:34:10.000Z","volume":500,"label":" ","price":4.42},{"type":"A","date":"2018-05-03T02:34:10.000Z","volume":500,"label":" ","price":4.43},{"type":"A","date":"2018-05-03T02:34:12.000Z","volume":500,"label":" ","price":4.43},{"type":"B","date":"2018-05-03T02:34:24.000Z","volume":2000,"label":"Y","price":4.42},{"type":"B","date":"2018-05-03T02:34:24.000Z","volume":500,"label":"Y","price":4.42},{"type":"B","date":"2018-05-03T02:34:24.000Z","volume":1500,"label":" ","price":4.42},{"type":"B","date":"2018-05-03T02:34:24.000Z","volume":7500,"label":" ","price":4.42},{"type":"B","date":"2018-05-03T02:34:24.000Z","volume":1000,"label":" ","price":4.42},{"type":"B","date":"2018-05-03T02:34:24.000Z","volume":1000,"label":" ","price":4.42},{"type":"A","date":"2018-05-03T02:34:24.000Z","volume":500,"label":" ","price":4.42},{"type":"A","date":"2018-05-03T02:34:25.000Z","volume":2000,"label":" ","price":4.42},{"type":"B","date":"2018-05-03T02:36:24.000Z","volume":2000,"label":" ","price":4.41},{"type":"B","date":"2018-05-03T02:36:24.000Z","volume":2000,"label":" ","price":4.41},{"type":"A","date":"2018-05-03T02:36:25.000Z","volume":500,"label":" ","price":4.42},{"type":"B","date":"2018-05-03T02:36:25.000Z","volume":500,"label":" ","price":4.41},{"type":"A","date":"2018-05-03T02:37:35.000Z","volume":1500,"label":"Y","price":4.42},{"type":"A","date":"2018-05-03T02:37:35.000Z","volume":500,"label":" ","price":4.42},{"type":"A","date":"2018-05-03T02:37:35.000Z","volume":2500,"label":" ","price":4.42},{"type":"A","date":"2018-05-03T02:37:35.000Z","volume":1000,"label":"Y","price":4.42},{"type":"A","date":"2018-05-03T02:37:35.000Z","volume":1000,"label":" ","price":4.42},{"type":"A","date":"2018-05-03T02:37:35.000Z","volume":500,"label":"Y","price":4.42},{"type":"A","date":"2018-05-03T02:37:35.000Z","volume":1500,"label":" ","price":4.42},{"type":"A","date":"2018-05-03T02:37:36.000Z","volume":1500,"label":" ","price":4.42},{"type":"A","date":"2018-05-03T02:37:40.000Z","volume":1000,"label":"Y","price":4.42},{"type":"A","date":"2018-05-03T02:37:40.000Z","volume":1000,"label":" ","price":4.42},{"type":"A","date":"2018-05-03T02:37:49.000Z","volume":500,"label":"Y","price":4.42},{"type":"A","date":"2018-05-03T02:38:19.000Z","volume":1000,"label":"Y","price":4.42},{"type":"A","date":"2018-05-03T02:38:19.000Z","volume":500,"label":" ","price":4.42},{"type":"A","date":"2018-05-03T02:38:20.000Z","volume":500,"label":"Y","price":4.42},{"type":"A","date":"2018-05-03T02:38:21.000Z","volume":1500,"label":"Y","price":4.42},{"type":"A","date":"2018-05-03T02:38:21.000Z","volume":500,"label":" ","price":4.42},{"type":"B","date":"2018-05-03T02:38:24.000Z","volume":500,"label":" ","price":4.41},{"type":"A","date":"2018-05-03T02:38:25.000Z","volume":500,"label":" ","price":4.42},{"type":"A","date":"2018-05-03T02:38:36.000Z","volume":500,"label":" ","price":4.42},{"type":"B","date":"2018-05-03T02:38:47.000Z","volume":33500,"label":" ","price":4.41},{"type":"B","date":"2018-05-03T02:38:47.000Z","volume":11000,"label":" ","price":4.4},{"type":"A","date":"2018-05-03T02:38:47.000Z","volume":500,"label":" ","price":4.4},{"type":"A","date":"2018-05-03T02:38:47.000Z","volume":3000,"label":" ","price":4.4},{"type":"A","date":"2018-05-03T02:38:47.000Z","volume":4500,"label":" ","price":4.4},{"type":"U","date":"2018-05-03T02:38:47.000Z","volume":2000,"label":"X","price":4.4},{"type":"A","date":"2018-05-03T02:38:48.000Z","volume":27000,"label":" ","price":4.4},{"type":"U","date":"2018-05-03T02:38:48.000Z","volume":2000,"label":"X","price":4.4},{"type":"A","date":"2018-05-03T02:38:48.000Z","volume":5000,"label":" ","price":4.4},{"type":"B","date":"2018-05-03T02:39:54.000Z","volume":2000,"label":" ","price":4.38},{"type":"A","date":"2018-05-03T02:39:55.000Z","volume":500,"label":" ","price":4.4},{"type":"B","date":"2018-05-03T02:40:36.000Z","volume":9000,"label":" ","price":4.39},{"type":"B","date":"2018-05-03T02:40:36.000Z","volume":1500,"label":" ","price":4.39},{"type":"A","date":"2018-05-03T02:40:37.000Z","volume":1500,"label":" ","price":4.4},{"type":"B","date":"2018-05-03T02:40:39.000Z","volume":2000,"label":" ","price":4.39},{"type":"B","date":"2018-05-03T02:40:39.000Z","volume":2000,"label":" ","price":4.39},{"type":"A","date":"2018-05-03T02:40:40.000Z","volume":500,"label":" ","price":4.4},{"type":"U","date":"2018-05-03T02:40:48.000Z","volume":500,"label":"X","price":4.4},{"type":"A","date":"2018-05-03T02:42:10.000Z","volume":1500,"label":" ","price":4.4},{"type":"A","date":"2018-05-03T02:42:10.000Z","volume":500,"label":" ","price":4.4},{"type":"B","date":"2018-05-03T02:42:13.000Z","volume":500,"label":" ","price":4.39},{"type":"B","date":"2018-05-03T02:42:39.000Z","volume":2000,"label":" ","price":4.39},{"type":"B","date":"2018-05-03T02:42:40.000Z","volume":500,"label":" ","price":4.39},{"type":"B","date":"2018-05-03T02:42:40.000Z","volume":500,"label":" ","price":4.39},{"type":"A","date":"2018-05-03T02:42:40.000Z","volume":500,"label":" ","price":4.4},{"type":"U","date":"2018-05-03T02:42:44.000Z","volume":500,"label":"X","price":4.4},{"type":"A","date":"2018-05-03T02:42:50.000Z","volume":2000,"label":" ","price":4.4},{"type":"A","date":"2018-05-03T02:42:50.000Z","volume":2000,"label":" ","price":4.4},{"type":"U","date":"2018-05-03T02:42:54.000Z","volume":500,"label":"X","price":4.4},{"type":"A","date":"2018-05-03T02:42:55.000Z","volume":500,"label":" ","price":4.4},{"type":"B","date":"2018-05-03T02:43:39.000Z","volume":2000,"label":" ","price":4.39},{"type":"A","date":"2018-05-03T02:44:50.000Z","volume":2000,"label":" ","price":4.4},{"type":"A","date":"2018-05-03T02:44:50.000Z","volume":2000,"label":" ","price":4.4},{"type":"B","date":"2018-05-03T02:44:54.000Z","volume":2000,"label":" ","price":4.39},{"type":"B","date":"2018-05-03T02:44:54.000Z","volume":2000,"label":" ","price":4.39},{"type":"U","date":"2018-05-03T02:44:54.000Z","volume":500,"label":"X","price":4.4},{"type":"U","date":"2018-05-03T02:44:59.000Z","volume":500,"label":"X","price":4.4},{"type":"A","date":"2018-05-03T02:46:35.000Z","volume":1500,"label":" ","price":4.4},{"type":"A","date":"2018-05-03T02:46:35.000Z","volume":2000,"label":" ","price":4.4},{"type":"A","date":"2018-05-03T02:46:37.000Z","volume":1500,"label":" ","price":4.4},{"type":"U","date":"2018-05-03T02:46:37.000Z","volume":500,"label":"X","price":4.4},{"type":"B","date":"2018-05-03T02:46:39.000Z","volume":1500,"label":" ","price":4.39},{"type":"B","date":"2018-05-03T02:46:40.000Z","volume":1000,"label":" ","price":4.39},{"type":"B","date":"2018-05-03T02:47:24.000Z","volume":1500,"label":" ","price":4.39},{"type":"B","date":"2018-05-03T02:47:24.000Z","volume":2000,"label":" ","price":4.39},{"type":"A","date":"2018-05-03T02:47:50.000Z","volume":2000,"label":" ","price":4.4},{"type":"A","date":"2018-05-03T02:47:50.000Z","volume":2000,"label":" ","price":4.4},{"type":"U","date":"2018-05-03T02:47:51.000Z","volume":500,"label":"X","price":4.395},{"type":"B","date":"2018-05-03T02:48:54.000Z","volume":1500,"label":" ","price":4.39},{"type":"B","date":"2018-05-03T02:48:54.000Z","volume":2000,"label":" ","price":4.39},{"type":"U","date":"2018-05-03T02:49:11.000Z","volume":500,"label":"X","price":4.395},{"type":"A","date":"2018-05-03T02:49:35.000Z","volume":2000,"label":" ","price":4.4},{"type":"A","date":"2018-05-03T02:49:35.000Z","volume":2000,"label":" ","price":4.4},{"type":"B","date":"2018-05-03T02:50:03.000Z","volume":1500,"label":" ","price":4.39},{"type":"B","date":"2018-05-03T02:50:03.000Z","volume":1500,"label":" ","price":4.39},{"type":"B","date":"2018-05-03T02:50:05.000Z","volume":4500,"label":" ","price":4.39},{"type":"B","date":"2018-05-03T02:50:06.000Z","volume":1500,"label":" ","price":4.39},{"type":"A","date":"2018-05-03T02:51:20.000Z","volume":2500,"label":" ","price":4.4},{"type":"A","date":"2018-05-03T02:51:23.000Z","volume":500,"label":" ","price":4.4},{"type":"U","date":"2018-05-03T02:51:23.000Z","volume":1000,"label":"X","price":4.4},{"type":"B","date":"2018-05-03T02:51:24.000Z","volume":2500,"label":" ","price":4.39},{"type":"A","date":"2018-05-03T02:51:30.000Z","volume":10000,"label":" ","price":4.4},{"type":"U","date":"2018-05-03T02:51:31.000Z","volume":2500,"label":"X","price":4.4},{"type":"A","date":"2018-05-03T02:51:33.000Z","volume":10000,"label":" ","price":4.4},{"type":"U","date":"2018-05-03T02:51:35.000Z","volume":1500,"label":"X","price":4.4},{"type":"A","date":"2018-05-03T02:51:39.000Z","volume":2500,"label":" ","price":4.4},{"type":"A","date":"2018-05-03T02:51:48.000Z","volume":10000,"label":" ","price":4.4},{"type":"A","date":"2018-05-03T02:51:48.000Z","volume":107000,"label":" ","price":4.4},{"type":"A","date":"2018-05-03T02:51:49.000Z","volume":4500,"label":" ","price":4.4},{"type":"A","date":"2018-05-03T02:51:49.000Z","volume":3000,"label":" ","price":4.4},{"type":"A","date":"2018-05-03T02:51:50.000Z","volume":19000,"label":" ","price":4.41},{"type":"B","date":"2018-05-03T02:51:50.000Z","volume":2000,"label":" ","price":4.4},{"type":"A","date":"2018-05-03T02:52:00.000Z","volume":5500,"label":" ","price":4.42},{"type":"U","date":"2018-05-03T02:52:06.000Z","volume":2500,"label":"X","price":4.43},{"type":"A","date":"2018-05-03T02:52:07.000Z","volume":2000,"label":" ","price":4.43},{"type":"U","date":"2018-05-03T02:52:58.000Z","volume":12000,"label":"X","price":4.44},{"type":"A","date":"2018-05-03T02:53:50.000Z","volume":2500,"label":" ","price":4.44},{"type":"U","date":"2018-05-03T02:53:51.000Z","volume":500,"label":"X","price":4.425},{"type":"A","date":"2018-05-03T02:55:20.000Z","volume":2000,"label":" ","price":4.44},{"type":"A","date":"2018-05-03T02:55:25.000Z","volume":4500,"label":" ","price":4.44},{"type":"A","date":"2018-05-03T02:55:50.000Z","volume":2500,"label":" ","price":4.44},{"type":"A","date":"2018-05-03T02:56:21.000Z","volume":500,"label":" ","price":4.44},{"type":"A","date":"2018-05-03T02:56:35.000Z","volume":2000,"label":" ","price":4.44},{"type":"B","date":"2018-05-03T02:56:39.000Z","volume":2000,"label":" ","price":4.41},{"type":"B","date":"2018-05-03T02:56:39.000Z","volume":2500,"label":" ","price":4.41},{"type":"B","date":"2018-05-03T02:56:41.000Z","volume":1000,"label":" ","price":4.41},{"type":"A","date":"2018-05-03T02:57:20.000Z","volume":2000,"label":" ","price":4.44},{"type":"A","date":"2018-05-03T02:57:50.000Z","volume":2500,"label":" ","price":4.44},{"type":"B","date":"2018-05-03T02:58:24.000Z","volume":1500,"label":" ","price":4.41},{"type":"B","date":"2018-05-03T02:58:24.000Z","volume":1500,"label":" ","price":4.41},{"type":"U","date":"2018-05-03T02:58:24.000Z","volume":1000,"label":"X","price":4.44},{"type":"B","date":"2018-05-03T02:58:24.000Z","volume":1000,"label":"Y","price":4.41},{"type":"A","date":"2018-05-03T02:58:50.000Z","volume":2000,"label":" ","price":4.44},{"type":"A","date":"2018-05-03T02:59:50.000Z","volume":2000,"label":" ","price":4.44},{"type":"B","date":"2018-05-03T02:59:54.000Z","volume":1500,"label":" ","price":4.41},{"type":"A","date":"2018-05-03T03:00:34.000Z","volume":1500,"label":" ","price":4.43},{"type":"A","date":"2018-05-03T03:00:35.000Z","volume":1000,"label":" ","price":4.43},{"type":"A","date":"2018-05-03T03:00:37.000Z","volume":500,"label":" ","price":4.43},{"type":"B","date":"2018-05-03T03:00:38.000Z","volume":1500,"label":" ","price":4.41},{"type":"B","date":"2018-05-03T03:00:40.000Z","volume":1000,"label":"Y","price":4.41},{"type":"A","date":"2018-05-03T03:01:05.000Z","volume":2000,"label":" ","price":4.43},{"type":"B","date":"2018-05-03T03:01:24.000Z","volume":2000,"label":" ","price":4.41},{"type":"A","date":"2018-05-03T03:01:50.000Z","volume":2000,"label":" ","price":4.43},{"type":"B","date":"2018-05-03T03:02:24.000Z","volume":2000,"label":" ","price":4.41},{"type":"B","date":"2018-05-03T03:02:24.000Z","volume":1500,"label":" ","price":4.41},{"type":"B","date":"2018-05-03T03:02:25.000Z","volume":1000,"label":" ","price":4.41},{"type":"U","date":"2018-05-03T03:02:31.000Z","volume":500,"label":"X","price":4.42},{"type":"A","date":"2018-05-03T03:02:35.000Z","volume":1500,"label":" ","price":4.43},{"type":"U","date":"2018-05-03T03:02:44.000Z","volume":5000,"label":" ","price":4.42},{"type":"A","date":"2018-05-03T03:02:44.000Z","volume":500,"label":" ","price":4.42},{"type":"B","date":"2018-05-03T03:02:45.000Z","volume":1000,"label":" ","price":4.41},{"type":"A","date":"2018-05-03T03:03:05.000Z","volume":2000,"label":" ","price":4.43},{"type":"A","date":"2018-05-03T03:03:07.000Z","volume":1500,"label":"Y","price":4.43},{"type":"A","date":"2018-05-03T03:03:07.000Z","volume":2500,"label":" ","price":4.43},{"type":"A","date":"2018-05-03T03:03:36.000Z","volume":500,"label":" ","price":4.43},{"type":"A","date":"2018-05-03T03:03:37.000Z","volume":500,"label":"Y","price":4.43},{"type":"A","date":"2018-05-03T03:03:37.000Z","volume":1500,"label":" ","price":4.43},{"type":"A","date":"2018-05-03T03:03:42.000Z","volume":1500,"label":" ","price":4.43},{"type":"A","date":"2018-05-03T03:04:07.000Z","volume":500,"label":" ","price":4.43},{"type":"A","date":"2018-05-03T03:04:18.000Z","volume":500,"label":"Y","price":4.43},{"type":"A","date":"2018-05-03T03:04:18.000Z","volume":500,"label":" ","price":4.43},{"type":"A","date":"2018-05-03T03:04:20.000Z","volume":2000,"label":"Y","price":4.43},{"type":"A","date":"2018-05-03T03:04:20.000Z","volume":1000,"label":"Y","price":4.43},{"type":"A","date":"2018-05-03T03:04:20.000Z","volume":1000,"label":" ","price":4.43},{"type":"A","date":"2018-05-03T03:04:20.000Z","volume":1500,"label":"Y","price":4.43},{"type":"A","date":"2018-05-03T03:04:20.000Z","volume":500,"label":" ","price":4.43},{"type":"A","date":"2018-05-03T03:04:20.000Z","volume":1500,"label":"Y","price":4.43},{"type":"A","date":"2018-05-03T03:04:20.000Z","volume":1000,"label":"Y","price":4.43},{"type":"A","date":"2018-05-03T03:04:20.000Z","volume":1000,"label":" ","price":4.43},{"type":"A","date":"2018-05-03T03:04:20.000Z","volume":1000,"label":"Y","price":4.43},{"type":"A","date":"2018-05-03T03:04:20.000Z","volume":1000,"label":"Y","price":4.43},{"type":"U","date":"2018-05-03T03:04:20.000Z","volume":2500,"label":"X","price":4.43},{"type":"A","date":"2018-05-03T03:04:21.000Z","volume":2000,"label":" ","price":4.43},{"type":"B","date":"2018-05-03T03:04:21.000Z","volume":1000,"label":" ","price":4.42},{"type":"A","date":"2018-05-03T03:04:59.000Z","volume":6000,"label":" ","price":4.43},{"type":"U","date":"2018-05-03T03:04:59.000Z","volume":1500,"label":"X","price":4.43},{"type":"A","date":"2018-05-03T03:05:00.000Z","volume":500,"label":" ","price":4.43},{"type":"A","date":"2018-05-03T03:05:00.000Z","volume":500,"label":" ","price":4.43},{"type":"A","date":"2018-05-03T03:05:00.000Z","volume":500,"label":" ","price":4.43},{"type":"A","date":"2018-05-03T03:05:00.000Z","volume":500,"label":"Y","price":4.43},{"type":"A","date":"2018-05-03T03:05:00.000Z","volume":500,"label":"Y","price":4.43},{"type":"A","date":"2018-05-03T03:05:00.000Z","volume":500,"label":"Y","price":4.43},{"type":"B","date":"2018-05-03T03:05:00.000Z","volume":1000,"label":" ","price":4.43},{"type":"U","date":"2018-05-03T03:05:01.000Z","volume":500,"label":"X","price":4.435},{"type":"A","date":"2018-05-03T03:05:05.000Z","volume":2000,"label":" ","price":4.44},{"type":"A","date":"2018-05-03T03:06:52.000Z","volume":500,"label":" ","price":4.44},{"type":"A","date":"2018-05-03T03:08:06.000Z","volume":1500,"label":" ","price":4.44},{"type":"A","date":"2018-05-03T03:08:10.000Z","volume":2000,"label":" ","price":4.44},{"type":"U","date":"2018-05-03T03:08:20.000Z","volume":400,"label":"D","price":4.39},{"type":"A","date":"2018-05-03T03:08:28.000Z","volume":63000,"label":" ","price":4.44},{"type":"A","date":"2018-05-03T03:08:30.000Z","volume":8000,"label":" ","price":4.45},{"type":"U","date":"2018-05-03T03:08:36.000Z","volume":1500,"label":"X","price":4.45},{"type":"A","date":"2018-05-03T03:08:39.000Z","volume":2000,"label":" ","price":4.45},{"type":"A","date":"2018-05-03T03:09:12.000Z","volume":4500,"label":" ","price":4.45},{"type":"B","date":"2018-05-03T03:09:14.000Z","volume":1000,"label":" ","price":4.44},{"type":"A","date":"2018-05-03T03:10:20.000Z","volume":2000,"label":" ","price":4.45},{"type":"U","date":"2018-05-03T03:10:20.000Z","volume":1000,"label":"X","price":4.45},{"type":"U","date":"2018-05-03T03:10:21.000Z","volume":500,"label":"X","price":4.445},{"type":"U","date":"2018-05-03T03:10:21.000Z","volume":500,"label":"X","price":4.445},{"type":"U","date":"2018-05-03T03:10:21.000Z","volume":500,"label":"X","price":4.445},{"type":"U","date":"2018-05-03T03:10:21.000Z","volume":500,"label":"X","price":4.445},{"type":"A","date":"2018-05-03T03:10:50.000Z","volume":2000,"label":" ","price":4.45},{"type":"A","date":"2018-05-03T03:10:56.000Z","volume":33500,"label":" ","price":4.45},{"type":"A","date":"2018-05-03T03:10:56.000Z","volume":19000,"label":" ","price":4.45},{"type":"A","date":"2018-05-03T03:10:56.000Z","volume":2000,"label":" ","price":4.45},{"type":"B","date":"2018-05-03T03:10:56.000Z","volume":4000,"label":" ","price":4.44},{"type":"U","date":"2018-05-03T03:10:57.000Z","volume":1000,"label":"X","price":4.46},{"type":"A","date":"2018-05-03T03:10:59.000Z","volume":1000,"label":"Y","price":4.46},{"type":"A","date":"2018-05-03T03:10:59.000Z","volume":2500,"label":" ","price":4.46},{"type":"A","date":"2018-05-03T03:11:00.000Z","volume":6500,"label":" ","price":4.46},{"type":"A","date":"2018-05-03T03:11:34.000Z","volume":1500,"label":" ","price":4.46},{"type":"A","date":"2018-05-03T03:11:50.000Z","volume":2000,"label":" ","price":4.46},{"type":"A","date":"2018-05-03T03:11:51.000Z","volume":500,"label":" ","price":4.46},{"type":"A","date":"2018-05-03T03:12:50.000Z","volume":2500,"label":" ","price":4.46},{"type":"U","date":"2018-05-03T03:13:49.000Z","volume":2000,"label":" ","price":4.45},{"type":"U","date":"2018-05-03T03:13:49.000Z","volume":5000,"label":" ","price":4.45},{"type":"U","date":"2018-05-03T03:13:49.000Z","volume":1500,"label":" ","price":4.45},{"type":"A","date":"2018-05-03T03:13:50.000Z","volume":2000,"label":" ","price":4.46},{"type":"B","date":"2018-05-03T03:14:01.000Z","volume":3500,"label":" ","price":4.45},{"type":"B","date":"2018-05-03T03:14:24.000Z","volume":40000,"label":" ","price":4.45},{"type":"B","date":"2018-05-03T03:14:24.000Z","volume":6000,"label":" ","price":4.45},{"type":"B","date":"2018-05-03T03:14:24.000Z","volume":1500,"label":" ","price":4.45},{"type":"B","date":"2018-05-03T03:14:24.000Z","volume":2000,"label":" ","price":4.45},{"type":"B","date":"2018-05-03T03:14:24.000Z","volume":500,"label":" ","price":4.45},{"type":"A","date":"2018-05-03T03:14:36.000Z","volume":500,"label":" ","price":4.45},{"type":"B","date":"2018-05-03T03:15:43.000Z","volume":3500,"label":"Y","price":4.44},{"type":"B","date":"2018-05-03T03:15:43.000Z","volume":15000,"label":" ","price":4.44},{"type":"B","date":"2018-05-03T03:15:43.000Z","volume":60500,"label":" ","price":4.44},{"type":"B","date":"2018-05-03T03:15:43.000Z","volume":9000,"label":"Y","price":4.43},{"type":"B","date":"2018-05-03T03:15:43.000Z","volume":1000,"label":" ","price":4.43},{"type":"B","date":"2018-05-03T03:15:45.000Z","volume":6000,"label":" ","price":4.43},{"type":"B","date":"2018-05-03T03:15:46.000Z","volume":2000,"label":"Y","price":4.41},{"type":"B","date":"2018-05-03T03:15:46.000Z","volume":8000,"label":" ","price":4.41},{"type":"A","date":"2018-05-03T03:15:48.000Z","volume":1500,"label":" ","price":4.41},{"type":"A","date":"2018-05-03T03:15:49.000Z","volume":5500,"label":"Y","price":4.42},{"type":"A","date":"2018-05-03T03:15:49.000Z","volume":6500,"label":" ","price":4.42},{"type":"A","date":"2018-05-03T03:16:25.000Z","volume":2000,"label":" ","price":4.42},{"type":"B","date":"2018-05-03T03:17:09.000Z","volume":1500,"label":" ","price":4.39},{"type":"A","date":"2018-05-03T03:17:51.000Z","volume":500,"label":" ","price":4.42},{"type":"B","date":"2018-05-03T03:18:09.000Z","volume":1500,"label":" ","price":4.39},{"type":"B","date":"2018-05-03T03:19:09.000Z","volume":2000,"label":" ","price":4.39},{"type":"A","date":"2018-05-03T03:19:35.000Z","volume":2000,"label":" ","price":4.41},{"type":"A","date":"2018-05-03T03:19:36.000Z","volume":3000,"label":" ","price":4.41},{"type":"A","date":"2018-05-03T03:20:50.000Z","volume":2500,"label":" ","price":4.41},{"type":"A","date":"2018-05-03T03:20:50.000Z","volume":4500,"label":" ","price":4.41},{"type":"A","date":"2018-05-03T03:20:51.000Z","volume":500,"label":" ","price":4.41},{"type":"B","date":"2018-05-03T03:20:54.000Z","volume":2000,"label":" ","price":4.39},{"type":"B","date":"2018-05-03T03:20:54.000Z","volume":1500,"label":" ","price":4.39},{"type":"A","date":"2018-05-03T03:21:32.000Z","volume":4500,"label":" ","price":4.4},{"type":"A","date":"2018-05-03T03:21:32.000Z","volume":3000,"label":" ","price":4.41},{"type":"A","date":"2018-05-03T03:22:05.000Z","volume":2500,"label":" ","price":4.41},{"type":"A","date":"2018-05-03T03:22:06.000Z","volume":500,"label":" ","price":4.41},{"type":"B","date":"2018-05-03T03:22:06.000Z","volume":2000,"label":" ","price":4.41},{"type":"B","date":"2018-05-03T03:22:09.000Z","volume":2000,"label":"Y","price":4.41},{"type":"B","date":"2018-05-03T03:22:09.000Z","volume":1500,"label":"Y","price":4.41},{"type":"B","date":"2018-05-03T03:22:09.000Z","volume":500,"label":" ","price":4.41},{"type":"B","date":"2018-05-03T03:22:09.000Z","volume":500,"label":"Y","price":4.41},{"type":"A","date":"2018-05-03T03:23:21.000Z","volume":500,"label":" ","price":4.41},{"type":"A","date":"2018-05-03T03:23:27.000Z","volume":3000,"label":" ","price":4.41},{"type":"A","date":"2018-05-03T03:23:27.000Z","volume":6000,"label":" ","price":4.41},{"type":"B","date":"2018-05-03T03:23:27.000Z","volume":1500,"label":" ","price":4.4},{"type":"A","date":"2018-05-03T03:24:30.000Z","volume":6500,"label":" ","price":4.41},{"type":"A","date":"2018-05-03T03:24:30.000Z","volume":3000,"label":" ","price":4.41},{"type":"A","date":"2018-05-03T03:25:21.000Z","volume":8000,"label":" ","price":4.42},{"type":"B","date":"2018-05-03T03:25:21.000Z","volume":2000,"label":" ","price":4.42},{"type":"B","date":"2018-05-03T03:25:21.000Z","volume":500,"label":" ","price":4.42},{"type":"A","date":"2018-05-03T03:26:50.000Z","volume":2000,"label":" ","price":4.43},{"type":"A","date":"2018-05-03T03:27:14.000Z","volume":500,"label":" ","price":4.43},{"type":"A","date":"2018-05-03T03:27:35.000Z","volume":500,"label":"Y","price":4.43},{"type":"A","date":"2018-05-03T03:27:35.000Z","volume":1500,"label":" ","price":4.43},{"type":"A","date":"2018-05-03T03:27:49.000Z","volume":2000,"label":" ","price":4.43},{"type":"A","date":"2018-05-03T03:28:26.000Z","volume":500,"label":" ","price":4.43},{"type":"A","date":"2018-05-03T03:28:31.000Z","volume":7000,"label":" ","price":4.43},{"type":"A","date":"2018-05-03T03:28:32.000Z","volume":2000,"label":" ","price":4.44},{"type":"B","date":"2018-05-03T03:28:33.000Z","volume":1000,"label":" ","price":4.42},{"type":"A","date":"2018-05-03T03:29:20.000Z","volume":2000,"label":" ","price":4.44},{"type":"A","date":"2018-05-03T03:30:35.000Z","volume":2000,"label":" ","price":4.44},{"type":"B","date":"2018-05-03T03:31:30.000Z","volume":500,"label":" ","price":4.42},{"type":"A","date":"2018-05-03T03:31:35.000Z","volume":2500,"label":" ","price":4.44},{"type":"A","date":"2018-05-03T03:32:09.000Z","volume":20000,"label":" ","price":4.44},{"type":"A","date":"2018-05-03T03:32:09.000Z","volume":500,"label":" ","price":4.44},{"type":"A","date":"2018-05-03T03:32:33.000Z","volume":2000,"label":" ","price":4.45},{"type":"A","date":"2018-05-03T03:32:50.000Z","volume":2000,"label":" ","price":4.45},{"type":"B","date":"2018-05-03T03:33:09.000Z","volume":1500,"label":" ","price":4.43},{"type":"B","date":"2018-05-03T03:33:09.000Z","volume":1500,"label":" ","price":4.43},{"type":"A","date":"2018-05-03T03:33:35.000Z","volume":500,"label":" ","price":4.44},{"type":"A","date":"2018-05-03T03:33:50.000Z","volume":1500,"label":" ","price":4.44},{"type":"A","date":"2018-05-03T03:34:03.000Z","volume":20000,"label":" ","price":4.44},{"type":"A","date":"2018-05-03T03:34:04.000Z","volume":500,"label":"Y","price":4.44},{"type":"A","date":"2018-05-03T03:34:04.000Z","volume":500,"label":"Y","price":4.44},{"type":"A","date":"2018-05-03T03:34:04.000Z","volume":500,"label":"Y","price":4.44},{"type":"B","date":"2018-05-03T03:34:04.000Z","volume":500,"label":" ","price":4.44},{"type":"B","date":"2018-05-03T03:34:04.000Z","volume":500,"label":" ","price":4.44},{"type":"B","date":"2018-05-03T03:34:05.000Z","volume":1000,"label":" ","price":4.44},{"type":"A","date":"2018-05-03T03:34:25.000Z","volume":2500,"label":" ","price":4.45},{"type":"U","date":"2018-05-03T03:34:26.000Z","volume":500,"label":"X","price":4.445},{"type":"U","date":"2018-05-03T03:34:41.000Z","volume":500,"label":"X","price":4.445},{"type":"U","date":"2018-05-03T03:34:41.000Z","volume":500,"label":"X","price":4.445},{"type":"A","date":"2018-05-03T03:35:17.000Z","volume":2500,"label":" ","price":4.45},{"type":"A","date":"2018-05-03T03:35:35.000Z","volume":2000,"label":" ","price":4.45},{"type":"U","date":"2018-05-03T03:35:52.000Z","volume":500,"label":"X","price":4.445},{"type":"A","date":"2018-05-03T03:36:35.000Z","volume":2000,"label":" ","price":4.45},{"type":"B","date":"2018-05-03T03:36:37.000Z","volume":1000,"label":" ","price":4.44},{"type":"A","date":"2018-05-03T03:36:43.000Z","volume":1000,"label":" ","price":4.45},{"type":"A","date":"2018-05-03T03:37:35.000Z","volume":2000,"label":" ","price":4.45},{"type":"B","date":"2018-05-03T03:38:09.000Z","volume":1000,"label":"Y","price":4.44},{"type":"B","date":"2018-05-03T03:38:09.000Z","volume":1500,"label":" ","price":4.44},{"type":"U","date":"2018-05-03T03:38:29.000Z","volume":500,"label":"X","price":4.445},{"type":"A","date":"2018-05-03T03:38:35.000Z","volume":2000,"label":" ","price":4.45},{"type":"U","date":"2018-05-03T03:38:54.000Z","volume":500,"label":"X","price":4.445},{"type":"A","date":"2018-05-03T03:39:02.000Z","volume":2500,"label":" ","price":4.45},{"type":"U","date":"2018-05-03T03:39:02.000Z","volume":500,"label":"X","price":4.445},{"type":"U","date":"2018-05-03T03:39:02.000Z","volume":1000,"label":"X","price":4.45},{"type":"B","date":"2018-05-03T03:39:06.000Z","volume":1000,"label":" ","price":4.44},{"type":"A","date":"2018-05-03T03:39:10.000Z","volume":8500,"label":" ","price":4.45},{"type":"U","date":"2018-05-03T03:39:10.000Z","volume":2000,"label":"X","price":4.45},{"type":"B","date":"2018-05-03T03:39:13.000Z","volume":1000,"label":" ","price":4.44},{"type":"A","date":"2018-05-03T03:39:17.000Z","volume":3000,"label":" ","price":4.45},{"type":"A","date":"2018-05-03T03:39:19.000Z","volume":35000,"label":" ","price":4.45},{"type":"B","date":"2018-05-03T03:39:19.000Z","volume":2000,"label":" ","price":4.45},{"type":"B","date":"2018-05-03T03:39:19.000Z","volume":1000,"label":" ","price":4.45},{"type":"B","date":"2018-05-03T03:39:19.000Z","volume":1000,"label":" ","price":4.45},{"type":"A","date":"2018-05-03T03:39:19.000Z","volume":500,"label":" ","price":4.45},{"type":"U","date":"2018-05-03T03:39:19.000Z","volume":2500,"label":"X","price":4.45},{"type":"U","date":"2018-05-03T03:39:19.000Z","volume":6000,"label":"X","price":4.45},{"type":"A","date":"2018-05-03T03:39:19.000Z","volume":500,"label":"Y","price":4.45},{"type":"A","date":"2018-05-03T03:39:19.000Z","volume":500,"label":"Y","price":4.45},{"type":"B","date":"2018-05-03T03:39:19.000Z","volume":1000,"label":" ","price":4.44},{"type":"A","date":"2018-05-03T03:39:19.000Z","volume":500,"label":"Y","price":4.45},{"type":"A","date":"2018-05-03T03:39:19.000Z","volume":500,"label":" ","price":4.45},{"type":"B","date":"2018-05-03T03:39:19.000Z","volume":1500,"label":" ","price":4.45},{"type":"A","date":"2018-05-03T03:39:20.000Z","volume":7500,"label":" ","price":4.46},{"type":"A","date":"2018-05-03T03:39:20.000Z","volume":2000,"label":" ","price":4.46},{"type":"B","date":"2018-05-03T03:39:20.000Z","volume":1000,"label":"Y","price":4.45},{"type":"U","date":"2018-05-03T03:39:20.000Z","volume":2000,"label":"X","price":4.46},{"type":"A","date":"2018-05-03T03:39:45.000Z","volume":6500,"label":" ","price":4.46},{"type":"B","date":"2018-05-03T03:39:46.000Z","volume":1000,"label":" ","price":4.45},{"type":"A","date":"2018-05-03T03:40:20.000Z","volume":2000,"label":" ","price":4.46},{"type":"U","date":"2018-05-03T03:40:22.000Z","volume":1500,"label":"X","price":4.46},{"type":"A","date":"2018-05-03T03:41:05.000Z","volume":2000,"label":" ","price":4.46},{"type":"A","date":"2018-05-03T03:41:50.000Z","volume":2000,"label":" ","price":4.46},{"type":"A","date":"2018-05-03T03:42:35.000Z","volume":2000,"label":" ","price":4.46},{"type":"A","date":"2018-05-03T03:42:38.000Z","volume":500,"label":" ","price":4.46},{"type":"U","date":"2018-05-03T03:42:38.000Z","volume":1500,"label":"X","price":4.46},{"type":"A","date":"2018-05-03T03:43:06.000Z","volume":6000,"label":" ","price":4.46},{"type":"B","date":"2018-05-03T03:43:11.000Z","volume":1500,"label":" ","price":4.45},{"type":"A","date":"2018-05-03T03:43:35.000Z","volume":2500,"label":" ","price":4.46},{"type":"U","date":"2018-05-03T03:43:37.000Z","volume":1500,"label":"X","price":4.46},{"type":"A","date":"2018-05-03T03:43:46.000Z","volume":40000,"label":" ","price":4.46},{"type":"A","date":"2018-05-03T03:43:46.000Z","volume":1000,"label":" ","price":4.46},{"type":"A","date":"2018-05-03T03:43:46.000Z","volume":3500,"label":" ","price":4.46},{"type":"A","date":"2018-05-03T03:43:47.000Z","volume":6000,"label":"Y","price":4.47},{"type":"A","date":"2018-05-03T03:43:47.000Z","volume":4000,"label":" ","price":4.47},{"type":"A","date":"2018-05-03T03:44:35.000Z","volume":500,"label":" ","price":4.48},{"type":"A","date":"2018-05-03T03:44:35.000Z","volume":2000,"label":" ","price":4.48},{"type":"A","date":"2018-05-03T03:44:38.000Z","volume":2000,"label":" ","price":4.48},{"type":"A","date":"2018-05-03T03:45:50.000Z","volume":2000,"label":" ","price":4.48},{"type":"A","date":"2018-05-03T03:46:35.000Z","volume":2000,"label":"Y","price":4.49},{"type":"A","date":"2018-05-03T03:46:35.000Z","volume":500,"label":" ","price":4.49},{"type":"A","date":"2018-05-03T03:46:45.000Z","volume":1500,"label":" ","price":4.49},{"type":"A","date":"2018-05-03T03:48:05.000Z","volume":2000,"label":" ","price":4.49},{"type":"U","date":"2018-05-03T03:49:00.000Z","volume":500,"label":"X","price":4.48},{"type":"A","date":"2018-05-03T03:49:01.000Z","volume":1500,"label":" ","price":4.49},{"type":"U","date":"2018-05-03T03:49:05.000Z","volume":1000,"label":"X","price":4.49},{"type":"A","date":"2018-05-03T03:49:20.000Z","volume":500,"label":"Y","price":4.49},{"type":"A","date":"2018-05-03T03:49:20.000Z","volume":2000,"label":" ","price":4.49},{"type":"B","date":"2018-05-03T03:49:39.000Z","volume":2000,"label":" ","price":4.47},{"type":"B","date":"2018-05-03T03:49:39.000Z","volume":2000,"label":" ","price":4.47},{"type":"B","date":"2018-05-03T03:49:39.000Z","volume":2000,"label":" ","price":4.47},{"type":"A","date":"2018-05-03T03:50:50.000Z","volume":2000,"label":"Y","price":4.49},{"type":"A","date":"2018-05-03T03:51:43.000Z","volume":2000,"label":" ","price":4.49},{"type":"A","date":"2018-05-03T03:51:50.000Z","volume":1500,"label":"Y","price":4.49},{"type":"A","date":"2018-05-03T03:51:50.000Z","volume":500,"label":" ","price":4.49},{"type":"U","date":"2018-05-03T03:51:50.000Z","volume":1000,"label":"X","price":4.49},{"type":"A","date":"2018-05-03T03:52:24.000Z","volume":17000,"label":" ","price":4.49},{"type":"A","date":"2018-05-03T03:52:24.000Z","volume":23000,"label":" ","price":4.5},{"type":"A","date":"2018-05-03T03:52:28.000Z","volume":5500,"label":" ","price":4.5},{"type":"A","date":"2018-05-03T03:52:50.000Z","volume":2000,"label":" ","price":4.51},{"type":"A","date":"2018-05-03T03:53:19.000Z","volume":500,"label":" ","price":4.51},{"type":"A","date":"2018-05-03T03:53:50.000Z","volume":2000,"label":" ","price":4.51},{"type":"A","date":"2018-05-03T03:54:04.000Z","volume":1000,"label":" ","price":4.51},{"type":"A","date":"2018-05-03T03:54:40.000Z","volume":2000,"label":" ","price":4.51},{"type":"A","date":"2018-05-03T03:55:19.000Z","volume":500,"label":" ","price":4.51},{"type":"A","date":"2018-05-03T03:55:50.000Z","volume":2000,"label":" ","price":4.51},{"type":"A","date":"2018-05-03T03:56:21.000Z","volume":8000,"label":" ","price":4.51},{"type":"B","date":"2018-05-03T03:56:22.000Z","volume":1000,"label":"Y","price":4.48},{"type":"U","date":"2018-05-03T03:56:28.000Z","volume":500,"label":"X","price":4.51},{"type":"A","date":"2018-05-03T03:56:34.000Z","volume":500,"label":" ","price":4.51},{"type":"A","date":"2018-05-03T03:56:35.000Z","volume":1500,"label":" ","price":4.51},{"type":"A","date":"2018-05-03T03:57:05.000Z","volume":2000,"label":" ","price":4.51},{"type":"U","date":"2018-05-03T03:57:27.000Z","volume":500,"label":"X","price":4.51},{"type":"B","date":"2018-05-03T03:57:39.000Z","volume":1000,"label":" ","price":4.48},{"type":"B","date":"2018-05-03T03:57:39.000Z","volume":1500,"label":" ","price":4.48},{"type":"U","date":"2018-05-03T03:57:43.000Z","volume":1000,"label":"X","price":4.5},{"type":"U","date":"2018-05-03T03:57:43.000Z","volume":6000,"label":" ","price":4.49},{"type":"A","date":"2018-05-03T03:57:44.000Z","volume":2500,"label":" ","price":4.5},{"type":"U","date":"2018-05-03T03:57:44.000Z","volume":3000,"label":"X","price":4.5},{"type":"B","date":"2018-05-03T03:57:45.000Z","volume":1500,"label":"Y","price":4.49},{"type":"U","date":"2018-05-03T03:57:45.000Z","volume":500,"label":"X","price":4.5},{"type":"B","date":"2018-05-03T03:57:48.000Z","volume":500,"label":" ","price":4.49},{"type":"B","date":"2018-05-03T03:57:49.000Z","volume":7000,"label":" ","price":4.49},{"type":"A","date":"2018-05-03T03:57:50.000Z","volume":2000,"label":" ","price":4.5},{"type":"B","date":"2018-05-03T03:57:52.000Z","volume":1000,"label":" ","price":4.49},{"type":"A","date":"2018-05-03T03:58:04.000Z","volume":500,"label":" ","price":4.5},{"type":"U","date":"2018-05-03T03:58:05.000Z","volume":500,"label":"X","price":4.5},{"type":"A","date":"2018-05-03T03:58:07.000Z","volume":15000,"label":" ","price":4.5},{"type":"U","date":"2018-05-03T03:58:08.000Z","volume":2000,"label":"X","price":4.5},{"type":"A","date":"2018-05-03T03:58:08.000Z","volume":2000,"label":" ","price":4.5},{"type":"A","date":"2018-05-03T03:58:34.000Z","volume":5500,"label":" ","price":4.51},{"type":"A","date":"2018-05-03T03:58:35.000Z","volume":1000,"label":" ","price":4.51},{"type":"A","date":"2018-05-03T03:58:55.000Z","volume":500,"label":" ","price":4.51},{"type":"A","date":"2018-05-03T03:59:05.000Z","volume":2000,"label":" ","price":4.51},{"type":"U","date":"2018-05-03T03:59:33.000Z","volume":1000,"label":"X","price":4.51},{"type":"B","date":"2018-05-03T03:59:39.000Z","volume":500,"label":" ","price":4.49},{"type":"A","date":"2018-05-03T03:59:49.000Z","volume":1000,"label":" ","price":4.51},{"type":"B","date":"2018-05-03T03:59:54.000Z","volume":500,"label":" ","price":4.49},{"type":"A","date":"2018-05-03T03:59:55.000Z","volume":500,"label":" ","price":4.51},{"type":"A","date":"2018-05-03T03:59:55.000Z","volume":500,"label":" ","price":4.5},{"type":"A","date":"2018-05-03T03:59:56.000Z","volume":2000,"label":" ","price":4.5},{"type":"B","date":"2018-05-03T05:00:01.000Z","volume":1000,"label":" ","price":4.49},{"type":"A","date":"2018-05-03T05:00:03.000Z","volume":1000,"label":" ","price":4.5},{"type":"A","date":"2018-05-03T05:00:05.000Z","volume":12000,"label":" ","price":4.5},{"type":"B","date":"2018-05-03T05:00:10.000Z","volume":1500,"label":" ","price":4.49},{"type":"B","date":"2018-05-03T05:00:16.000Z","volume":500,"label":" ","price":4.49},{"type":"A","date":"2018-05-03T05:00:40.000Z","volume":30000,"label":" ","price":4.5},{"type":"B","date":"2018-05-03T05:00:40.000Z","volume":2000,"label":" ","price":4.49},{"type":"A","date":"2018-05-03T05:00:41.000Z","volume":5500,"label":" ","price":4.5},{"type":"B","date":"2018-05-03T05:00:44.000Z","volume":3500,"label":" ","price":4.49},{"type":"A","date":"2018-05-03T05:02:17.000Z","volume":10500,"label":" ","price":4.51},{"type":"B","date":"2018-05-03T05:02:17.000Z","volume":1000,"label":" ","price":4.49},{"type":"A","date":"2018-05-03T05:02:19.000Z","volume":500,"label":" ","price":4.51},{"type":"B","date":"2018-05-03T05:02:25.000Z","volume":500,"label":" ","price":4.49},{"type":"A","date":"2018-05-03T05:02:29.000Z","volume":2500,"label":" ","price":4.51},{"type":"A","date":"2018-05-03T05:02:59.000Z","volume":500,"label":" ","price":4.51},{"type":"B","date":"2018-05-03T05:04:17.000Z","volume":500,"label":"Y","price":4.5},{"type":"B","date":"2018-05-03T05:04:17.000Z","volume":1000,"label":"Y","price":4.5},{"type":"B","date":"2018-05-03T05:04:40.000Z","volume":15000,"label":" ","price":4.5},{"type":"B","date":"2018-05-03T05:04:40.000Z","volume":36500,"label":" ","price":4.5},{"type":"U","date":"2018-05-03T05:04:40.000Z","volume":1000,"label":" ","price":4.5},{"type":"B","date":"2018-05-03T05:04:41.000Z","volume":20000,"label":" ","price":4.49},{"type":"B","date":"2018-05-03T05:04:41.000Z","volume":1000,"label":" ","price":4.48},{"type":"B","date":"2018-05-03T05:04:41.000Z","volume":3000,"label":" ","price":4.48},{"type":"B","date":"2018-05-03T05:04:45.000Z","volume":4500,"label":" ","price":4.47},{"type":"B","date":"2018-05-03T05:04:46.000Z","volume":16000,"label":" ","price":4.47},{"type":"B","date":"2018-05-03T05:04:47.000Z","volume":1500,"label":" ","price":4.46},{"type":"A","date":"2018-05-03T05:04:55.000Z","volume":15000,"label":" ","price":4.48},{"type":"A","date":"2018-05-03T05:05:08.000Z","volume":15000,"label":" ","price":4.48},{"type":"B","date":"2018-05-03T05:07:17.000Z","volume":2000,"label":" ","price":4.46},{"type":"B","date":"2018-05-03T05:07:17.000Z","volume":3500,"label":" ","price":4.46},{"type":"A","date":"2018-05-03T05:07:17.000Z","volume":1000,"label":" ","price":4.48},{"type":"A","date":"2018-05-03T05:07:32.000Z","volume":2000,"label":" ","price":4.48},{"type":"A","date":"2018-05-03T05:08:32.000Z","volume":2500,"label":" ","price":4.48},{"type":"A","date":"2018-05-03T05:08:45.000Z","volume":4000,"label":" ","price":4.48},{"type":"A","date":"2018-05-03T05:09:05.000Z","volume":2000,"label":" ","price":4.48},{"type":"A","date":"2018-05-03T05:09:32.000Z","volume":2000,"label":" ","price":4.48},{"type":"A","date":"2018-05-03T05:10:17.000Z","volume":2000,"label":" ","price":4.47},{"type":"A","date":"2018-05-03T05:10:29.000Z","volume":20000,"label":" ","price":4.47},{"type":"A","date":"2018-05-03T05:10:29.000Z","volume":1500,"label":" ","price":4.47},{"type":"A","date":"2018-05-03T05:10:29.000Z","volume":500,"label":" ","price":4.47},{"type":"B","date":"2018-05-03T05:10:34.000Z","volume":500,"label":" ","price":4.46},{"type":"A","date":"2018-05-03T05:10:38.000Z","volume":10000,"label":" ","price":4.47},{"type":"A","date":"2018-05-03T05:11:02.000Z","volume":2000,"label":" ","price":4.48},{"type":"A","date":"2018-05-03T05:11:47.000Z","volume":2000,"label":" ","price":4.48},{"type":"A","date":"2018-05-03T05:12:16.000Z","volume":20000,"label":" ","price":4.48},{"type":"A","date":"2018-05-03T05:12:24.000Z","volume":16000,"label":" ","price":4.49},{"type":"B","date":"2018-05-03T05:12:25.000Z","volume":2000,"label":" ","price":4.47},{"type":"A","date":"2018-05-03T05:12:32.000Z","volume":2000,"label":" ","price":4.48},{"type":"A","date":"2018-05-03T05:13:02.000Z","volume":2000,"label":" ","price":4.48},{"type":"A","date":"2018-05-03T05:13:47.000Z","volume":1000,"label":"Y","price":4.48},{"type":"A","date":"2018-05-03T05:14:17.000Z","volume":500,"label":"Y","price":4.48},{"type":"A","date":"2018-05-03T05:14:17.000Z","volume":1500,"label":" ","price":4.48},{"type":"A","date":"2018-05-03T05:14:17.000Z","volume":4000,"label":" ","price":4.48},{"type":"A","date":"2018-05-03T05:14:17.000Z","volume":1000,"label":" ","price":4.48},{"type":"A","date":"2018-05-03T05:14:49.000Z","volume":12000,"label":" ","price":4.48},{"type":"A","date":"2018-05-03T05:14:49.000Z","volume":500,"label":" ","price":4.48},{"type":"A","date":"2018-05-03T05:14:50.000Z","volume":1000,"label":"Y","price":4.48},{"type":"A","date":"2018-05-03T05:14:55.000Z","volume":500,"label":" ","price":4.49},{"type":"B","date":"2018-05-03T05:15:02.000Z","volume":20000,"label":" ","price":4.48},{"type":"B","date":"2018-05-03T05:15:02.000Z","volume":6000,"label":" ","price":4.48},{"type":"B","date":"2018-05-03T05:15:02.000Z","volume":500,"label":" ","price":4.48},{"type":"B","date":"2018-05-03T05:15:02.000Z","volume":3000,"label":" ","price":4.48},{"type":"B","date":"2018-05-03T05:15:03.000Z","volume":4000,"label":" ","price":4.48},{"type":"B","date":"2018-05-03T05:15:03.000Z","volume":9500,"label":" ","price":4.48},{"type":"B","date":"2018-05-03T05:15:33.000Z","volume":5500,"label":" ","price":4.47},{"type":"B","date":"2018-05-03T05:15:42.000Z","volume":1500,"label":"Y","price":4.46},{"type":"B","date":"2018-05-03T05:15:42.000Z","volume":500,"label":" ","price":4.46},{"type":"B","date":"2018-05-03T05:15:42.000Z","volume":500,"label":" ","price":4.46},{"type":"A","date":"2018-05-03T05:15:54.000Z","volume":16000,"label":" ","price":4.46},{"type":"A","date":"2018-05-03T05:17:17.000Z","volume":14000,"label":" ","price":4.46},{"type":"A","date":"2018-05-03T05:17:17.000Z","volume":500,"label":" ","price":4.46},{"type":"A","date":"2018-05-03T05:19:17.000Z","volume":2000,"label":" ","price":4.46},{"type":"A","date":"2018-05-03T05:19:19.000Z","volume":36000,"label":" ","price":4.46},{"type":"A","date":"2018-05-03T05:19:19.000Z","volume":2000,"label":" ","price":4.46},{"type":"B","date":"2018-05-03T05:19:19.000Z","volume":500,"label":" ","price":4.46},{"type":"A","date":"2018-05-03T05:19:52.000Z","volume":2000,"label":" ","price":4.47},{"type":"A","date":"2018-05-03T05:20:02.000Z","volume":13000,"label":" ","price":4.47},{"type":"B","date":"2018-05-03T05:20:08.000Z","volume":2500,"label":" ","price":4.47},{"type":"U","date":"2018-05-03T05:20:08.000Z","volume":500,"label":"X","price":4.475},{"type":"U","date":"2018-05-03T05:20:08.000Z","volume":500,"label":"X","price":4.475},{"type":"U","date":"2018-05-03T05:20:08.000Z","volume":500,"label":"X","price":4.475},{"type":"U","date":"2018-05-03T05:20:08.000Z","volume":1000,"label":"X","price":4.475},{"type":"B","date":"2018-05-03T05:20:09.000Z","volume":1500,"label":" ","price":4.47},{"type":"U","date":"2018-05-03T05:20:09.000Z","volume":1500,"label":"X","price":4.475},{"type":"U","date":"2018-05-03T05:20:09.000Z","volume":1000,"label":"X","price":4.475},{"type":"A","date":"2018-05-03T05:20:21.000Z","volume":22500,"label":" ","price":4.48},{"type":"A","date":"2018-05-03T05:20:21.000Z","volume":7500,"label":" ","price":4.49},{"type":"A","date":"2018-05-03T05:20:32.000Z","volume":2000,"label":" ","price":4.49},{"type":"A","date":"2018-05-03T05:21:17.000Z","volume":500,"label":"Y","price":4.49},{"type":"A","date":"2018-05-03T05:21:17.000Z","volume":2000,"label":" ","price":4.49},{"type":"A","date":"2018-05-03T05:21:17.000Z","volume":1000,"label":"Y","price":4.49},{"type":"A","date":"2018-05-03T05:21:17.000Z","volume":500,"label":" ","price":4.49},{"type":"B","date":"2018-05-03T05:21:18.000Z","volume":3500,"label":" ","price":4.49},{"type":"B","date":"2018-05-03T05:21:29.000Z","volume":16000,"label":" ","price":4.48},{"type":"U","date":"2018-05-03T05:21:29.000Z","volume":10500,"label":" ","price":4.48},{"type":"B","date":"2018-05-03T05:21:30.000Z","volume":10000,"label":" ","price":4.47},{"type":"B","date":"2018-05-03T05:24:02.000Z","volume":2000,"label":" ","price":4.46},{"type":"B","date":"2018-05-03T05:24:02.000Z","volume":2000,"label":" ","price":4.46},{"type":"A","date":"2018-05-03T05:24:47.000Z","volume":2000,"label":" ","price":4.48},{"type":"B","date":"2018-05-03T05:25:02.000Z","volume":1500,"label":" ","price":4.46},{"type":"B","date":"2018-05-03T05:25:02.000Z","volume":1500,"label":" ","price":4.46},{"type":"B","date":"2018-05-03T05:25:02.000Z","volume":6500,"label":" ","price":4.46},{"type":"B","date":"2018-05-03T05:25:02.000Z","volume":500,"label":" ","price":4.46},{"type":"A","date":"2018-05-03T05:25:02.000Z","volume":500,"label":"Y","price":4.46},{"type":"B","date":"2018-05-03T05:25:17.000Z","volume":1000,"label":"Y","price":4.45},{"type":"B","date":"2018-05-03T05:25:17.000Z","volume":500,"label":" ","price":4.45},{"type":"B","date":"2018-05-03T05:25:17.000Z","volume":2000,"label":"Y","price":4.45},{"type":"B","date":"2018-05-03T05:25:17.000Z","volume":2000,"label":"Y","price":4.45},{"type":"B","date":"2018-05-03T05:25:17.000Z","volume":1500,"label":"Y","price":4.45},{"type":"B","date":"2018-05-03T05:25:17.000Z","volume":500,"label":" ","price":4.45},{"type":"B","date":"2018-05-03T05:25:17.000Z","volume":3500,"label":" ","price":4.45},{"type":"A","date":"2018-05-03T05:25:59.000Z","volume":21500,"label":" ","price":4.46},{"type":"A","date":"2018-05-03T05:26:01.000Z","volume":4000,"label":" ","price":4.47},{"type":"U","date":"2018-05-03T05:26:01.000Z","volume":500,"label":"X","price":4.47},{"type":"A","date":"2018-05-03T05:28:32.000Z","volume":2500,"label":" ","price":4.47},{"type":"A","date":"2018-05-03T05:28:44.000Z","volume":30000,"label":" ","price":4.47},{"type":"A","date":"2018-05-03T05:28:52.000Z","volume":30000,"label":" ","price":4.47},{"type":"A","date":"2018-05-03T05:28:52.000Z","volume":7500,"label":" ","price":4.47},{"type":"A","date":"2018-05-03T05:29:57.000Z","volume":10000,"label":" ","price":4.48},{"type":"A","date":"2018-05-03T05:30:28.000Z","volume":40000,"label":" ","price":4.48},{"type":"A","date":"2018-05-03T05:30:28.000Z","volume":4500,"label":" ","price":4.48},{"type":"A","date":"2018-05-03T05:30:29.000Z","volume":2000,"label":" ","price":4.49},{"type":"A","date":"2018-05-03T05:30:36.000Z","volume":9500,"label":" ","price":4.49},{"type":"A","date":"2018-05-03T05:30:43.000Z","volume":50000,"label":" ","price":4.5},{"type":"A","date":"2018-05-03T05:30:43.000Z","volume":11000,"label":" ","price":4.5},{"type":"U","date":"2018-05-03T05:30:46.000Z","volume":7500,"label":" ","price":4.5},{"type":"B","date":"2018-05-03T05:30:50.000Z","volume":2500,"label":" ","price":4.5},{"type":"A","date":"2018-05-03T05:31:17.000Z","volume":2500,"label":" ","price":4.51},{"type":"B","date":"2018-05-03T05:31:20.000Z","volume":1500,"label":" ","price":4.5},{"type":"A","date":"2018-05-03T05:31:38.000Z","volume":83000,"label":" ","price":4.51},{"type":"A","date":"2018-05-03T05:32:02.000Z","volume":2500,"label":" ","price":4.52},{"type":"A","date":"2018-05-03T05:32:47.000Z","volume":2500,"label":" ","price":4.52},{"type":"A","date":"2018-05-03T05:32:48.000Z","volume":33000,"label":" ","price":4.52},{"type":"A","date":"2018-05-03T05:32:59.000Z","volume":35000,"label":" ","price":4.53},{"type":"A","date":"2018-05-03T05:32:59.000Z","volume":2500,"label":" ","price":4.53},{"type":"A","date":"2018-05-03T05:33:32.000Z","volume":2500,"label":" ","price":4.54},{"type":"A","date":"2018-05-03T05:34:09.000Z","volume":12500,"label":" ","price":4.54},{"type":"A","date":"2018-05-03T05:34:09.000Z","volume":15500,"label":" ","price":4.55},{"type":"A","date":"2018-05-03T05:34:09.000Z","volume":2000,"label":" ","price":4.56},{"type":"A","date":"2018-05-03T05:34:14.000Z","volume":5500,"label":" ","price":4.56},{"type":"A","date":"2018-05-03T05:34:32.000Z","volume":1500,"label":" ","price":4.56},{"type":"A","date":"2018-05-03T05:34:47.000Z","volume":8500,"label":" ","price":4.56},{"type":"A","date":"2018-05-03T05:34:49.000Z","volume":500,"label":"Y","price":4.56},{"type":"A","date":"2018-05-03T05:34:49.000Z","volume":1500,"label":" ","price":4.56},{"type":"A","date":"2018-05-03T05:35:06.000Z","volume":7500,"label":" ","price":4.56},{"type":"A","date":"2018-05-03T05:35:06.000Z","volume":500,"label":" ","price":4.57},{"type":"A","date":"2018-05-03T05:35:06.000Z","volume":2000,"label":" ","price":4.58},{"type":"A","date":"2018-05-03T05:35:09.000Z","volume":2000,"label":" ","price":4.57},{"type":"A","date":"2018-05-03T05:35:17.000Z","volume":2000,"label":" ","price":4.57},{"type":"A","date":"2018-05-03T05:36:17.000Z","volume":2500,"label":" ","price":4.57},{"type":"B","date":"2018-05-03T05:36:32.000Z","volume":2000,"label":"Y","price":4.54},{"type":"B","date":"2018-05-03T05:36:32.000Z","volume":23500,"label":" ","price":4.54},{"type":"B","date":"2018-05-03T05:36:32.000Z","volume":6000,"label":" ","price":4.54},{"type":"A","date":"2018-05-03T05:36:32.000Z","volume":500,"label":" ","price":4.54},{"type":"A","date":"2018-05-03T05:36:51.000Z","volume":17000,"label":" ","price":4.54},{"type":"A","date":"2018-05-03T05:36:55.000Z","volume":500,"label":" ","price":4.54},{"type":"A","date":"2018-05-03T05:36:56.000Z","volume":2500,"label":" ","price":4.54},{"type":"A","date":"2018-05-03T05:37:09.000Z","volume":2000,"label":" ","price":4.55},{"type":"A","date":"2018-05-03T05:37:41.000Z","volume":2500,"label":" ","price":4.55},{"type":"A","date":"2018-05-03T05:37:47.000Z","volume":2500,"label":" ","price":4.55},{"type":"A","date":"2018-05-03T05:37:47.000Z","volume":2000,"label":" ","price":4.55},{"type":"A","date":"2018-05-03T05:37:47.000Z","volume":2000,"label":" ","price":4.55},{"type":"B","date":"2018-05-03T05:37:47.000Z","volume":1000,"label":" ","price":4.55},{"type":"B","date":"2018-05-03T05:37:47.000Z","volume":1500,"label":" ","price":4.55},{"type":"B","date":"2018-05-03T05:37:47.000Z","volume":500,"label":" ","price":4.55},{"type":"A","date":"2018-05-03T05:37:49.000Z","volume":500,"label":"Y","price":4.56},{"type":"A","date":"2018-05-03T05:37:49.000Z","volume":1500,"label":" ","price":4.56},{"type":"A","date":"2018-05-03T05:40:01.000Z","volume":12500,"label":" ","price":4.55},{"type":"A","date":"2018-05-03T05:40:01.000Z","volume":2500,"label":" ","price":4.55},{"type":"A","date":"2018-05-03T05:40:01.000Z","volume":5000,"label":" ","price":4.55},{"type":"B","date":"2018-05-03T05:40:02.000Z","volume":1000,"label":"Y","price":4.54},{"type":"B","date":"2018-05-03T05:40:02.000Z","volume":500,"label":" ","price":4.54},{"type":"A","date":"2018-05-03T05:40:02.000Z","volume":7500,"label":" ","price":4.54},{"type":"B","date":"2018-05-03T05:40:02.000Z","volume":1000,"label":" ","price":4.54},{"type":"B","date":"2018-05-03T05:40:02.000Z","volume":500,"label":" ","price":4.54},{"type":"A","date":"2018-05-03T05:40:13.000Z","volume":10000,"label":" ","price":4.55},{"type":"A","date":"2018-05-03T05:40:15.000Z","volume":500,"label":" ","price":4.55},{"type":"A","date":"2018-05-03T05:40:16.000Z","volume":500,"label":" ","price":4.55},{"type":"A","date":"2018-05-03T05:40:38.000Z","volume":3000,"label":" ","price":4.56},{"type":"B","date":"2018-05-03T05:41:32.000Z","volume":2000,"label":" ","price":4.55},{"type":"B","date":"2018-05-03T05:41:42.000Z","volume":3500,"label":" ","price":4.55},{"type":"A","date":"2018-05-03T05:41:44.000Z","volume":4500,"label":" ","price":4.56},{"type":"B","date":"2018-05-03T05:41:44.000Z","volume":15500,"label":" ","price":4.56},{"type":"B","date":"2018-05-03T05:42:05.000Z","volume":1500,"label":" ","price":4.55},{"type":"A","date":"2018-05-03T05:42:06.000Z","volume":6000,"label":" ","price":4.56},{"type":"A","date":"2018-05-03T05:43:10.000Z","volume":27000,"label":" ","price":4.57}