[{"type":"B","date":"2018-04-25T01:30:03.000Z","volume":4000,"label":" ","price":2.51},{"type":"A","date":"2018-04-25T01:35:28.000Z","volume":10000,"label":" ","price":2.51},{"type":"B","date":"2018-04-25T01:42:33.000Z","volume":8000,"label":" ","price":2.5},{"type":"B","date":"2018-04-25T01:45:09.000Z","volume":18000,"label":" ","price":2.49},{"type":"B","date":"2018-04-25T01:49:32.000Z","volume":6000,"label":"Y","price":2.5},{"type":"B","date":"2018-04-25T01:50:03.000Z","volume":10000,"label":"Y","price":2.5},{"type":"B","date":"2018-04-25T01:50:46.000Z","volume":10000,"label":"Y","price":2.5},{"type":"B","date":"2018-04-25T01:50:49.000Z","volume":4000,"label":" ","price":2.5},{"type":"B","date":"2018-04-25T01:51:03.000Z","volume":10000,"label":"Y","price":2.5},{"type":"B","date":"2018-04-25T01:51:16.000Z","volume":20000,"label":"Y","price":2.5},{"type":"B","date":"2018-04-25T01:54:00.000Z","volume":4000,"label":" ","price":2.5},{"type":"B","date":"2018-04-25T02:06:02.000Z","volume":6000,"label":"Y","price":2.49},{"type":"B","date":"2018-04-25T02:08:31.000Z","volume":14000,"label":" ","price":2.49},{"type":"B","date":"2018-04-25T02:10:41.000Z","volume":50000,"label":" ","price":2.49},{"type":"B","date":"2018-04-25T02:10:41.000Z","volume":4000,"label":"Y","price":2.49},{"type":"B","date":"2018-04-25T02:10:41.000Z","volume":10000,"label":" ","price":2.49},{"type":"B","date":"2018-04-25T02:22:08.000Z","volume":90000,"label":" ","price":2.48},{"type":"B","date":"2018-04-25T02:33:47.000Z","volume":20000,"label":" ","price":2.48},{"type":"A","date":"2018-04-25T02:39:38.000Z","volume":6000,"label":" ","price":2.5},{"type":"A","date":"2018-04-25T02:46:31.000Z","volume":4000,"label":" ","price":2.5},{"type":"A","date":"2018-04-25T02:59:45.000Z","volume":10000,"label":" ","price":2.5},{"type":"A","date":"2018-04-25T03:04:30.000Z","volume":16000,"label":" ","price":2.5},{"type":"A","date":"2018-04-25T03:05:15.000Z","volume":4000,"label":" ","price":2.5},{"type":"B","date":"2018-04-25T03:17:15.000Z","volume":16000,"label":" ","price":2.49},{"type":"B","date":"2018-04-25T03:23:08.000Z","volume":2000,"label":" ","price":2.49},{"type":"A","date":"2018-04-25T03:26:31.000Z","volume":2000,"label":" ","price":2.5},{"type":"B","date":"2018-04-25T03:38:32.000Z","volume":8000,"label":" ","price":2.49},{"type":"A","date":"2018-04-25T03:38:48.000Z","volume":6000,"label":" ","price":2.5},{"type":"A","date":"2018-04-25T05:00:24.000Z","volume":2000,"label":" ","price":2.5},{"type":"A","date":"2018-04-25T05:02:51.000Z","volume":6000,"label":" ","price":2.5},{"type":"A","date":"2018-04-25T05:02:51.000Z","volume":2000,"label":" ","price":2.5},{"type":"A","date":"2018-04-25T05:10:23.000Z","volume":2000,"label":" ","price":2.5},{"type":"B","date":"2018-04-25T05:11:06.000Z","volume":10000,"label":" ","price":2.49},{"type":"B","date":"2018-04-25T05:11:25.000Z","volume":12000,"label":" ","price":2.49},{"type":"B","date":"2018-04-25T05:11:51.000Z","volume":14000,"label":" ","price":2.49},{"type":"A","date":"2018-04-25T05:18:23.000Z","volume":16000,"label":" ","price":2.5},{"type":"B","date":"2018-04-25T05:20:25.000Z","volume":56000,"label":" ","price":2.49},{"type":"A","date":"2018-04-25T05:20:30.000Z","volume":2000,"label":" ","price":2.5},{"type":"B","date":"2018-04-25T05:39:03.000Z","volume":8000,"label":" ","price":2.49},{"type":"A","date":"2018-04-25T05:39:45.000Z","volume":20000,"label":" ","price":2.5},{"type":"B","date":"2018-04-25T05:53:48.000Z","volume":4000,"label":" ","price":2.49},{"type":"B","date":"2018-04-25T05:53:55.000Z","volume":10000,"label":" ","price":2.49},{"type":"B","date":"2018-04-25T05:54:51.000Z","volume":26000,"label":"Y","price":2.49},{"type":"B","date":"2018-04-25T05:59:20.000Z","volume":16000,"label":" ","price":2.49},{"type":"B","date":"2018-04-25T05:59:24.000Z","volume":12000,"label":" ","price":2.49},{"type":"B","date":"2018-04-25T05:59:54.000Z","volume":14000,"label":"Y","price":2.49},{"type":"B","date":"2018-04-25T05:59:54.000Z","volume":16000,"label":" ","price":2.49},{"type":"A","date":"2018-04-25T05:59:58.000Z","volume":2000,"label":" ","price":2.5},{"type":"B","date":"2018-04-25T06:01:22.000Z","volume":10000,"label":" ","price":2.49},{"type":"A","date":"2018-04-25T06:05:18.000Z","volume":2000,"label":" ","price":2.5},{"type":"A","date":"2018-04-25T06:20:25.000Z","volume":2000,"label":" ","price":2.5},{"type":"A","date":"2018-04-25T06:27:10.000Z","volume":4000,"label":" ","price":2.5},{"type":"A","date":"2018-04-25T06:35:25.000Z","volume":2000,"label":" ","price":2.5},{"type":"A","date":"2018-04-25T06:40:18.000Z","volume":2000,"label":" ","price":2.5},{"type":"B","date":"2018-04-25T07:03:23.000Z","volume":40000,"label":" ","price":2.49},{"type":"B","date":"2018-04-25T07:03:25.000Z","volume":12000,"label":" ","price":2.49},{"type":"B","date":"2018-04-25T07:04:52.000Z","volume":4000,"label":" ","price":2.49},{"type":"A","date":"2018-04-25T07:05:26.000Z","volume":2000,"label":" ","price":2.5},{"type":"B","date":"2018-04-25T07:05:54.000Z","volume":26000,"label":" ","price":2.49},{"type":"A","date":"2018-04-25T07:05:54.000Z","volume":2000,"label":" ","price":2.5},{"type":"A","date":"2018-04-25T07:08:07.000Z","volume":10000,"label":" ","price":2.5},{"type":"B","date":"2018-04-25T07:08:13.000Z","volume":12000,"label":" ","price":2.49},{"type":"B","date":"2018-04-25T07:14:51.000Z","volume":100000,"label":" ","price":2.49},{"type":"B","date":"2018-04-25T07:15:01.000Z","volume":12000,"label":" ","price":2.49},{"type":"B","date":"2018-04-25T07:17:49.000Z","volume":2000,"label":" ","price":2.49},{"type":"A","date":"2018-04-25T07:17:51.000Z","volume":2000,"label":" ","price":2.5},{"type":"B","date":"2018-04-25T07:18:34.000Z","volume":50000,"label":" ","price":2.49},{"type":"B","date":"2018-04-25T07:18:39.000Z","volume":16000,"label":" ","price":2.49},{"type":"B","date":"2018-04-25T07:18:52.000Z","volume":22000,"label":" ","price":2.49},{"type":"B","date":"2018-04-25T07:20:52.000Z","volume":6000,"label":" ","price":2.49},{"type":"B","date":"2018-04-25T07:21:48.000Z","volume":4000,"label":" ","price":2.49},{"type":"B","date":"2018-04-25T07:25:22.000Z","volume":2000,"label":"Y","price":2.49},{"type":"A","date":"2018-04-25T07:36:58.000Z","volume":2000,"label":" ","price":2.5},{"type":"A","date":"2018-04-25T07:45:21.000Z","volume":20000,"label":" ","price":2.5},{"type":"A","date":"2018-04-25T07:47:47.000Z","volume":2000,"label":" ","price":2.5},{"type":"A","date":"2018-04-25T07:51:03.000Z","volume":2000,"label":" ","price":2.5},{"type":"A","date":"2018-04-25T07:52:53.000Z","volume":2000,"label":" ","price":2.5},{"type":"B","date":"2018-04-25T07:53:03.000Z","volume":18000,"label":" ","price":2.49},{"type":"B","date":"2018-04-25T07:57:37.000Z","volume":2000,"label":"Y","price":2.49},{"type":"B","date":"2018-04-25T07:57:37.000Z","volume":4000,"label":" ","price":2.49},{"type":"B","date":"2018-04-25T07:58:00.000Z","volume":6000,"label":" ","price":2.49},{"type":"U","date":"2018-04-25T08:08:25.000Z","volume":2000,"label":"U","price":2.5}]