[{"type":"U","date":"2018-04-11T01:20:00.000Z","volume":28000,"label":"U","price":7.02},{"type":"A","date":"2018-04-11T01:30:00.000Z","volume":38500,"label":" ","price":7.02},{"type":"A","date":"2018-04-11T01:30:40.000Z","volume":7000,"label":"Y","price":7.12},{"type":"A","date":"2018-04-11T01:30:40.000Z","volume":3000,"label":" ","price":7.12},{"type":"A","date":"2018-04-11T01:31:22.000Z","volume":500,"label":"Y","price":7.14},{"type":"A","date":"2018-04-11T01:31:22.000Z","volume":1000,"label":" ","price":7.14},{"type":"B","date":"2018-04-11T01:32:43.000Z","volume":1000,"label":"Y","price":7.07},{"type":"B","date":"2018-04-11T01:32:43.000Z","volume":1500,"label":" ","price":7.07},{"type":"B","date":"2018-04-11T01:33:18.000Z","volume":1000,"label":" ","price":7.08},{"type":"B","date":"2018-04-11T01:33:36.000Z","volume":500,"label":" ","price":7.08},{"type":"B","date":"2018-04-11T01:34:35.000Z","volume":500,"label":" ","price":7.09},{"type":"B","date":"2018-04-11T01:34:43.000Z","volume":500,"label":" ","price":7.09},{"type":"U","date":"2018-04-11T01:34:51.000Z","volume":500,"label":" ","price":7.1},{"type":"U","date":"2018-04-11T01:35:05.000Z","volume":500,"label":" ","price":7.1},{"type":"A","date":"2018-04-11T01:35:31.000Z","volume":5000,"label":" ","price":7.11},{"type":"A","date":"2018-04-11T01:36:51.000Z","volume":8000,"label":" ","price":7.12},{"type":"A","date":"2018-04-11T01:37:17.000Z","volume":16000,"label":" ","price":7.12},{"type":"B","date":"2018-04-11T01:37:17.000Z","volume":3000,"label":" ","price":7.11},{"type":"B","date":"2018-04-11T01:37:32.000Z","volume":10500,"label":" ","price":7.11},{"type":"B","date":"2018-04-11T01:37:32.000Z","volume":500,"label":" ","price":7.11},{"type":"B","date":"2018-04-11T01:37:52.000Z","volume":500,"label":" ","price":7.11},{"type":"A","date":"2018-04-11T01:38:42.000Z","volume":10000,"label":" ","price":7.11},{"type":"B","date":"2018-04-11T01:39:02.000Z","volume":10000,"label":" ","price":7.11},{"type":"B","date":"2018-04-11T01:39:02.000Z","volume":3000,"label":" ","price":7.11},{"type":"B","date":"2018-04-11T01:39:14.000Z","volume":1000,"label":" ","price":7.11},{"type":"A","date":"2018-04-11T01:39:19.000Z","volume":28500,"label":" ","price":7.12},{"type":"A","date":"2018-04-11T01:39:38.000Z","volume":7000,"label":" ","price":7.12},{"type":"A","date":"2018-04-11T01:39:57.000Z","volume":18000,"label":" ","price":7.12},{"type":"A","date":"2018-04-11T01:40:17.000Z","volume":17000,"label":" ","price":7.12},{"type":"B","date":"2018-04-11T01:40:19.000Z","volume":11000,"label":" ","price":7.11},{"type":"B","date":"2018-04-11T01:40:19.000Z","volume":26000,"label":" ","price":7.11},{"type":"B","date":"2018-04-11T01:40:19.000Z","volume":1000,"label":" ","price":7.11},{"type":"B","date":"2018-04-11T01:40:32.000Z","volume":2500,"label":" ","price":7.11},{"type":"U","date":"2018-04-11T01:40:46.000Z","volume":17000,"label":" ","price":7.12},{"type":"A","date":"2018-04-11T01:41:03.000Z","volume":7000,"label":" ","price":7.12},{"type":"A","date":"2018-04-11T01:41:16.000Z","volume":10000,"label":" ","price":7.12},{"type":"A","date":"2018-04-11T01:41:42.000Z","volume":500,"label":"Y","price":7.13},{"type":"B","date":"2018-04-11T01:42:18.000Z","volume":2500,"label":" ","price":7.11},{"type":"B","date":"2018-04-11T01:42:31.000Z","volume":15500,"label":" ","price":7.11},{"type":"A","date":"2018-04-11T01:44:18.000Z","volume":5000,"label":"Y","price":7.12},{"type":"A","date":"2018-04-11T01:46:10.000Z","volume":23000,"label":"Y","price":7.12},{"type":"A","date":"2018-04-11T01:46:34.000Z","volume":22000,"label":"Y","price":7.12},{"type":"A","date":"2018-04-11T01:46:34.000Z","volume":38000,"label":" ","price":7.12},{"type":"A","date":"2018-04-11T01:46:36.000Z","volume":43500,"label":" ","price":7.12},{"type":"A","date":"2018-04-11T01:46:36.000Z","volume":86500,"label":"Y","price":7.13},{"type":"A","date":"2018-04-11T01:46:36.000Z","volume":36000,"label":" ","price":7.13},{"type":"B","date":"2018-04-11T01:46:39.000Z","volume":3000,"label":" ","price":7.13},{"type":"A","date":"2018-04-11T01:47:30.000Z","volume":10500,"label":" ","price":7.15},{"type":"B","date":"2018-04-11T01:47:30.000Z","volume":2500,"label":" ","price":7.13},{"type":"U","date":"2018-04-11T01:48:19.000Z","volume":1500,"label":" ","price":7.14},{"type":"B","date":"2018-04-11T01:48:20.000Z","volume":3000,"label":" ","price":7.14},{"type":"B","date":"2018-04-11T01:48:20.000Z","volume":2500,"label":" ","price":7.14},{"type":"A","date":"2018-04-11T01:48:32.000Z","volume":2500,"label":" ","price":7.15},{"type":"B","date":"2018-04-11T01:48:32.000Z","volume":2500,"label":" ","price":7.14},{"type":"B","date":"2018-04-11T01:48:32.000Z","volume":3000,"label":" ","price":7.14},{"type":"B","date":"2018-04-11T01:48:32.000Z","volume":1000,"label":" ","price":7.14},{"type":"B","date":"2018-04-11T01:48:33.000Z","volume":500,"label":" ","price":7.14},{"type":"B","date":"2018-04-11T01:48:33.000Z","volume":500,"label":" ","price":7.14},{"type":"A","date":"2018-04-11T01:48:45.000Z","volume":10000,"label":" ","price":7.15},{"type":"A","date":"2018-04-11T01:49:09.000Z","volume":10000,"label":" ","price":7.15},{"type":"A","date":"2018-04-11T01:49:14.000Z","volume":3500,"label":" ","price":7.15},{"type":"B","date":"2018-04-11T01:49:14.000Z","volume":2500,"label":" ","price":7.15},{"type":"B","date":"2018-04-11T01:49:15.000Z","volume":2500,"label":" ","price":7.15},{"type":"B","date":"2018-04-11T01:49:24.000Z","volume":2000,"label":" ","price":7.15},{"type":"B","date":"2018-04-11T01:49:24.000Z","volume":3000,"label":" ","price":7.14},{"type":"B","date":"2018-04-11T01:49:39.000Z","volume":1000,"label":" ","price":7.15},{"type":"A","date":"2018-04-11T01:49:40.000Z","volume":23500,"label":" ","price":7.16},{"type":"B","date":"2018-04-11T01:49:40.000Z","volume":2500,"label":" ","price":7.16},{"type":"B","date":"2018-04-11T01:49:40.000Z","volume":1000,"label":" ","price":7.16},{"type":"B","date":"2018-04-11T01:49:48.000Z","volume":500,"label":" ","price":7.16},{"type":"B","date":"2018-04-11T01:50:33.000Z","volume":1000,"label":" ","price":7.16},{"type":"B","date":"2018-04-11T01:50:33.000Z","volume":3000,"label":" ","price":7.15},{"type":"B","date":"2018-04-11T01:50:40.000Z","volume":7000,"label":" ","price":7.15},{"type":"B","date":"2018-04-11T01:51:22.000Z","volume":12500,"label":" ","price":7.14},{"type":"B","date":"2018-04-11T01:51:50.000Z","volume":2500,"label":" ","price":7.14},{"type":"A","date":"2018-04-11T01:52:11.000Z","volume":9500,"label":" ","price":7.15},{"type":"B","date":"2018-04-11T01:52:11.000Z","volume":3000,"label":" ","price":7.14},{"type":"B","date":"2018-04-11T01:53:31.000Z","volume":4000,"label":" ","price":7.14},{"type":"A","date":"2018-04-11T01:53:36.000Z","volume":2000,"label":"Y","price":7.15},{"type":"A","date":"2018-04-11T01:53:36.000Z","volume":33000,"label":" ","price":7.15},{"type":"B","date":"2018-04-11T01:53:36.000Z","volume":2500,"label":" ","price":7.15},{"type":"A","date":"2018-04-11T01:53:45.000Z","volume":8000,"label":" ","price":7.16},{"type":"A","date":"2018-04-11T01:53:45.000Z","volume":500,"label":" ","price":7.17},{"type":"A","date":"2018-04-11T01:53:47.000Z","volume":5500,"label":" ","price":7.19},{"type":"B","date":"2018-04-11T01:53:47.000Z","volume":3000,"label":" ","price":7.19},{"type":"B","date":"2018-04-11T01:53:47.000Z","volume":4500,"label":" ","price":7.19},{"type":"A","date":"2018-04-11T01:54:14.000Z","volume":2000,"label":"Y","price":7.2},{"type":"B","date":"2018-04-11T01:54:45.000Z","volume":3000,"label":" ","price":7.15},{"type":"A","date":"2018-04-11T01:54:59.000Z","volume":20000,"label":" ","price":7.2},{"type":"B","date":"2018-04-11T01:55:00.000Z","volume":3000,"label":" ","price":7.15},{"type":"B","date":"2018-04-11T01:55:20.000Z","volume":3000,"label":" ","price":7.16},{"type":"B","date":"2018-04-11T01:56:12.000Z","volume":2500,"label":" ","price":7.16},{"type":"B","date":"2018-04-11T01:57:50.000Z","volume":2500,"label":" ","price":7.16},{"type":"A","date":"2018-04-11T01:58:18.000Z","volume":2000,"label":"Y","price":7.18},{"type":"A","date":"2018-04-11T01:58:18.000Z","volume":13000,"label":" ","price":7.18},{"type":"A","date":"2018-04-11T01:58:18.000Z","volume":4000,"label":" ","price":7.19},{"type":"A","date":"2018-04-11T01:58:18.000Z","volume":11000,"label":" ","price":7.2},{"type":"A","date":"2018-04-11T01:58:18.000Z","volume":10000,"label":" ","price":7.2},{"type":"B","date":"2018-04-11T01:58:19.000Z","volume":2500,"label":" ","price":7.16},{"type":"A","date":"2018-04-11T01:58:19.000Z","volume":500,"label":" ","price":7.21},{"type":"B","date":"2018-04-11T01:58:20.000Z","volume":4000,"label":"Y","price":7.16},{"type":"U","date":"2018-04-11T01:59:05.000Z","volume":500,"label":"X","price":7.2},{"type":"U","date":"2018-04-11T01:59:09.000Z","volume":2500,"label":"X","price":7.2},{"type":"B","date":"2018-04-11T01:59:20.000Z","volume":3000,"label":" ","price":7.19},{"type":"A","date":"2018-04-11T01:59:47.000Z","volume":500,"label":" ","price":7.2},{"type":"A","date":"2018-04-11T01:59:47.000Z","volume":500,"label":" ","price":7.2},{"type":"A","date":"2018-04-11T01:59:47.000Z","volume":500,"label":" ","price":7.2},{"type":"A","date":"2018-04-11T01:59:47.000Z","volume":500,"label":" ","price":7.2},{"type":"B","date":"2018-04-11T01:59:47.000Z","volume":2500,"label":" ","price":7.19},{"type":"B","date":"2018-04-11T02:00:17.000Z","volume":2000,"label":" ","price":7.19},{"type":"B","date":"2018-04-11T02:00:17.000Z","volume":2500,"label":" ","price":7.19},{"type":"B","date":"2018-04-11T02:00:17.000Z","volume":2500,"label":" ","price":7.17},{"type":"B","date":"2018-04-11T02:02:18.000Z","volume":2500,"label":" ","price":7.17},{"type":"B","date":"2018-04-11T02:02:34.000Z","volume":3000,"label":" ","price":7.17},{"type":"A","date":"2018-04-11T02:02:42.000Z","volume":4500,"label":" ","price":7.19},{"type":"B","date":"2018-04-11T02:02:42.000Z","volume":1500,"label":" ","price":7.17},{"type":"A","date":"2018-04-11T02:02:48.000Z","volume":7000,"label":" ","price":7.19},{"type":"B","date":"2018-04-11T02:02:49.000Z","volume":3000,"label":" ","price":7.19},{"type":"B","date":"2018-04-11T02:02:49.000Z","volume":2500,"label":" ","price":7.17},{"type":"U","date":"2018-04-11T02:02:50.000Z","volume":10000,"label":" ","price":7.18},{"type":"B","date":"2018-04-11T02:03:03.000Z","volume":500,"label":" ","price":7.17},{"type":"B","date":"2018-04-11T02:04:06.000Z","volume":2500,"label":" ","price":7.18},{"type":"B","date":"2018-04-11T02:04:27.000Z","volume":5000,"label":" ","price":7.18},{"type":"B","date":"2018-04-11T02:05:43.000Z","volume":3000,"label":" ","price":7.18},{"type":"A","date":"2018-04-11T02:05:49.000Z","volume":5000,"label":" ","price":7.2},{"type":"B","date":"2018-04-11T02:05:49.000Z","volume":1000,"label":" ","price":7.18},{"type":"A","date":"2018-04-11T02:06:17.000Z","volume":500,"label":" ","price":7.2},{"type":"A","date":"2018-04-11T02:07:15.000Z","volume":8000,"label":" ","price":7.2},{"type":"A","date":"2018-04-11T02:07:15.000Z","volume":2000,"label":" ","price":7.2},{"type":"B","date":"2018-04-11T02:07:15.000Z","volume":2500,"label":" ","price":7.19},{"type":"B","date":"2018-04-11T02:08:32.000Z","volume":3000,"label":" ","price":7.2},{"type":"B","date":"2018-04-11T02:08:47.000Z","volume":3000,"label":"Y","price":7.2},{"type":"B","date":"2018-04-11T02:09:53.000Z","volume":2500,"label":" ","price":7.2},{"type":"A","date":"2018-04-11T02:10:43.000Z","volume":1500,"label":" ","price":7.21},{"type":"B","date":"2018-04-11T02:10:44.000Z","volume":500,"label":" ","price":7.2},{"type":"A","date":"2018-04-11T02:10:54.000Z","volume":10000,"label":" ","price":7.21},{"type":"B","date":"2018-04-11T02:11:23.000Z","volume":3000,"label":" ","price":7.2},{"type":"A","date":"2018-04-11T02:11:48.000Z","volume":10000,"label":" ","price":7.21},{"type":"B","date":"2018-04-11T02:12:55.000Z","volume":1500,"label":"Y","price":7.2},{"type":"B","date":"2018-04-11T02:12:59.000Z","volume":500,"label":" ","price":7.2},{"type":"A","date":"2018-04-11T02:13:52.000Z","volume":17500,"label":" ","price":7.21},{"type":"B","date":"2018-04-11T02:13:55.000Z","volume":3000,"label":" ","price":7.21},{"type":"B","date":"2018-04-11T02:14:45.000Z","volume":26000,"label":" ","price":7.21},{"type":"B","date":"2018-04-11T02:14:46.000Z","volume":3000,"label":" ","price":7.2},{"type":"B","date":"2018-04-11T02:14:46.000Z","volume":2500,"label":" ","price":7.2},{"type":"A","date":"2018-04-11T02:14:47.000Z","volume":1000,"label":"Y","price":7.22},{"type":"A","date":"2018-04-11T02:14:47.000Z","volume":9000,"label":" ","price":7.22},{"type":"B","date":"2018-04-11T02:14:53.000Z","volume":2500,"label":" ","price":7.21},{"type":"B","date":"2018-04-11T02:14:54.000Z","volume":3000,"label":" ","price":7.21},{"type":"B","date":"2018-04-11T02:14:54.000Z","volume":4500,"label":" ","price":7.21},{"type":"B","date":"2018-04-11T02:14:59.000Z","volume":2500,"label":" ","price":7.21},{"type":"A","date":"2018-04-11T02:15:59.000Z","volume":20000,"label":" ","price":7.22},{"type":"A","date":"2018-04-11T02:15:59.000Z","volume":8500,"label":" ","price":7.22},{"type":"A","date":"2018-04-11T02:15:59.000Z","volume":2500,"label":" ","price":7.23},{"type":"B","date":"2018-04-11T02:15:59.000Z","volume":3000,"label":" ","price":7.21},{"type":"A","date":"2018-04-11T02:17:32.000Z","volume":500,"label":" ","price":7.23},{"type":"A","date":"2018-04-11T02:17:32.000Z","volume":500,"label":" ","price":7.23},{"type":"A","date":"2018-04-11T02:17:32.000Z","volume":500,"label":" ","price":7.23},{"type":"B","date":"2018-04-11T02:17:32.000Z","volume":1500,"label":" ","price":7.22},{"type":"B","date":"2018-04-11T02:17:41.000Z","volume":500,"label":" ","price":7.22},{"type":"B","date":"2018-04-11T02:17:57.000Z","volume":500,"label":" ","price":7.22},{"type":"A","date":"2018-04-11T02:18:32.000Z","volume":4500,"label":" ","price":7.23},{"type":"B","date":"2018-04-11T02:18:32.000Z","volume":500,"label":" ","price":7.23},{"type":"B","date":"2018-04-11T02:18:34.000Z","volume":2500,"label":" ","price":7.23},{"type":"A","date":"2018-04-11T02:20:31.000Z","volume":500,"label":"Y","price":7.24},{"type":"A","date":"2018-04-11T02:20:31.000Z","volume":1000,"label":" ","price":7.24},{"type":"A","date":"2018-04-11T02:20:31.000Z","volume":500,"label":" ","price":7.24},{"type":"B","date":"2018-04-11T02:20:32.000Z","volume":1000,"label":" ","price":7.23},{"type":"A","date":"2018-04-11T02:21:26.000Z","volume":1000,"label":" ","price":7.24},{"type":"A","date":"2018-04-11T02:21:33.000Z","volume":500,"label":" ","price":7.24},{"type":"A","date":"2018-04-11T02:21:33.000Z","volume":2000,"label":"Y","price":7.24},{"type":"B","date":"2018-04-11T02:21:33.000Z","volume":500,"label":" ","price":7.23},{"type":"B","date":"2018-04-11T02:21:34.000Z","volume":26000,"label":" ","price":7.23},{"type":"B","date":"2018-04-11T02:21:34.000Z","volume":1000,"label":" ","price":7.22},{"type":"B","date":"2018-04-11T02:21:35.000Z","volume":2500,"label":" ","price":7.22},{"type":"B","date":"2018-04-11T02:21:35.000Z","volume":3000,"label":" ","price":7.22},{"type":"B","date":"2018-04-11T02:21:36.000Z","volume":3000,"label":" ","price":7.22},{"type":"B","date":"2018-04-11T02:21:36.000Z","volume":2500,"label":" ","price":7.22},{"type":"B","date":"2018-04-11T02:21:37.000Z","volume":2000,"label":" ","price":7.22},{"type":"B","date":"2018-04-11T02:21:50.000Z","volume":3000,"label":" ","price":7.22},{"type":"A","date":"2018-04-11T02:22:00.000Z","volume":10000,"label":" ","price":7.23},{"type":"A","date":"2018-04-11T02:22:00.000Z","volume":500,"label":" ","price":7.23},{"type":"B","date":"2018-04-11T02:22:00.000Z","volume":2000,"label":" ","price":7.22},{"type":"B","date":"2018-04-11T02:22:00.000Z","volume":1000,"label":" ","price":7.22},{"type":"U","date":"2018-04-11T02:22:18.000Z","volume":1000,"label":" ","price":7.22},{"type":"A","date":"2018-04-11T02:22:33.000Z","volume":500,"label":" ","price":7.23},{"type":"A","date":"2018-04-11T02:22:33.000Z","volume":1500,"label":" ","price":7.23},{"type":"B","date":"2018-04-11T02:23:09.000Z","volume":3000,"label":" ","price":7.21},{"type":"A","date":"2018-04-11T02:23:33.000Z","volume":2000,"label":" ","price":7.23},{"type":"A","date":"2018-04-11T02:23:33.000Z","volume":500,"label":" ","price":7.23},{"type":"A","date":"2018-04-11T02:24:02.000Z","volume":5500,"label":" ","price":7.23},{"type":"A","date":"2018-04-11T02:24:10.000Z","volume":2000,"label":" ","price":7.23},{"type":"A","date":"2018-04-11T02:24:10.000Z","volume":18000,"label":" ","price":7.23},{"type":"B","date":"2018-04-11T02:24:12.000Z","volume":2500,"label":" ","price":7.22},{"type":"A","date":"2018-04-11T02:24:33.000Z","volume":500,"label":"Y","price":7.24},{"type":"A","date":"2018-04-11T02:24:33.000Z","volume":1500,"label":"Y","price":7.24},{"type":"B","date":"2018-04-11T02:24:41.000Z","volume":3000,"label":" ","price":7.22},{"type":"B","date":"2018-04-11T02:24:53.000Z","volume":1000,"label":"Y","price":7.22},{"type":"B","date":"2018-04-11T02:24:53.000Z","volume":2500,"label":" ","price":7.22},{"type":"A","date":"2018-04-11T02:25:33.000Z","volume":500,"label":"Y","price":7.24},{"type":"A","date":"2018-04-11T02:25:33.000Z","volume":500,"label":"Y","price":7.24},{"type":"A","date":"2018-04-11T02:25:33.000Z","volume":1500,"label":" ","price":7.24},{"type":"B","date":"2018-04-11T02:25:33.000Z","volume":3000,"label":" ","price":7.21},{"type":"A","date":"2018-04-11T02:26:33.000Z","volume":500,"label":" ","price":7.24},{"type":"B","date":"2018-04-11T02:26:33.000Z","volume":2500,"label":" ","price":7.21},{"type":"A","date":"2018-04-11T02:26:33.000Z","volume":1500,"label":" ","price":7.24},{"type":"A","date":"2018-04-11T02:27:34.000Z","volume":1500,"label":" ","price":7.24},{"type":"A","date":"2018-04-11T02:27:34.000Z","volume":500,"label":" ","price":7.24},{"type":"B","date":"2018-04-11T02:27:34.000Z","volume":1500,"label":" ","price":7.21},{"type":"B","date":"2018-04-11T02:28:00.000Z","volume":1000,"label":" ","price":7.22},{"type":"B","date":"2018-04-11T02:28:20.000Z","volume":2500,"label":"Y","price":7.22},{"type":"B","date":"2018-04-11T02:28:23.000Z","volume":500,"label":" ","price":7.23},{"type":"B","date":"2018-04-11T02:28:25.000Z","volume":500,"label":" ","price":7.23},{"type":"A","date":"2018-04-11T02:28:34.000Z","volume":2000,"label":" ","price":7.24},{"type":"A","date":"2018-04-11T02:28:34.000Z","volume":9500,"label":" ","price":7.24},{"type":"A","date":"2018-04-11T02:28:34.000Z","volume":7000,"label":" ","price":7.25},{"type":"B","date":"2018-04-11T02:28:35.000Z","volume":2000,"label":" ","price":7.24},{"type":"A","date":"2018-04-11T02:29:34.000Z","volume":500,"label":"Y","price":7.27},{"type":"A","date":"2018-04-11T02:29:34.000Z","volume":1000,"label":" ","price":7.27},{"type":"A","date":"2018-04-11T02:29:34.000Z","volume":500,"label":" ","price":7.27},{"type":"B","date":"2018-04-11T02:29:34.000Z","volume":1500,"label":" ","price":7.23},{"type":"B","date":"2018-04-11T02:30:07.000Z","volume":2000,"label":" ","price":7.22},{"type":"A","date":"2018-04-11T02:30:34.000Z","volume":2000,"label":" ","price":7.27},{"type":"B","date":"2018-04-11T02:31:20.000Z","volume":500,"label":" ","price":7.23},{"type":"A","date":"2018-04-11T02:31:27.000Z","volume":2000,"label":"Y","price":7.26},{"type":"A","date":"2018-04-11T02:31:27.000Z","volume":14500,"label":" ","price":7.26},{"type":"B","date":"2018-04-11T02:31:27.000Z","volume":2000,"label":" ","price":7.23},{"type":"A","date":"2018-04-11T02:31:29.000Z","volume":7000,"label":" ","price":7.26},{"type":"A","date":"2018-04-11T02:31:29.000Z","volume":3000,"label":" ","price":7.27},{"type":"B","date":"2018-04-11T02:31:29.000Z","volume":2500,"label":" ","price":7.23},{"type":"A","date":"2018-04-11T02:31:34.000Z","volume":1500,"label":" ","price":7.27},{"type":"A","date":"2018-04-11T02:31:34.000Z","volume":500,"label":" ","price":7.27},{"type":"A","date":"2018-04-11T02:31:38.000Z","volume":500,"label":" ","price":7.27},{"type":"B","date":"2018-04-11T02:32:22.000Z","volume":2500,"label":" ","price":7.23},{"type":"A","date":"2018-04-11T02:32:34.000Z","volume":500,"label":" ","price":7.27},{"type":"A","date":"2018-04-11T02:32:34.000Z","volume":1500,"label":" ","price":7.27},{"type":"B","date":"2018-04-11T02:33:08.000Z","volume":2500,"label":" ","price":7.23},{"type":"B","date":"2018-04-11T02:33:08.000Z","volume":2000,"label":" ","price":7.22},{"type":"A","date":"2018-04-11T02:33:35.000Z","volume":2000,"label":" ","price":7.27},{"type":"A","date":"2018-04-11T02:33:35.000Z","volume":500,"label":" ","price":7.27},{"type":"B","date":"2018-04-11T02:34:27.000Z","volume":1500,"label":" ","price":7.23},{"type":"A","date":"2018-04-11T02:34:35.000Z","volume":500,"label":" ","price":7.26},{"type":"A","date":"2018-04-11T02:34:35.000Z","volume":1500,"label":" ","price":7.26},{"type":"B","date":"2018-04-11T02:34:58.000Z","volume":1000,"label":" ","price":7.24},{"type":"B","date":"2018-04-11T02:35:09.000Z","volume":500,"label":" ","price":7.24},{"type":"B","date":"2018-04-11T02:35:09.000Z","volume":49500,"label":" ","price":7.23},{"type":"B","date":"2018-04-11T02:35:12.000Z","volume":500,"label":" ","price":7.23},{"type":"A","date":"2018-04-11T02:35:35.000Z","volume":500,"label":" ","price":7.26},{"type":"A","date":"2018-04-11T02:35:35.000Z","volume":2000,"label":" ","price":7.26},{"type":"B","date":"2018-04-11T02:35:35.000Z","volume":2500,"label":" ","price":7.22},{"type":"A","date":"2018-04-11T02:36:35.000Z","volume":1500,"label":" ","price":7.26},{"type":"A","date":"2018-04-11T02:36:35.000Z","volume":500,"label":" ","price":7.26},{"type":"B","date":"2018-04-11T02:37:23.000Z","volume":3000,"label":" ","price":7.23},{"type":"A","date":"2018-04-11T02:37:35.000Z","volume":2000,"label":" ","price":7.26},{"type":"A","date":"2018-04-11T02:37:35.000Z","volume":500,"label":" ","price":7.26},{"type":"U","date":"2018-04-11T02:38:30.000Z","volume":2000,"label":" ","price":7.25},{"type":"A","date":"2018-04-11T02:38:35.000Z","volume":500,"label":" ","price":7.25},{"type":"A","date":"2018-04-11T02:38:35.000Z","volume":1500,"label":" ","price":7.25},{"type":"B","date":"2018-04-11T02:38:40.000Z","volume":3000,"label":" ","price":7.23},{"type":"A","date":"2018-04-11T02:39:35.000Z","volume":1500,"label":" ","price":7.25},{"type":"A","date":"2018-04-11T02:39:35.000Z","volume":500,"label":" ","price":7.25},{"type":"B","date":"2018-04-11T02:40:32.000Z","volume":3000,"label":" ","price":7.23},{"type":"A","date":"2018-04-11T02:40:36.000Z","volume":500,"label":" ","price":7.25},{"type":"A","date":"2018-04-11T02:40:36.000Z","volume":2000,"label":" ","price":7.25},{"type":"A","date":"2018-04-11T02:41:06.000Z","volume":10000,"label":" ","price":7.25},{"type":"A","date":"2018-04-11T02:41:36.000Z","volume":500,"label":" ","price":7.25},{"type":"A","date":"2018-04-11T02:41:36.000Z","volume":1500,"label":" ","price":7.25},{"type":"B","date":"2018-04-11T02:41:36.000Z","volume":3000,"label":" ","price":7.23},{"type":"B","date":"2018-04-11T02:42:02.000Z","volume":500,"label":" ","price":7.24},{"type":"B","date":"2018-04-11T02:42:15.000Z","volume":500,"label":" ","price":7.23},{"type":"A","date":"2018-04-11T02:42:36.000Z","volume":500,"label":" ","price":7.25},{"type":"A","date":"2018-04-11T02:42:36.000Z","volume":2000,"label":" ","price":7.25},{"type":"B","date":"2018-04-11T02:42:36.000Z","volume":2500,"label":" ","price":7.23},{"type":"B","date":"2018-04-11T02:43:25.000Z","volume":10000,"label":" ","price":7.24},{"type":"A","date":"2018-04-11T02:43:36.000Z","volume":1500,"label":" ","price":7.25},{"type":"A","date":"2018-04-11T02:43:36.000Z","volume":500,"label":" ","price":7.25},{"type":"B","date":"2018-04-11T02:43:36.000Z","volume":3000,"label":" ","price":7.23},{"type":"A","date":"2018-04-11T02:44:36.000Z","volume":2000,"label":"Y","price":7.24},{"type":"A","date":"2018-04-11T02:44:36.000Z","volume":500,"label":" ","price":7.24},{"type":"B","date":"2018-04-11T02:45:31.000Z","volume":3000,"label":" ","price":7.23},{"type":"A","date":"2018-04-11T02:45:36.000Z","volume":500,"label":" ","price":7.24},{"type":"A","date":"2018-04-11T02:45:36.000Z","volume":1500,"label":" ","price":7.24},{"type":"A","date":"2018-04-11T02:45:39.000Z","volume":10000,"label":" ","price":7.24},{"type":"B","date":"2018-04-11T02:45:39.000Z","volume":2500,"label":" ","price":7.23},{"type":"A","date":"2018-04-11T02:45:44.000Z","volume":1000,"label":" ","price":7.24},{"type":"A","date":"2018-04-11T02:46:37.000Z","volume":1500,"label":" ","price":7.24},{"type":"A","date":"2018-04-11T02:46:37.000Z","volume":500,"label":" ","price":7.24},{"type":"B","date":"2018-04-11T02:46:37.000Z","volume":2500,"label":" ","price":7.23},{"type":"A","date":"2018-04-11T02:46:47.000Z","volume":500,"label":" ","price":7.24},{"type":"A","date":"2018-04-11T02:46:47.000Z","volume":500,"label":" ","price":7.24},{"type":"A","date":"2018-04-11T02:46:47.000Z","volume":500,"label":" ","price":7.24},{"type":"A","date":"2018-04-11T02:46:47.000Z","volume":500,"label":" ","price":7.24},{"type":"B","date":"2018-04-11T02:46:47.000Z","volume":2500,"label":" ","price":7.23},{"type":"A","date":"2018-04-11T02:47:06.000Z","volume":3500,"label":" ","price":7.24},{"type":"A","date":"2018-04-11T02:47:37.000Z","volume":500,"label":" ","price":7.25},{"type":"A","date":"2018-04-11T02:47:37.000Z","volume":2000,"label":" ","price":7.25},{"type":"B","date":"2018-04-11T02:47:37.000Z","volume":2500,"label":" ","price":7.24},{"type":"A","date":"2018-04-11T02:48:37.000Z","volume":1500,"label":" ","price":7.25},{"type":"A","date":"2018-04-11T02:48:37.000Z","volume":500,"label":" ","price":7.25},{"type":"A","date":"2018-04-11T02:49:28.000Z","volume":1000,"label":" ","price":7.25},{"type":"A","date":"2018-04-11T02:49:32.000Z","volume":13000,"label":" ","price":7.25},{"type":"B","date":"2018-04-11T02:49:33.000Z","volume":2500,"label":" ","price":7.25},{"type":"A","date":"2018-04-11T02:49:37.000Z","volume":500,"label":" ","price":7.26},{"type":"A","date":"2018-04-11T02:49:37.000Z","volume":2000,"label":" ","price":7.26},{"type":"A","date":"2018-04-11T02:50:37.000Z","volume":1500,"label":" ","price":7.26},{"type":"A","date":"2018-04-11T02:50:37.000Z","volume":500,"label":" ","price":7.26},{"type":"B","date":"2018-04-11T02:50:37.000Z","volume":2500,"label":" ","price":7.25},{"type":"A","date":"2018-04-11T02:51:17.000Z","volume":500,"label":" ","price":7.26},{"type":"A","date":"2018-04-11T02:51:37.000Z","volume":1500,"label":" ","price":7.26},{"type":"A","date":"2018-04-11T02:51:37.000Z","volume":500,"label":" ","price":7.26},{"type":"B","date":"2018-04-11T02:51:37.000Z","volume":2500,"label":" ","price":7.25},{"type":"A","date":"2018-04-11T02:51:37.000Z","volume":1500,"label":" ","price":7.26},{"type":"A","date":"2018-04-11T02:52:32.000Z","volume":500,"label":" ","price":7.26},{"type":"B","date":"2018-04-11T02:52:32.000Z","volume":2000,"label":" ","price":7.25},{"type":"A","date":"2018-04-11T02:52:33.000Z","volume":500,"label":" ","price":7.26},{"type":"A","date":"2018-04-11T02:52:38.000Z","volume":2000,"label":" ","price":7.26},{"type":"B","date":"2018-04-11T02:52:49.000Z","volume":17000,"label":" ","price":7.25},{"type":"B","date":"2018-04-11T02:52:50.000Z","volume":2500,"label":" ","price":7.24},{"type":"B","date":"2018-04-11T02:52:51.000Z","volume":2500,"label":" ","price":7.24},{"type":"B","date":"2018-04-11T02:52:59.000Z","volume":7500,"label":" ","price":7.24},{"type":"B","date":"2018-04-11T02:52:59.000Z","volume":2500,"label":" ","price":7.23},{"type":"B","date":"2018-04-11T02:52:59.000Z","volume":2500,"label":" ","price":7.23},{"type":"B","date":"2018-04-11T02:53:00.000Z","volume":2000,"label":" ","price":7.23},{"type":"B","date":"2018-04-11T02:53:00.000Z","volume":35500,"label":" ","price":7.23},{"type":"A","date":"2018-04-11T02:53:00.000Z","volume":1000,"label":" ","price":7.24},{"type":"B","date":"2018-04-11T02:53:00.000Z","volume":2500,"label":" ","price":7.22},{"type":"B","date":"2018-04-11T02:53:02.000Z","volume":2500,"label":" ","price":7.22},{"type":"B","date":"2018-04-11T02:53:33.000Z","volume":14500,"label":" ","price":7.22},{"type":"B","date":"2018-04-11T02:53:33.000Z","volume":2500,"label":" ","price":7.21},{"type":"A","date":"2018-04-11T02:53:38.000Z","volume":500,"label":" ","price":7.24},{"type":"A","date":"2018-04-11T02:53:38.000Z","volume":1500,"label":" ","price":7.24},{"type":"B","date":"2018-04-11T02:54:07.000Z","volume":1000,"label":" ","price":7.22},{"type":"A","date":"2018-04-11T02:54:29.000Z","volume":3000,"label":" ","price":7.22},{"type":"B","date":"2018-04-11T02:54:29.000Z","volume":3000,"label":" ","price":7.21},{"type":"B","date":"2018-04-11T02:54:30.000Z","volume":2500,"label":" ","price":7.21},{"type":"B","date":"2018-04-11T02:54:38.000Z","volume":23500,"label":" ","price":7.21},{"type":"B","date":"2018-04-11T02:54:38.000Z","volume":2500,"label":" ","price":7.2},{"type":"A","date":"2018-04-11T02:54:38.000Z","volume":500,"label":" ","price":7.21},{"type":"A","date":"2018-04-11T02:54:38.000Z","volume":2000,"label":" ","price":7.21},{"type":"B","date":"2018-04-11T02:55:34.000Z","volume":3000,"label":" ","price":7.2},{"type":"A","date":"2018-04-11T02:55:38.000Z","volume":500,"label":" ","price":7.21},{"type":"A","date":"2018-04-11T02:55:38.000Z","volume":1500,"label":" ","price":7.21},{"type":"A","date":"2018-04-11T02:56:18.000Z","volume":49000,"label":" ","price":7.21},{"type":"B","date":"2018-04-11T02:56:20.000Z","volume":3000,"label":" ","price":7.21},{"type":"A","date":"2018-04-11T02:56:38.000Z","volume":500,"label":" ","price":7.22},{"type":"A","date":"2018-04-11T02:56:39.000Z","volume":2000,"label":" ","price":7.22},{"type":"A","date":"2018-04-11T02:56:45.000Z","volume":41500,"label":" ","price":7.22},{"type":"A","date":"2018-04-11T02:56:45.000Z","volume":23500,"label":" ","price":7.22},{"type":"B","date":"2018-04-11T02:56:45.000Z","volume":1000,"label":" ","price":7.21},{"type":"A","date":"2018-04-11T02:57:33.000Z","volume":13000,"label":" ","price":7.23},{"type":"B","date":"2018-04-11T02:57:33.000Z","volume":3000,"label":" ","price":7.22},{"type":"A","date":"2018-04-11T02:57:39.000Z","volume":1500,"label":" ","price":7.24},{"type":"A","date":"2018-04-11T02:57:39.000Z","volume":500,"label":" ","price":7.24},{"type":"A","date":"2018-04-11T02:58:14.000Z","volume":14000,"label":" ","price":7.24},{"type":"B","date":"2018-04-11T02:58:14.000Z","volume":3000,"label":" ","price":7.24},{"type":"B","date":"2018-04-11T02:58:14.000Z","volume":3000,"label":" ","price":7.24},{"type":"A","date":"2018-04-11T02:58:40.000Z","volume":500,"label":"Y","price":7.26},{"type":"A","date":"2018-04-11T02:58:40.000Z","volume":1000,"label":"Y","price":7.26},{"type":"A","date":"2018-04-11T02:58:40.000Z","volume":500,"label":" ","price":7.26},{"type":"B","date":"2018-04-11T02:58:58.000Z","volume":2000,"label":" ","price":7.25},{"type":"B","date":"2018-04-11T02:58:58.000Z","volume":500,"label":" ","price":7.25},{"type":"B","date":"2018-04-11T02:59:06.000Z","volume":1500,"label":" ","price":7.25},{"type":"B","date":"2018-04-11T02:59:07.000Z","volume":2500,"label":" ","price":7.24},{"type":"B","date":"2018-04-11T02:59:33.000Z","volume":2500,"label":" ","price":7.25},{"type":"B","date":"2018-04-11T02:59:34.000Z","volume":2500,"label":" ","price":7.25},{"type":"A","date":"2018-04-11T02:59:40.000Z","volume":500,"label":" ","price":7.26},{"type":"A","date":"2018-04-11T02:59:40.000Z","volume":2000,"label":" ","price":7.26},{"type":"B","date":"2018-04-11T03:00:04.000Z","volume":1000,"label":" ","price":7.25},{"type":"B","date":"2018-04-11T03:00:04.000Z","volume":2500,"label":" ","price":7.24},{"type":"B","date":"2018-04-11T03:00:36.000Z","volume":500,"label":" ","price":7.24},{"type":"A","date":"2018-04-11T03:00:40.000Z","volume":500,"label":" ","price":7.26},{"type":"A","date":"2018-04-11T03:00:40.000Z","volume":1500,"label":" ","price":7.26},{"type":"B","date":"2018-04-11T03:00:48.000Z","volume":3000,"label":" ","price":7.25},{"type":"B","date":"2018-04-11T03:00:50.000Z","volume":1000,"label":" ","price":7.25},{"type":"A","date":"2018-04-11T03:01:15.000Z","volume":2000,"label":" ","price":7.26},{"type":"A","date":"2018-04-11T03:01:40.000Z","volume":2000,"label":" ","price":7.26},{"type":"A","date":"2018-04-11T03:01:40.000Z","volume":500,"label":" ","price":7.26},{"type":"B","date":"2018-04-11T03:01:40.000Z","volume":1500,"label":" ","price":7.25},{"type":"A","date":"2018-04-11T03:01:41.000Z","volume":23500,"label":" ","price":7.26},{"type":"B","date":"2018-04-11T03:01:42.000Z","volume":3000,"label":" ","price":7.26},{"type":"B","date":"2018-04-11T03:01:42.000Z","volume":1500,"label":" ","price":7.26},{"type":"A","date":"2018-04-11T03:02:40.000Z","volume":500,"label":" ","price":7.26},{"type":"A","date":"2018-04-11T03:02:40.000Z","volume":1500,"label":" ","price":7.26},{"type":"B","date":"2018-04-11T03:02:40.000Z","volume":1000,"label":" ","price":7.25},{"type":"A","date":"2018-04-11T03:03:40.000Z","volume":2000,"label":" ","price":7.26},{"type":"A","date":"2018-04-11T03:03:40.000Z","volume":500,"label":" ","price":7.26},{"type":"B","date":"2018-04-11T03:04:12.000Z","volume":2500,"label":" ","price":7.25},{"type":"A","date":"2018-04-11T03:04:41.000Z","volume":2000,"label":" ","price":7.26},{"type":"A","date":"2018-04-11T03:04:41.000Z","volume":1500,"label":" ","price":7.26},{"type":"A","date":"2018-04-11T03:04:41.000Z","volume":500,"label":" ","price":7.26},{"type":"B","date":"2018-04-11T03:04:48.000Z","volume":2000,"label":" ","price":7.25},{"type":"B","date":"2018-04-11T03:05:04.000Z","volume":1000,"label":" ","price":7.25},{"type":"B","date":"2018-04-11T03:05:06.000Z","volume":500,"label":" ","price":7.25},{"type":"B","date":"2018-04-11T03:05:26.000Z","volume":5000,"label":" ","price":7.25},{"type":"B","date":"2018-04-11T03:05:34.000Z","volume":2500,"label":" ","price":7.25},{"type":"A","date":"2018-04-11T03:05:41.000Z","volume":500,"label":" ","price":7.26},{"type":"A","date":"2018-04-11T03:05:41.000Z","volume":1500,"label":" ","price":7.26},{"type":"B","date":"2018-04-11T03:05:42.000Z","volume":1000,"label":" ","price":7.25},{"type":"A","date":"2018-04-11T03:06:04.000Z","volume":37000,"label":" ","price":7.26},{"type":"A","date":"2018-04-11T03:06:04.000Z","volume":10000,"label":" ","price":7.26},{"type":"A","date":"2018-04-11T03:06:04.000Z","volume":11000,"label":" ","price":7.26},{"type":"A","date":"2018-04-11T03:06:04.000Z","volume":3000,"label":" ","price":7.26},{"type":"B","date":"2018-04-11T03:06:04.000Z","volume":2500,"label":" ","price":7.25},{"type":"B","date":"2018-04-11T03:06:39.000Z","volume":3000,"label":" ","price":7.25},{"type":"A","date":"2018-04-11T03:06:41.000Z","volume":2000,"label":" ","price":7.26},{"type":"A","date":"2018-04-11T03:06:41.000Z","volume":500,"label":" ","price":7.26},{"type":"A","date":"2018-04-11T03:07:00.000Z","volume":500,"label":" ","price":7.26},{"type":"B","date":"2018-04-11T03:07:00.000Z","volume":2500,"label":" ","price":7.25},{"type":"B","date":"2018-04-11T03:07:00.000Z","volume":3000,"label":" ","price":7.25},{"type":"B","date":"2018-04-11T03:07:11.000Z","volume":12000,"label":" ","price":7.25},{"type":"B","date":"2018-04-11T03:07:11.000Z","volume":21000,"label":" ","price":7.25},{"type":"B","date":"2018-04-11T03:07:12.000Z","volume":2500,"label":" ","price":7.24},{"type":"B","date":"2018-04-11T03:07:31.000Z","volume":3000,"label":" ","price":7.24},{"type":"A","date":"2018-04-11T03:07:41.000Z","volume":1500,"label":" ","price":7.26},{"type":"A","date":"2018-04-11T03:07:41.000Z","volume":500,"label":" ","price":7.26},{"type":"B","date":"2018-04-11T03:08:24.000Z","volume":2500,"label":" ","price":7.24},{"type":"A","date":"2018-04-11T03:08:41.000Z","volume":500,"label":" ","price":7.26},{"type":"A","date":"2018-04-11T03:08:41.000Z","volume":2000,"label":" ","price":7.26},{"type":"U","date":"2018-04-11T03:08:53.000Z","volume":3000,"label":" ","price":7.25},{"type":"B","date":"2018-04-11T03:08:54.000Z","volume":2500,"label":" ","price":7.25},{"type":"B","date":"2018-04-11T03:09:00.000Z","volume":1000,"label":" ","price":7.25},{"type":"B","date":"2018-04-11T03:09:00.000Z","volume":3000,"label":" ","price":7.25},{"type":"A","date":"2018-04-11T03:09:41.000Z","volume":1500,"label":" ","price":7.26},{"type":"A","date":"2018-04-11T03:09:41.000Z","volume":500,"label":" ","price":7.26},{"type":"B","date":"2018-04-11T03:09:41.000Z","volume":2000,"label":" ","price":7.25},{"type":"B","date":"2018-04-11T03:09:42.000Z","volume":500,"label":" ","price":7.25},{"type":"B","date":"2018-04-11T03:09:51.000Z","volume":500,"label":" ","price":7.25},{"type":"A","date":"2018-04-11T03:10:41.000Z","volume":1500,"label":" ","price":7.26},{"type":"A","date":"2018-04-11T03:10:41.000Z","volume":500,"label":" ","price":7.26},{"type":"B","date":"2018-04-11T03:10:41.000Z","volume":2500,"label":" ","price":7.24},{"type":"A","date":"2018-04-11T03:10:42.000Z","volume":500,"label":" ","price":7.26},{"type":"A","date":"2018-04-11T03:11:23.000Z","volume":10000,"label":" ","price":7.26},{"type":"B","date":"2018-04-11T03:11:23.000Z","volume":3000,"label":" ","price":7.24},{"type":"A","date":"2018-04-11T03:11:42.000Z","volume":500,"label":" ","price":7.26},{"type":"A","date":"2018-04-11T03:11:42.000Z","volume":2000,"label":" ","price":7.26},{"type":"A","date":"2018-04-11T03:12:42.000Z","volume":1500,"label":" ","price":7.26},{"type":"A","date":"2018-04-11T03:12:42.000Z","volume":500,"label":" ","price":7.26},{"type":"B","date":"2018-04-11T03:12:42.000Z","volume":2500,"label":" ","price":7.24},{"type":"A","date":"2018-04-11T03:13:42.000Z","volume":2000,"label":" ","price":7.26},{"type":"A","date":"2018-04-11T03:14:42.000Z","volume":1500,"label":" ","price":7.26},{"type":"A","date":"2018-04-11T03:14:42.000Z","volume":500,"label":" ","price":7.26},{"type":"B","date":"2018-04-11T03:14:42.000Z","volume":2500,"label":" ","price":7.24},{"type":"B","date":"2018-04-11T03:15:14.000Z","volume":1000,"label":"Y","price":7.24},{"type":"B","date":"2018-04-11T03:15:14.000Z","volume":9000,"label":" ","price":7.24},{"type":"A","date":"2018-04-11T03:15:42.000Z","volume":2000,"label":" ","price":7.25},{"type":"A","date":"2018-04-11T03:15:42.000Z","volume":500,"label":" ","price":7.25},{"type":"B","date":"2018-04-11T03:16:04.000Z","volume":2500,"label":" ","price":7.24},{"type":"B","date":"2018-04-11T03:16:04.000Z","volume":52500,"label":" ","price":7.24},{"type":"B","date":"2018-04-11T03:16:06.000Z","volume":3000,"label":" ","price":7.23},{"type":"A","date":"2018-04-11T03:16:42.000Z","volume":500,"label":" ","price":7.25},{"type":"A","date":"2018-04-11T03:16:42.000Z","volume":1500,"label":" ","price":7.25},{"type":"B","date":"2018-04-11T03:17:25.000Z","volume":2500,"label":" ","price":7.23},{"type":"A","date":"2018-04-11T03:17:43.000Z","volume":1500,"label":" ","price":7.25},{"type":"A","date":"2018-04-11T03:17:43.000Z","volume":500,"label":" ","price":7.25},{"type":"B","date":"2018-04-11T03:17:43.000Z","volume":2500,"label":" ","price":7.23},{"type":"A","date":"2018-04-11T03:18:43.000Z","volume":2000,"label":" ","price":7.25},{"type":"A","date":"2018-04-11T03:18:43.000Z","volume":500,"label":" ","price":7.25},{"type":"B","date":"2018-04-11T03:18:43.000Z","volume":3000,"label":" ","price":7.23},{"type":"B","date":"2018-04-11T03:19:13.000Z","volume":10000,"label":" ","price":7.23},{"type":"B","date":"2018-04-11T03:19:13.000Z","volume":7000,"label":" ","price":7.23},{"type":"B","date":"2018-04-11T03:19:23.000Z","volume":3000,"label":" ","price":7.22},{"type":"A","date":"2018-04-11T03:19:43.000Z","volume":1500,"label":" ","price":7.25},{"type":"A","date":"2018-04-11T03:19:43.000Z","volume":500,"label":" ","price":7.25},{"type":"A","date":"2018-04-11T03:19:59.000Z","volume":1500,"label":" ","price":7.25},{"type":"B","date":"2018-04-11T03:20:15.000Z","volume":15500,"label":" ","price":7.23},{"type":"B","date":"2018-04-11T03:20:15.000Z","volume":2500,"label":" ","price":7.22},{"type":"B","date":"2018-04-11T03:20:15.000Z","volume":16000,"label":" ","price":7.22},{"type":"B","date":"2018-04-11T03:20:15.000Z","volume":2500,"label":" ","price":7.21},{"type":"B","date":"2018-04-11T03:20:31.000Z","volume":2500,"label":" ","price":7.21},{"type":"B","date":"2018-04-11T03:20:37.000Z","volume":15500,"label":" ","price":7.21},{"type":"B","date":"2018-04-11T03:20:37.000Z","volume":2500,"label":" ","price":7.2},{"type":"A","date":"2018-04-11T03:20:43.000Z","volume":2000,"label":" ","price":7.21},{"type":"A","date":"2018-04-11T03:20:43.000Z","volume":500,"label":" ","price":7.21},{"type":"B","date":"2018-04-11T03:20:43.000Z","volume":2500,"label":" ","price":7.2},{"type":"B","date":"2018-04-11T03:20:55.000Z","volume":3500,"label":" ","price":7.2},{"type":"B","date":"2018-04-11T03:20:55.000Z","volume":3000,"label":" ","price":7.2},{"type":"A","date":"2018-04-11T03:21:43.000Z","volume":1500,"label":" ","price":7.21},{"type":"A","date":"2018-04-11T03:21:43.000Z","volume":500,"label":" ","price":7.21},{"type":"A","date":"2018-04-11T03:21:47.000Z","volume":5000,"label":" ","price":7.21},{"type":"B","date":"2018-04-11T03:21:47.000Z","volume":2500,"label":" ","price":7.2},{"type":"A","date":"2018-04-11T03:22:07.000Z","volume":6000,"label":" ","price":7.21},{"type":"A","date":"2018-04-11T03:22:43.000Z","volume":500,"label":" ","price":7.21},{"type":"A","date":"2018-04-11T03:22:43.000Z","volume":2000,"label":" ","price":7.21},{"type":"B","date":"2018-04-11T03:22:43.000Z","volume":3000,"label":" ","price":7.2},{"type":"A","date":"2018-04-11T03:22:52.000Z","volume":5000,"label":" ","price":7.21},{"type":"A","date":"2018-04-11T03:23:26.000Z","volume":20000,"label":" ","price":7.21},{"type":"A","date":"2018-04-11T03:23:26.000Z","volume":2500,"label":" ","price":7.22},{"type":"B","date":"2018-04-11T03:23:26.000Z","volume":2500,"label":" ","price":7.21},{"type":"A","date":"2018-04-11T03:23:44.000Z","volume":500,"label":" ","price":7.25},{"type":"A","date":"2018-04-11T03:23:44.000Z","volume":1500,"label":" ","price":7.25},{"type":"A","date":"2018-04-11T03:24:44.000Z","volume":1500,"label":" ","price":7.25},{"type":"A","date":"2018-04-11T03:24:44.000Z","volume":500,"label":" ","price":7.25},{"type":"B","date":"2018-04-11T03:24:45.000Z","volume":2500,"label":" ","price":7.21},{"type":"A","date":"2018-04-11T03:25:44.000Z","volume":2000,"label":" ","price":7.25},{"type":"A","date":"2018-04-11T03:25:44.000Z","volume":500,"label":" ","price":7.25},{"type":"A","date":"2018-04-11T03:25:53.000Z","volume":16000,"label":" ","price":7.25},{"type":"A","date":"2018-04-11T03:26:19.000Z","volume":3500,"label":" ","price":7.26},{"type":"A","date":"2018-04-11T03:26:44.000Z","volume":1500,"label":" ","price":7.26},{"type":"A","date":"2018-04-11T03:26:44.000Z","volume":500,"label":" ","price":7.26},{"type":"A","date":"2018-04-11T03:27:24.000Z","volume":10000,"label":"Y","price":7.26},{"type":"A","date":"2018-04-11T03:27:24.000Z","volume":20000,"label":" ","price":7.26},{"type":"A","date":"2018-04-11T03:27:32.000Z","volume":500,"label":" ","price":7.26},{"type":"A","date":"2018-04-11T03:27:32.000Z","volume":500,"label":" ","price":7.26},{"type":"A","date":"2018-04-11T03:27:44.000Z","volume":500,"label":" ","price":7.26},{"type":"A","date":"2018-04-11T03:27:44.000Z","volume":2000,"label":" ","price":7.26},{"type":"B","date":"2018-04-11T03:27:45.000Z","volume":500,"label":" ","price":7.26},{"type":"A","date":"2018-04-11T03:27:45.000Z","volume":500,"label":" ","price":7.26},{"type":"A","date":"2018-04-11T03:28:44.000Z","volume":1500,"label":"Y","price":7.27},{"type":"A","date":"2018-04-11T03:28:44.000Z","volume":500,"label":"Y","price":7.27},{"type":"B","date":"2018-04-11T03:28:52.000Z","volume":500,"label":"Y","price":7.26},{"type":"A","date":"2018-04-11T03:29:46.000Z","volume":1500,"label":"Y","price":7.27},{"type":"A","date":"2018-04-11T03:29:46.000Z","volume":500,"label":"Y","price":7.27},{"type":"B","date":"2018-04-11T03:30:11.000Z","volume":1500,"label":" ","price":7.26},{"type":"A","date":"2018-04-11T03:30:46.000Z","volume":2000,"label":"Y","price":7.27},{"type":"A","date":"2018-04-11T03:30:46.000Z","volume":500,"label":"Y","price":7.27},{"type":"B","date":"2018-04-11T03:30:48.000Z","volume":500,"label":" ","price":7.25},{"type":"B","date":"2018-04-11T03:30:49.000Z","volume":500,"label":" ","price":7.25},{"type":"A","date":"2018-04-11T03:31:46.000Z","volume":500,"label":" ","price":7.26},{"type":"A","date":"2018-04-11T03:31:46.000Z","volume":1500,"label":" ","price":7.26},{"type":"B","date":"2018-04-11T03:31:48.000Z","volume":1000,"label":" ","price":7.25},{"type":"A","date":"2018-04-11T03:32:45.000Z","volume":500,"label":" ","price":7.26},{"type":"A","date":"2018-04-11T03:32:45.000Z","volume":2000,"label":" ","price":7.26},{"type":"B","date":"2018-04-11T03:32:47.000Z","volume":1500,"label":" ","price":7.25},{"type":"A","date":"2018-04-11T03:33:35.000Z","volume":7000,"label":" ","price":7.26},{"type":"B","date":"2018-04-11T03:33:38.000Z","volume":2500,"label":" ","price":7.26},{"type":"A","date":"2018-04-11T03:33:45.000Z","volume":1500,"label":"Y","price":7.27},{"type":"A","date":"2018-04-11T03:33:46.000Z","volume":500,"label":"Y","price":7.27},{"type":"B","date":"2018-04-11T03:33:46.000Z","volume":500,"label":" ","price":7.26},{"type":"B","date":"2018-04-11T03:33:47.000Z","volume":500,"label":" ","price":7.26},{"type":"A","date":"2018-04-11T03:34:45.000Z","volume":1500,"label":"Y","price":7.27},{"type":"A","date":"2018-04-11T03:34:45.000Z","volume":500,"label":"Y","price":7.27},{"type":"B","date":"2018-04-11T03:34:47.000Z","volume":1000,"label":" ","price":7.26},{"type":"A","date":"2018-04-11T03:35:45.000Z","volume":2000,"label":"Y","price":7.27},{"type":"B","date":"2018-04-11T03:35:50.000Z","volume":1000,"label":" ","price":7.26},{"type":"A","date":"2018-04-11T03:35:53.000Z","volume":3000,"label":"Y","price":7.27},{"type":"B","date":"2018-04-11T03:36:00.000Z","volume":1500,"label":" ","price":7.26},{"type":"A","date":"2018-04-11T03:36:13.000Z","volume":1000,"label":" ","price":7.27},{"type":"B","date":"2018-04-11T03:36:14.000Z","volume":500,"label":" ","price":7.26},{"type":"A","date":"2018-04-11T03:36:46.000Z","volume":500,"label":"Y","price":7.27},{"type":"A","date":"2018-04-11T03:36:46.000Z","volume":1500,"label":"Y","price":7.27},{"type":"B","date":"2018-04-11T03:37:10.000Z","volume":1000,"label":" ","price":7.26},{"type":"A","date":"2018-04-11T03:37:46.000Z","volume":2000,"label":"Y","price":7.27},{"type":"A","date":"2018-04-11T03:37:47.000Z","volume":500,"label":"Y","price":7.27},{"type":"B","date":"2018-04-11T03:37:47.000Z","volume":1500,"label":" ","price":7.26},{"type":"A","date":"2018-04-11T03:37:49.000Z","volume":1000,"label":" ","price":7.27},{"type":"B","date":"2018-04-11T03:37:50.000Z","volume":500,"label":" ","price":7.26},{"type":"A","date":"2018-04-11T03:38:47.000Z","volume":1500,"label":"Y","price":7.27},{"type":"A","date":"2018-04-11T03:38:47.000Z","volume":500,"label":"Y","price":7.27},{"type":"B","date":"2018-04-11T03:38:47.000Z","volume":1000,"label":" ","price":7.26},{"type":"A","date":"2018-04-11T03:38:47.000Z","volume":1000,"label":" ","price":7.27},{"type":"B","date":"2018-04-11T03:38:55.000Z","volume":500,"label":" ","price":7.26},{"type":"A","date":"2018-04-11T03:39:37.000Z","volume":25000,"label":"Y","price":7.27},{"type":"A","date":"2018-04-11T03:39:37.000Z","volume":27000,"label":" ","price":7.27},{"type":"B","date":"2018-04-11T03:39:39.000Z","volume":500,"label":" ","price":7.27},{"type":"A","date":"2018-04-11T03:39:39.000Z","volume":1500,"label":" ","price":7.28},{"type":"A","date":"2018-04-11T03:39:47.000Z","volume":2000,"label":" ","price":7.28},{"type":"A","date":"2018-04-11T03:39:47.000Z","volume":500,"label":" ","price":7.28},{"type":"B","date":"2018-04-11T03:39:47.000Z","volume":2500,"label":" ","price":7.27},{"type":"B","date":"2018-04-11T03:39:57.000Z","volume":2500,"label":" ","price":7.27},{"type":"B","date":"2018-04-11T03:39:57.000Z","volume":1000,"label":" ","price":7.27},{"type":"B","date":"2018-04-11T03:39:57.000Z","volume":500,"label":" ","price":7.27},{"type":"A","date":"2018-04-11T03:40:47.000Z","volume":500,"label":" ","price":7.28},{"type":"A","date":"2018-04-11T03:40:47.000Z","volume":1500,"label":" ","price":7.28},{"type":"A","date":"2018-04-11T03:41:47.000Z","volume":1500,"label":" ","price":7.28},{"type":"A","date":"2018-04-11T03:41:47.000Z","volume":500,"label":" ","price":7.28},{"type":"B","date":"2018-04-11T03:41:55.000Z","volume":1000,"label":" ","price":7.27},{"type":"B","date":"2018-04-11T03:42:30.000Z","volume":4000,"label":" ","price":7.27},{"type":"A","date":"2018-04-11T03:42:45.000Z","volume":12500,"label":" ","price":7.27},{"type":"B","date":"2018-04-11T03:42:48.000Z","volume":1500,"label":" ","price":7.27},{"type":"B","date":"2018-04-11T03:42:48.000Z","volume":500,"label":" ","price":7.27},{"type":"B","date":"2018-04-11T03:42:58.000Z","volume":500,"label":" ","price":7.27},{"type":"A","date":"2018-04-11T03:43:48.000Z","volume":1500,"label":" ","price":7.28},{"type":"A","date":"2018-04-11T03:43:48.000Z","volume":500,"label":" ","price":7.28},{"type":"B","date":"2018-04-11T03:44:24.000Z","volume":500,"label":" ","price":7.27},{"type":"B","date":"2018-04-11T03:44:34.000Z","volume":500,"label":" ","price":7.27},{"type":"A","date":"2018-04-11T03:44:48.000Z","volume":2000,"label":" ","price":7.28},{"type":"A","date":"2018-04-11T03:44:48.000Z","volume":500,"label":" ","price":7.28},{"type":"A","date":"2018-04-11T03:45:48.000Z","volume":1500,"label":" ","price":7.28},{"type":"A","date":"2018-04-11T03:45:48.000Z","volume":500,"label":" ","price":7.28},{"type":"A","date":"2018-04-11T03:46:46.000Z","volume":500,"label":" ","price":7.28},{"type":"A","date":"2018-04-11T03:46:48.000Z","volume":500,"label":" ","price":7.28},{"type":"A","date":"2018-04-11T03:46:48.000Z","volume":1500,"label":" ","price":7.28},{"type":"B","date":"2018-04-11T03:47:24.000Z","volume":500,"label":" ","price":7.27},{"type":"B","date":"2018-04-11T03:47:34.000Z","volume":1500,"label":" ","price":7.27},{"type":"A","date":"2018-04-11T03:47:48.000Z","volume":2000,"label":" ","price":7.28},{"type":"A","date":"2018-04-11T03:47:48.000Z","volume":500,"label":" ","price":7.28},{"type":"B","date":"2018-04-11T03:47:48.000Z","volume":3000,"label":" ","price":7.26},{"type":"A","date":"2018-04-11T03:48:48.000Z","volume":500,"label":" ","price":7.28},{"type":"A","date":"2018-04-11T03:48:48.000Z","volume":1500,"label":" ","price":7.28},{"type":"A","date":"2018-04-11T03:49:49.000Z","volume":500,"label":" ","price":7.28},{"type":"A","date":"2018-04-11T03:49:49.000Z","volume":2000,"label":" ","price":7.28},{"type":"A","date":"2018-04-11T03:50:49.000Z","volume":500,"label":" ","price":7.28},{"type":"A","date":"2018-04-11T03:50:49.000Z","volume":1500,"label":" ","price":7.28},{"type":"A","date":"2018-04-11T03:51:49.000Z","volume":1500,"label":" ","price":7.27},{"type":"A","date":"2018-04-11T03:51:49.000Z","volume":500,"label":" ","price":7.27},{"type":"A","date":"2018-04-11T03:52:49.000Z","volume":500,"label":" ","price":7.27},{"type":"A","date":"2018-04-11T03:52:49.000Z","volume":2000,"label":" ","price":7.27},{"type":"A","date":"2018-04-11T03:53:02.000Z","volume":1000,"label":" ","price":7.27},{"type":"B","date":"2018-04-11T03:53:03.000Z","volume":2500,"label":" ","price":7.26},{"type":"A","date":"2018-04-11T03:53:49.000Z","volume":1500,"label":" ","price":7.27},{"type":"A","date":"2018-04-11T03:53:49.000Z","volume":500,"label":" ","price":7.27},{"type":"A","date":"2018-04-11T03:54:12.000Z","volume":500,"label":"Y","price":7.27},{"type":"A","date":"2018-04-11T03:54:15.000Z","volume":20000,"label":" ","price":7.27},{"type":"A","date":"2018-04-11T03:54:49.000Z","volume":500,"label":" ","price":7.28},{"type":"A","date":"2018-04-11T03:54:49.000Z","volume":2000,"label":" ","price":7.28},{"type":"B","date":"2018-04-11T03:54:57.000Z","volume":500,"label":" ","price":7.27},{"type":"A","date":"2018-04-11T03:55:47.000Z","volume":500,"label":" ","price":7.28},{"type":"A","date":"2018-04-11T03:55:50.000Z","volume":1500,"label":" ","price":7.28},{"type":"A","date":"2018-04-11T03:56:50.000Z","volume":1500,"label":" ","price":7.28},{"type":"A","date":"2018-04-11T03:56:50.000Z","volume":500,"label":" ","price":7.28},{"type":"A","date":"2018-04-11T03:57:50.000Z","volume":2000,"label":" ","price":7.28},{"type":"A","date":"2018-04-11T03:57:50.000Z","volume":500,"label":" ","price":7.28},{"type":"A","date":"2018-04-11T03:58:39.000Z","volume":1000,"label":" ","price":7.28},{"type":"B","date":"2018-04-11T03:58:44.000Z","volume":500,"label":" ","price":7.27},{"type":"B","date":"2018-04-11T03:58:44.000Z","volume":500,"label":" ","price":7.27},{"type":"A","date":"2018-04-11T03:58:50.000Z","volume":500,"label":" ","price":7.28},{"type":"A","date":"2018-04-11T03:58:50.000Z","volume":1500,"label":" ","price":7.28},{"type":"B","date":"2018-04-11T03:58:51.000Z","volume":2500,"label":" ","price":7.27},{"type":"A","date":"2018-04-11T03:59:50.000Z","volume":1500,"label":" ","price":7.28},{"type":"A","date":"2018-04-11T03:59:50.000Z","volume":500,"label":" ","price":7.28},{"type":"B","date":"2018-04-11T03:59:50.000Z","volume":1500,"label":" ","price":7.27},{"type":"B","date":"2018-04-11T05:00:00.000Z","volume":1000,"label":" ","price":7.27},{"type":"A","date":"2018-04-11T05:01:59.000Z","volume":2000,"label":" ","price":7.28},{"type":"B","date":"2018-04-11T05:02:00.000Z","volume":1000,"label":" ","price":7.27},{"type":"A","date":"2018-04-11T05:04:15.000Z","volume":1000,"label":" ","price":7.28},{"type":"B","date":"2018-04-11T05:04:19.000Z","volume":500,"label":" ","price":7.27},{"type":"A","date":"2018-04-11T05:04:31.000Z","volume":10000,"label":" ","price":7.28},{"type":"B","date":"2018-04-11T05:04:32.000Z","volume":1500,"label":" ","price":7.27},{"type":"A","date":"2018-04-11T05:04:32.000Z","volume":2000,"label":" ","price":7.28},{"type":"B","date":"2018-04-11T05:05:35.000Z","volume":1000,"label":" ","price":7.27},{"type":"A","date":"2018-04-11T05:05:36.000Z","volume":500,"label":" ","price":7.28},{"type":"B","date":"2018-04-11T05:07:12.000Z","volume":500,"label":" ","price":7.27},{"type":"A","date":"2018-04-11T05:08:00.000Z","volume":1000,"label":" ","price":7.28},{"type":"B","date":"2018-04-11T05:08:01.000Z","volume":500,"label":" ","price":7.27},{"type":"A","date":"2018-04-11T05:09:08.000Z","volume":500,"label":" ","price":7.28},{"type":"A","date":"2018-04-11T05:10:00.000Z","volume":500,"label":"Y","price":7.28},{"type":"A","date":"2018-04-11T05:10:00.000Z","volume":6500,"label":" ","price":7.28},{"type":"B","date":"2018-04-11T05:10:00.000Z","volume":1500,"label":" ","price":7.28},{"type":"A","date":"2018-04-11T05:10:26.000Z","volume":50000,"label":" ","price":7.29},{"type":"B","date":"2018-04-11T05:10:29.000Z","volume":2500,"label":" ","price":7.28},{"type":"A","date":"2018-04-11T05:10:29.000Z","volume":9000,"label":" ","price":7.29},{"type":"A","date":"2018-04-11T05:10:29.000Z","volume":19000,"label":" ","price":7.29},{"type":"B","date":"2018-04-11T05:10:29.000Z","volume":2500,"label":" ","price":7.28},{"type":"A","date":"2018-04-11T05:10:54.000Z","volume":53500,"label":" ","price":7.3},{"type":"B","date":"2018-04-11T05:11:30.000Z","volume":2500,"label":" ","price":7.29},{"type":"U","date":"2018-04-11T05:11:30.000Z","volume":500,"label":"X","price":7.295},{"type":"B","date":"2018-04-11T05:11:31.000Z","volume":2500,"label":" ","price":7.29},{"type":"B","date":"2018-04-11T05:11:38.000Z","volume":1500,"label":" ","price":7.29},{"type":"B","date":"2018-04-11T05:11:38.000Z","volume":2500,"label":" ","price":7.29},{"type":"B","date":"2018-04-11T05:11:40.000Z","volume":2500,"label":" ","price":7.29},{"type":"B","date":"2018-04-11T05:11:41.000Z","volume":1500,"label":" ","price":7.29},{"type":"B","date":"2018-04-11T05:11:50.000Z","volume":500,"label":" ","price":7.29},{"type":"A","date":"2018-04-11T05:11:56.000Z","volume":6000,"label":" ","price":7.29},{"type":"B","date":"2018-04-11T05:11:56.000Z","volume":2500,"label":" ","price":7.28},{"type":"A","date":"2018-04-11T05:12:18.000Z","volume":2000,"label":" ","price":7.29},{"type":"B","date":"2018-04-11T05:12:18.000Z","volume":2500,"label":" ","price":7.29},{"type":"B","date":"2018-04-11T05:12:19.000Z","volume":2000,"label":" ","price":7.29},{"type":"A","date":"2018-04-11T05:12:25.000Z","volume":10000,"label":" ","price":7.3},{"type":"B","date":"2018-04-11T05:12:28.000Z","volume":2500,"label":" ","price":7.29},{"type":"B","date":"2018-04-11T05:13:53.000Z","volume":2500,"label":" ","price":7.28},{"type":"B","date":"2018-04-11T05:15:47.000Z","volume":35500,"label":" ","price":7.28},{"type":"B","date":"2018-04-11T05:15:48.000Z","volume":2500,"label":" ","price":7.27},{"type":"B","date":"2018-04-11T05:17:13.000Z","volume":500,"label":" ","price":7.27},{"type":"B","date":"2018-04-11T05:20:32.000Z","volume":5000,"label":" ","price":7.27},{"type":"B","date":"2018-04-11T05:20:32.000Z","volume":2500,"label":" ","price":7.26},{"type":"B","date":"2018-04-11T05:20:32.000Z","volume":9000,"label":" ","price":7.26},{"type":"A","date":"2018-04-11T05:24:49.000Z","volume":1000,"label":" ","price":7.27},{"type":"B","date":"2018-04-11T05:25:12.000Z","volume":1000,"label":" ","price":7.26},{"type":"B","date":"2018-04-11T05:27:48.000Z","volume":1500,"label":" ","price":7.26},{"type":"A","date":"2018-04-11T05:28:34.000Z","volume":1000,"label":" ","price":7.27},{"type":"A","date":"2018-04-11T05:29:52.000Z","volume":50000,"label":" ","price":7.27},{"type":"A","date":"2018-04-11T05:29:52.000Z","volume":5000,"label":" ","price":7.27},{"type":"B","date":"2018-04-11T05:29:54.000Z","volume":2500,"label":" ","price":7.27},{"type":"B","date":"2018-04-11T05:29:54.000Z","volume":500,"label":" ","price":7.27},{"type":"B","date":"2018-04-11T05:30:19.000Z","volume":14000,"label":" ","price":7.26},{"type":"A","date":"2018-04-11T05:30:19.000Z","volume":500,"label":" ","price":7.26},{"type":"B","date":"2018-04-11T05:30:19.000Z","volume":3000,"label":" ","price":7.25},{"type":"B","date":"2018-04-11T05:31:44.000Z","volume":7500,"label":" ","price":7.25},{"type":"A","date":"2018-04-11T05:37:54.000Z","volume":1000,"label":" ","price":7.25},{"type":"A","date":"2018-04-11T05:40:25.000Z","volume":50500,"label":" ","price":7.25},{"type":"B","date":"2018-04-11T05:40:25.000Z","volume":500,"label":" ","price":7.25},{"type":"B","date":"2018-04-11T05:40:26.000Z","volume":2500,"label":" ","price":7.25},{"type":"A","date":"2018-04-11T05:41:39.000Z","volume":1000,"label":" ","price":7.26},{"type":"B","date":"2018-04-11T05:41:50.000Z","volume":500,"label":" ","price":7.25},{"type":"U","date":"2018-04-11T05:42:33.000Z","volume":500,"label":"X","price":7.255},{"type":"A","date":"2018-04-11T05:45:23.000Z","volume":1000,"label":" ","price":7.26},{"type":"A","date":"2018-04-11T05:46:01.000Z","volume":500,"label":" ","price":7.26},{"type":"B","date":"2018-04-11T05:46:25.000Z","volume":1500,"label":" ","price":7.25},{"type":"B","date":"2018-04-11T05:46:25.000Z","volume":2500,"label":" ","price":7.25},{"type":"A","date":"2018-04-11T05:48:59.000Z","volume":9000,"label":"Y","price":7.26},{"type":"A","date":"2018-04-11T05:49:08.000Z","volume":1000,"label":" ","price":7.26},{"type":"A","date":"2018-04-11T05:49:12.000Z","volume":1500,"label":" ","price":7.26},{"type":"A","date":"2018-04-11T05:50:07.000Z","volume":11000,"label":" ","price":7.26},{"type":"A","date":"2018-04-11T05:50:13.000Z","volume":23500,"label":" ","price":7.26},{"type":"A","date":"2018-04-11T05:50:53.000Z","volume":500,"label":" ","price":7.26},{"type":"A","date":"2018-04-11T05:51:07.000Z","volume":500,"label":" ","price":7.26},{"type":"A","date":"2018-04-11T05:52:38.000Z","volume":10000,"label":"Y","price":7.26},{"type":"A","date":"2018-04-11T05:52:52.000Z","volume":1000,"label":" ","price":7.26},{"type":"A","date":"2018-04-11T05:54:44.000Z","volume":1500,"label":" ","price":7.26},{"type":"A","date":"2018-04-11T05:55:32.000Z","volume":500,"label":" ","price":7.26},{"type":"A","date":"2018-04-11T05:56:22.000Z","volume":500,"label":" ","price":7.26},{"type":"A","date":"2018-04-11T05:56:36.000Z","volume":1000,"label":" ","price":7.26},{"type":"B","date":"2018-04-11T05:57:24.000Z","volume":7000,"label":" ","price":7.25},{"type":"A","date":"2018-04-11T05:59:13.000Z","volume":1500,"label":" ","price":7.26},{"type":"A","date":"2018-04-11T05:59:17.000Z","volume":500,"label":" ","price":7.26},{"type":"A","date":"2018-04-11T06:00:01.000Z","volume":1000,"label":" ","price":7.26},{"type":"A","date":"2018-04-11T06:00:10.000Z","volume":7500,"label":"Y","price":7.26},{"type":"A","date":"2018-04-11T06:00:10.000Z","volume":2500,"label":" ","price":7.26},{"type":"A","date":"2018-04-11T06:00:21.000Z","volume":1000,"label":" ","price":7.26},{"type":"A","date":"2018-04-11T06:00:56.000Z","volume":1000,"label":" ","price":7.26},{"type":"B","date":"2018-04-11T06:01:56.000Z","volume":500,"label":" ","price":7.25},{"type":"A","date":"2018-04-11T06:02:17.000Z","volume":500,"label":" ","price":7.26},{"type":"U","date":"2018-04-11T06:02:37.000Z","volume":500,"label":"X","price":7.255},{"type":"A","date":"2018-04-11T06:04:05.000Z","volume":1000,"label":" ","price":7.26},{"type":"A","date":"2018-04-11T06:04:11.000Z","volume":1500,"label":" ","price":7.26},{"type":"A","date":"2018-04-11T06:05:02.000Z","volume":500,"label":" ","price":7.26},{"type":"A","date":"2018-04-11T06:06:58.000Z","volume":500,"label":" ","price":7.26},{"type":"A","date":"2018-04-11T06:07:44.000Z","volume":4000,"label":" ","price":7.26},{"type":"A","date":"2018-04-11T06:07:49.000Z","volume":1000,"label":" ","price":7.26},{"type":"A","date":"2018-04-11T06:08:31.000Z","volume":1500,"label":" ","price":7.26},{"type":"A","date":"2018-04-11T06:08:41.000Z","volume":500,"label":" ","price":7.26},{"type":"A","date":"2018-04-11T06:08:47.000Z","volume":500,"label":" ","price":7.26},{"type":"A","date":"2018-04-11T06:10:59.000Z","volume":6000,"label":" ","price":7.26},{"type":"A","date":"2018-04-11T06:11:34.000Z","volume":1000,"label":" ","price":7.26},{"type":"U","date":"2018-04-11T06:12:14.000Z","volume":500,"label":"X","price":7.255},{"type":"U","date":"2018-04-11T06:12:14.000Z","volume":1500,"label":"X","price":7.255},{"type":"A","date":"2018-04-11T06:13:47.000Z","volume":500,"label":" ","price":7.26},{"type":"A","date":"2018-04-11T06:13:49.000Z","volume":50000,"label":" ","price":7.26},{"type":"A","date":"2018-04-11T06:14:31.000Z","volume":1500,"label":" ","price":7.26},{"type":"A","date":"2018-04-11T06:14:37.000Z","volume":1000,"label":" ","price":7.26},{"type":"A","date":"2018-04-11T06:14:52.000Z","volume":1500,"label":" ","price":7.26},{"type":"A","date":"2018-04-11T06:15:09.000Z","volume":13500,"label":" ","price":7.26},{"type":"A","date":"2018-04-11T06:15:18.000Z","volume":1000,"label":" ","price":7.27},{"type":"A","date":"2018-04-11T06:18:32.000Z","volume":500,"label":" ","price":7.27},{"type":"A","date":"2018-04-11T06:18:36.000Z","volume":1500,"label":" ","price":7.27},{"type":"A","date":"2018-04-11T06:19:02.000Z","volume":1000,"label":" ","price":7.27},{"type":"B","date":"2018-04-11T06:19:42.000Z","volume":2500,"label":" ","price":7.26},{"type":"B","date":"2018-04-11T06:19:43.000Z","volume":2000,"label":" ","price":7.26},{"type":"B","date":"2018-04-11T06:19:43.000Z","volume":3000,"label":" ","price":7.26},{"type":"B","date":"2018-04-11T06:20:14.000Z","volume":1000,"label":"Y","price":7.26},{"type":"A","date":"2018-04-11T06:20:19.000Z","volume":3000,"label":" ","price":7.27},{"type":"A","date":"2018-04-11T06:21:30.000Z","volume":1500,"label":" ","price":7.27},{"type":"A","date":"2018-04-11T06:22:02.000Z","volume":500,"label":" ","price":7.27},{"type":"A","date":"2018-04-11T06:22:05.000Z","volume":10000,"label":" ","price":7.27},{"type":"U","date":"2018-04-11T06:22:35.000Z","volume":500,"label":"X","price":7.265},{"type":"B","date":"2018-04-11T06:24:13.000Z","volume":500,"label":" ","price":7.26},{"type":"A","date":"2018-04-11T06:24:47.000Z","volume":500,"label":" ","price":7.27},{"type":"A","date":"2018-04-11T06:24:57.000Z","volume":7000,"label":"Y","price":7.27},{"type":"A","date":"2018-04-11T06:24:57.000Z","volume":30500,"label":" ","price":7.27},{"type":"B","date":"2018-04-11T06:26:06.000Z","volume":20000,"label":" ","price":7.26},{"type":"B","date":"2018-04-11T06:26:06.000Z","volume":5000,"label":" ","price":7.26},{"type":"B","date":"2018-04-11T06:26:18.000Z","volume":3000,"label":" ","price":7.26},{"type":"B","date":"2018-04-11T06:26:19.000Z","volume":3000,"label":" ","price":7.26},{"type":"A","date":"2018-04-11T06:26:25.000Z","volume":1500,"label":" ","price":7.27},{"type":"B","date":"2018-04-11T06:26:30.000Z","volume":1000,"label":" ","price":7.26},{"type":"B","date":"2018-04-11T06:26:30.000Z","volume":1000,"label":" ","price":7.26},{"type":"B","date":"2018-04-11T06:26:32.000Z","volume":500,"label":" ","price":7.26},{"type":"B","date":"2018-04-11T06:27:26.000Z","volume":2000,"label":" ","price":7.26},{"type":"B","date":"2018-04-11T06:27:40.000Z","volume":12000,"label":" ","price":7.26},{"type":"B","date":"2018-04-11T06:27:40.000Z","volume":2500,"label":" ","price":7.26},{"type":"B","date":"2018-04-11T06:27:41.000Z","volume":3000,"label":" ","price":7.26},{"type":"B","date":"2018-04-11T06:28:01.000Z","volume":6000,"label":" ","price":7.26},{"type":"B","date":"2018-04-11T06:28:13.000Z","volume":500,"label":" ","price":7.26},{"type":"B","date":"2018-04-11T06:28:22.000Z","volume":3000,"label":" ","price":7.26},{"type":"B","date":"2018-04-11T06:28:32.000Z","volume":2000,"label":" ","price":7.26},{"type":"B","date":"2018-04-11T06:28:40.000Z","volume":7000,"label":" ","price":7.25},{"type":"A","date":"2018-04-11T06:28:48.000Z","volume":1000,"label":"Y","price":7.27},{"type":"B","date":"2018-04-11T06:31:56.000Z","volume":500,"label":" ","price":7.25},{"type":"B","date":"2018-04-11T06:32:33.000Z","volume":3500,"label":" ","price":7.25},{"type":"A","date":"2018-04-11T06:33:17.000Z","volume":500,"label":" ","price":7.27},{"type":"B","date":"2018-04-11T06:34:09.000Z","volume":2000,"label":" ","price":7.26},{"type":"B","date":"2018-04-11T06:34:09.000Z","volume":500,"label":" ","price":7.26},{"type":"B","date":"2018-04-11T06:34:09.000Z","volume":3000,"label":" ","price":7.26},{"type":"B","date":"2018-04-11T06:34:10.000Z","volume":1500,"label":" ","price":7.26},{"type":"B","date":"2018-04-11T06:34:38.000Z","volume":500,"label":"Y","price":7.26},{"type":"A","date":"2018-04-11T06:36:47.000Z","volume":500,"label":" ","price":7.27},{"type":"B","date":"2018-04-11T06:39:38.000Z","volume":500,"label":" ","price":7.26},{"type":"B","date":"2018-04-11T06:39:39.000Z","volume":500,"label":" ","price":7.26},{"type":"B","date":"2018-04-11T06:39:39.000Z","volume":500,"label":" ","price":7.26},{"type":"B","date":"2018-04-11T06:39:39.000Z","volume":2500,"label":" ","price":7.26},{"type":"A","date":"2018-04-11T06:40:18.000Z","volume":2500,"label":"Y","price":7.27},{"type":"A","date":"2018-04-11T06:41:32.000Z","volume":500,"label":" ","price":7.27},{"type":"B","date":"2018-04-11T06:43:56.000Z","volume":500,"label":" ","price":7.26},{"type":"A","date":"2018-04-11T06:44:04.000Z","volume":6500,"label":"Y","price":7.27},{"type":"A","date":"2018-04-11T06:44:04.000Z","volume":10000,"label":" ","price":7.27},{"type":"B","date":"2018-04-11T06:44:26.000Z","volume":2500,"label":" ","price":7.26},{"type":"B","date":"2018-04-11T06:44:26.000Z","volume":2500,"label":" ","price":7.26},{"type":"B","date":"2018-04-11T06:44:47.000Z","volume":8000,"label":" ","price":7.26},{"type":"B","date":"2018-04-11T06:44:47.000Z","volume":2500,"label":" ","price":7.26},{"type":"A","date":"2018-04-11T06:45:13.000Z","volume":1000,"label":" ","price":7.27},{"type":"A","date":"2018-04-11T06:45:47.000Z","volume":500,"label":"Y","price":7.27},{"type":"B","date":"2018-04-11T06:45:47.000Z","volume":3000,"label":" ","price":7.26},{"type":"B","date":"2018-04-11T06:45:47.000Z","volume":3000,"label":" ","price":7.26},{"type":"A","date":"2018-04-11T06:46:55.000Z","volume":50000,"label":" ","price":7.27},{"type":"A","date":"2018-04-11T06:47:43.000Z","volume":8000,"label":" ","price":7.27},{"type":"A","date":"2018-04-11T06:48:57.000Z","volume":1000,"label":" ","price":7.27},{"type":"B","date":"2018-04-11T06:48:57.000Z","volume":2500,"label":" ","price":7.26},{"type":"B","date":"2018-04-11T06:49:22.000Z","volume":6500,"label":"Y","price":7.26},{"type":"B","date":"2018-04-11T06:49:23.000Z","volume":2500,"label":" ","price":7.26},{"type":"B","date":"2018-04-11T06:49:56.000Z","volume":500,"label":" ","price":7.26},{"type":"B","date":"2018-04-11T06:49:56.000Z","volume":3000,"label":" ","price":7.26},{"type":"A","date":"2018-04-11T06:50:32.000Z","volume":500,"label":" ","price":7.27},{"type":"U","date":"2018-04-11T06:51:39.000Z","volume":500,"label":"X","price":7.265},{"type":"A","date":"2018-04-11T06:52:06.000Z","volume":2000,"label":" ","price":7.27},{"type":"A","date":"2018-04-11T06:52:17.000Z","volume":500,"label":"Y","price":7.27},{"type":"B","date":"2018-04-11T06:52:25.000Z","volume":3000,"label":" ","price":7.26},{"type":"B","date":"2018-04-11T06:52:27.000Z","volume":2500,"label":" ","price":7.26},{"type":"A","date":"2018-04-11T06:52:42.000Z","volume":1000,"label":" ","price":7.27},{"type":"A","date":"2018-04-11T06:53:47.000Z","volume":500,"label":"Y","price":7.27},{"type":"B","date":"2018-04-11T06:54:07.000Z","volume":10000,"label":" ","price":7.26},{"type":"B","date":"2018-04-11T06:54:11.000Z","volume":3000,"label":" ","price":7.26},{"type":"B","date":"2018-04-11T06:54:11.000Z","volume":2500,"label":" ","price":7.26},{"type":"B","date":"2018-04-11T06:54:12.000Z","volume":3000,"label":" ","price":7.26},{"type":"A","date":"2018-04-11T06:56:02.000Z","volume":500,"label":" ","price":7.27},{"type":"A","date":"2018-04-11T06:56:26.000Z","volume":1000,"label":" ","price":7.27},{"type":"B","date":"2018-04-11T06:57:24.000Z","volume":3000,"label":"Y","price":7.26},{"type":"B","date":"2018-04-11T06:57:43.000Z","volume":10000,"label":" ","price":7.26},{"type":"B","date":"2018-04-11T06:57:43.000Z","volume":3000,"label":" ","price":7.26},{"type":"B","date":"2018-04-11T06:57:43.000Z","volume":2500,"label":" ","price":7.26},{"type":"A","date":"2018-04-11T06:58:17.000Z","volume":500,"label":" ","price":7.27},{"type":"B","date":"2018-04-11T06:59:33.000Z","volume":2000,"label":"Y","price":7.26},{"type":"B","date":"2018-04-11T06:59:33.000Z","volume":3000,"label":" ","price":7.26},{"type":"B","date":"2018-04-11T06:59:33.000Z","volume":2500,"label":" ","price":7.26},{"type":"A","date":"2018-04-11T07:00:10.000Z","volume":1000,"label":" ","price":7.27},{"type":"A","date":"2018-04-11T07:00:17.000Z","volume":500,"label":" ","price":7.27},{"type":"U","date":"2018-04-11T07:01:33.000Z","volume":500,"label":"X","price":7.265},{"type":"B","date":"2018-04-11T07:01:56.000Z","volume":500,"label":" ","price":7.26},{"type":"A","date":"2018-04-11T07:03:54.000Z","volume":1000,"label":" ","price":7.27},{"type":"B","date":"2018-04-11T07:04:36.000Z","volume":1500,"label":" ","price":7.26},{"type":"B","date":"2018-04-11T07:04:41.000Z","volume":20000,"label":" ","price":7.26},{"type":"B","date":"2018-04-11T07:04:41.000Z","volume":2500,"label":" ","price":7.26},{"type":"B","date":"2018-04-11T07:04:41.000Z","volume":2500,"label":" ","price":7.26},{"type":"A","date":"2018-04-11T07:05:32.000Z","volume":500,"label":" ","price":7.27},{"type":"B","date":"2018-04-11T07:08:09.000Z","volume":2000,"label":" ","price":7.26},{"type":"B","date":"2018-04-11T07:08:09.000Z","volume":3000,"label":" ","price":7.26},{"type":"B","date":"2018-04-11T07:08:09.000Z","volume":2500,"label":" ","price":7.26},{"type":"B","date":"2018-04-11T07:08:09.000Z","volume":2500,"label":" ","price":7.26},{"type":"A","date":"2018-04-11T07:08:32.000Z","volume":500,"label":" ","price":7.27},{"type":"B","date":"2018-04-11T07:09:32.000Z","volume":2000,"label":" ","price":7.26},{"type":"A","date":"2018-04-11T07:09:57.000Z","volume":30000,"label":" ","price":7.27},{"type":"A","date":"2018-04-11T07:09:57.000Z","volume":30000,"label":" ","price":7.27},{"type":"A","date":"2018-04-11T07:10:39.000Z","volume":1000,"label":" ","price":7.27},{"type":"A","date":"2018-04-11T07:11:17.000Z","volume":500,"label":"Y","price":7.27},{"type":"A","date":"2018-04-11T07:11:31.000Z","volume":500,"label":" ","price":7.27},{"type":"A","date":"2018-04-11T07:11:33.000Z","volume":3000,"label":" ","price":7.27},{"type":"B","date":"2018-04-11T07:12:39.000Z","volume":10000,"label":" ","price":7.26},{"type":"A","date":"2018-04-11T07:13:47.000Z","volume":500,"label":" ","price":7.27},{"type":"B","date":"2018-04-11T07:13:56.000Z","volume":500,"label":" ","price":7.26},{"type":"B","date":"2018-04-11T07:13:56.000Z","volume":3000,"label":" ","price":7.26},{"type":"A","date":"2018-04-11T07:14:10.000Z","volume":1500,"label":" ","price":7.27},{"type":"B","date":"2018-04-11T07:14:20.000Z","volume":5000,"label":" ","price":7.26},{"type":"B","date":"2018-04-11T07:14:29.000Z","volume":37000,"label":" ","price":7.26},{"type":"B","date":"2018-04-11T07:14:29.000Z","volume":13000,"label":" ","price":7.25},{"type":"B","date":"2018-04-11T07:14:29.000Z","volume":1000,"label":" ","price":7.26},{"type":"B","date":"2018-04-11T07:14:29.000Z","volume":2500,"label":" ","price":7.25},{"type":"B","date":"2018-04-11T07:15:12.000Z","volume":50000,"label":" ","price":7.25},{"type":"B","date":"2018-04-11T07:15:12.000Z","volume":2000,"label":" ","price":7.25},{"type":"B","date":"2018-04-11T07:17:27.000Z","volume":2500,"label":" ","price":7.25},{"type":"B","date":"2018-04-11T07:18:23.000Z","volume":2000,"label":" ","price":7.25},{"type":"B","date":"2018-04-11T07:19:56.000Z","volume":500,"label":" ","price":7.25},{"type":"B","date":"2018-04-11T07:20:18.000Z","volume":30000,"label":" ","price":7.25},{"type":"B","date":"2018-04-11T07:20:18.000Z","volume":500,"label":" ","price":7.25},{"type":"B","date":"2018-04-11T07:20:18.000Z","volume":2500,"label":" ","price":7.25},{"type":"B","date":"2018-04-11T07:20:18.000Z","volume":2500,"label":" ","price":7.25},{"type":"B","date":"2018-04-11T07:20:19.000Z","volume":3000,"label":" ","price":7.25},{"type":"B","date":"2018-04-11T07:20:19.000Z","volume":2500,"label":" ","price":7.25},{"type":"B","date":"2018-04-11T07:20:37.000Z","volume":17000,"label":" ","price":7.25},{"type":"B","date":"2018-04-11T07:20:51.000Z","volume":13500,"label":" ","price":7.25},{"type":"B","date":"2018-04-11T07:20:57.000Z","volume":4000,"label":" ","price":7.25},{"type":"A","date":"2018-04-11T07:21:32.000Z","volume":500,"label":" ","price":7.26},{"type":"A","date":"2018-04-11T07:22:14.000Z","volume":500,"label":" ","price":7.26},{"type":"B","date":"2018-04-11T07:24:30.000Z","volume":500,"label":" ","price":7.25},{"type":"B","date":"2018-04-11T07:26:26.000Z","volume":1000,"label":" ","price":7.25},{"type":"A","date":"2018-04-11T07:28:14.000Z","volume":1000,"label":" ","price":7.26},{"type":"A","date":"2018-04-11T07:29:39.000Z","volume":350000,"label":" ","price":7.26},{"type":"B","date":"2018-04-11T07:29:50.000Z","volume":2500,"label":" ","price":7.25},{"type":"A","date":"2018-04-11T07:30:02.000Z","volume":500,"label":"Y","price":7.26},{"type":"B","date":"2018-04-11T07:30:12.000Z","volume":2500,"label":" ","price":7.25},{"type":"B","date":"2018-04-11T07:30:12.000Z","volume":3000,"label":" ","price":7.25},{"type":"B","date":"2018-04-11T07:30:12.000Z","volume":2500,"label":" ","price":7.25},{"type":"B","date":"2018-04-11T07:31:20.000Z","volume":500,"label":" ","price":7.25},{"type":"A","date":"2018-04-11T07:31:25.000Z","volume":500,"label":" ","price":7.26},{"type":"A","date":"2018-04-11T07:31:36.000Z","volume":4000,"label":" ","price":7.26},{"type":"A","date":"2018-04-11T07:31:56.000Z","volume":5000,"label":" ","price":7.26},{"type":"B","date":"2018-04-11T07:31:56.000Z","volume":2500,"label":" ","price":7.25},{"type":"B","date":"2018-04-11T07:34:43.000Z","volume":18000,"label":" ","price":7.25},{"type":"B","date":"2018-04-11T07:34:43.000Z","volume":3000,"label":" ","price":7.25},{"type":"B","date":"2018-04-11T07:34:43.000Z","volume":2000,"label":" ","price":7.25},{"type":"A","date":"2018-04-11T07:34:46.000Z","volume":1000,"label":" ","price":7.26},{"type":"A","date":"2018-04-11T07:36:23.000Z","volume":70000,"label":" ","price":7.26},{"type":"B","date":"2018-04-11T07:39:03.000Z","volume":500,"label":" ","price":7.25},{"type":"B","date":"2018-04-11T07:40:18.000Z","volume":3000,"label":" ","price":7.25},{"type":"B","date":"2018-04-11T07:40:49.000Z","volume":12500,"label":" ","price":7.25},{"type":"A","date":"2018-04-11T07:41:18.000Z","volume":1000,"label":" ","price":7.26},{"type":"A","date":"2018-04-11T07:41:24.000Z","volume":500,"label":" ","price":7.26},{"type":"B","date":"2018-04-11T07:41:24.000Z","volume":2500,"label":" ","price":7.25},{"type":"B","date":"2018-04-11T07:42:44.000Z","volume":21500,"label":" ","price":7.25},{"type":"B","date":"2018-04-11T07:42:44.000Z","volume":500,"label":" ","price":7.25},{"type":"A","date":"2018-04-11T07:43:18.000Z","volume":500,"label":" ","price":7.25},{"type":"B","date":"2018-04-11T07:43:45.000Z","volume":1000,"label":" ","price":7.24},{"type":"B","date":"2018-04-11T07:43:56.000Z","volume":500,"label":" ","price":7.24},{"type":"B","date":"2018-04-11T07:45:34.000Z","volume":9000,"label":" ","price":7.24},{"type":"A","date":"2018-04-11T07:47:18.000Z","volume":2000,"label":" ","price":7.25},{"type":"B","date":"2018-04-11T07:48:34.000Z","volume":2500,"label":" ","price":7.24},{"type":"A","date":"2018-04-11T07:48:47.000Z","volume":1000,"label":" ","price":7.25},{"type":"B","date":"2018-04-11T07:48:47.000Z","volume":3000,"label":" ","price":7.24},{"type":"B","date":"2018-04-11T07:49:56.000Z","volume":500,"label":" ","price":7.24},{"type":"B","date":"2018-04-11T07:49:56.000Z","volume":2500,"label":" ","price":7.24},{"type":"B","date":"2018-04-11T07:49:56.000Z","volume":2500,"label":" ","price":7.24},{"type":"B","date":"2018-04-11T07:50:11.000Z","volume":500,"label":"Y","price":7.24},{"type":"A","date":"2018-04-11T07:51:13.000Z","volume":500,"label":" ","price":7.25},{"type":"A","date":"2018-04-11T07:51:26.000Z","volume":500,"label":" ","price":7.25},{"type":"A","date":"2018-04-11T07:52:02.000Z","volume":500,"label":"Y","price":7.25},{"type":"A","date":"2018-04-11T07:52:31.000Z","volume":1000,"label":" ","price":7.25},{"type":"A","date":"2018-04-11T07:53:32.000Z","volume":500,"label":"Y","price":7.25},{"type":"A","date":"2018-04-11T07:55:32.000Z","volume":500,"label":"Y","price":7.25},{"type":"B","date":"2018-04-11T07:56:01.000Z","volume":500,"label":"Y","price":7.24},{"type":"A","date":"2018-04-11T07:56:15.000Z","volume":1000,"label":" ","price":7.25},{"type":"A","date":"2018-04-11T07:56:46.000Z","volume":16000,"label":" ","price":7.25},{"type":"A","date":"2018-04-11T07:56:47.000Z","volume":500,"label":"Y","price":7.25},{"type":"B","date":"2018-04-11T07:57:00.000Z","volume":2500,"label":" ","price":7.24},{"type":"A","date":"2018-04-11T07:57:15.000Z","volume":1500,"label":" ","price":7.25},{"type":"A","date":"2018-04-11T07:57:39.000Z","volume":1500,"label":" ","price":7.25},{"type":"B","date":"2018-04-11T07:57:56.000Z","volume":1000,"label":" ","price":7.24},{"type":"A","date":"2018-04-11T07:58:02.000Z","volume":500,"label":"Y","price":7.25},{"type":"B","date":"2018-04-11T07:58:03.000Z","volume":2500,"label":" ","price":7.24},{"type":"A","date":"2018-04-11T07:58:03.000Z","volume":1500,"label":" ","price":7.25},{"type":"A","date":"2018-04-11T07:58:27.000Z","volume":1500,"label":" ","price":7.25},{"type":"A","date":"2018-04-11T07:58:49.000Z","volume":1500,"label":" ","price":7.25},{"type":"A","date":"2018-04-11T07:58:56.000Z","volume":500,"label":" ","price":7.25},{"type":"A","date":"2018-04-11T07:59:01.000Z","volume":500,"label":" ","price":7.25},{"type":"A","date":"2018-04-11T07:59:05.000Z","volume":500,"label":" ","price":7.25},{"type":"B","date":"2018-04-11T07:59:26.000Z","volume":500,"label":" ","price":7.24},{"type":"A","date":"2018-04-11T07:59:31.000Z","volume":1000,"label":" ","price":7.25},{"type":"B","date":"2018-04-11T07:59:31.000Z","volume":2500,"label":" ","price":7.24},{"type":"A","date":"2018-04-11T07:59:53.000Z","volume":500,"label":"Y","price":7.25},{"type":"B","date":"2018-04-11T07:59:55.000Z","volume":2500,"label":"Y","price":7.24},{"type":"B","date":"2018-04-11T07:59:55.000Z","volume":2500,"label":" ","price":7.24},{"type":"U","date":"2018-04-11T08:08:14.000Z","volume":62000,"label":"U","price":7.24}]