[{"type":"U","date":"2018-03-28T01:20:00.000Z","volume":80000,"label":"U","price":0.445},{"type":"B","date":"2018-03-28T01:43:25.000Z","volume":32000,"label":" ","price":0.42},{"type":"A","date":"2018-03-28T01:43:37.000Z","volume":8000,"label":" ","price":0.42},{"type":"B","date":"2018-03-28T02:05:01.000Z","volume":48000,"label":" ","price":0.415},{"type":"B","date":"2018-03-28T02:30:20.000Z","volume":56000,"label":" ","price":0.42},{"type":"B","date":"2018-03-28T03:38:04.000Z","volume":88000,"label":"Y","price":0.41},{"type":"B","date":"2018-03-28T03:38:04.000Z","volume":40000,"label":" ","price":0.41},{"type":"B","date":"2018-03-28T03:47:23.000Z","volume":20000,"label":" ","price":0.405},{"type":"B","date":"2018-03-28T03:48:45.000Z","volume":20000,"label":" ","price":0.405},{"type":"A","date":"2018-03-28T03:50:23.000Z","volume":20000,"label":" ","price":0.405},{"type":"B","date":"2018-03-28T05:19:01.000Z","volume":4000,"label":" ","price":0.405},{"type":"B","date":"2018-03-28T05:33:46.000Z","volume":8000,"label":" ","price":0.405},{"type":"A","date":"2018-03-28T05:48:05.000Z","volume":60000,"label":" ","price":0.41},{"type":"A","date":"2018-03-28T05:54:18.000Z","volume":20000,"label":" ","price":0.41},{"type":"B","date":"2018-03-28T06:13:47.000Z","volume":20000,"label":" ","price":0.41},{"type":"B","date":"2018-03-28T06:20:24.000Z","volume":16000,"label":" ","price":0.41},{"type":"B","date":"2018-03-28T07:00:37.000Z","volume":332000,"label":" ","price":0.4},{"type":"A","date":"2018-03-28T07:01:24.000Z","volume":16000,"label":" ","price":0.4},{"type":"A","date":"2018-03-28T07:07:33.000Z","volume":44000,"label":" ","price":0.4},{"type":"B","date":"2018-03-28T07:07:38.000Z","volume":28000,"label":" ","price":0.395},{"type":"A","date":"2018-03-28T07:08:22.000Z","volume":28000,"label":" ","price":0.395},{"type":"A","date":"2018-03-28T07:08:22.000Z","volume":12000,"label":" ","price":0.4},{"type":"B","date":"2018-03-28T07:23:44.000Z","volume":32000,"label":" ","price":0.395},{"type":"B","date":"2018-03-28T07:23:44.000Z","volume":40000,"label":" ","price":0.39},{"type":"A","date":"2018-03-28T07:26:41.000Z","volume":4000,"label":" ","price":0.4},{"type":"B","date":"2018-03-28T07:30:23.000Z","volume":60000,"label":" ","price":0.395},{"type":"A","date":"2018-03-28T07:55:33.000Z","volume":52000,"label":" ","price":0.4},{"type":"A","date":"2018-03-28T07:55:33.000Z","volume":8000,"label":" ","price":0.405},{"type":"A","date":"2018-03-28T07:55:33.000Z","volume":4000,"label":" ","price":0.41}]