[{"type":"U","date":"2018-04-17T01:20:00.000Z","volume":4000,"label":"U","price":1.29},{"type":"B","date":"2018-04-17T01:30:02.000Z","volume":12000,"label":" ","price":1.29},{"type":"B","date":"2018-04-17T01:39:41.000Z","volume":8000,"label":" ","price":1.29},{"type":"A","date":"2018-04-17T01:50:14.000Z","volume":28000,"label":" ","price":1.28},{"type":"A","date":"2018-04-17T01:50:46.000Z","volume":4000,"label":" ","price":1.28},{"type":"A","date":"2018-04-17T01:53:30.000Z","volume":4000,"label":" ","price":1.29},{"type":"B","date":"2018-04-17T01:57:44.000Z","volume":4000,"label":" ","price":1.29},{"type":"A","date":"2018-04-17T02:20:33.000Z","volume":224000,"label":" ","price":1.3},{"type":"A","date":"2018-04-17T02:20:42.000Z","volume":352000,"label":" ","price":1.31},{"type":"B","date":"2018-04-17T02:20:42.000Z","volume":12000,"label":" ","price":1.28},{"type":"B","date":"2018-04-17T02:39:52.000Z","volume":24000,"label":" ","price":1.29},{"type":"A","date":"2018-04-17T03:03:18.000Z","volume":8000,"label":" ","price":1.3},{"type":"U","date":"2018-04-17T03:47:24.000Z","volume":250,"label":"D","price":1.25},{"type":"B","date":"2018-04-17T05:18:41.000Z","volume":20000,"label":" ","price":1.29},{"type":"B","date":"2018-04-17T05:18:54.000Z","volume":84000,"label":" ","price":1.29},{"type":"B","date":"2018-04-17T05:35:04.000Z","volume":4000,"label":" ","price":1.28},{"type":"B","date":"2018-04-17T05:56:50.000Z","volume":20000,"label":" ","price":1.28},{"type":"B","date":"2018-04-17T05:56:50.000Z","volume":8000,"label":" ","price":1.28},{"type":"B","date":"2018-04-17T06:05:53.000Z","volume":20000,"label":" ","price":1.28},{"type":"B","date":"2018-04-17T06:15:44.000Z","volume":8000,"label":" ","price":1.28},{"type":"B","date":"2018-04-17T06:28:38.000Z","volume":68000,"label":" ","price":1.28},{"type":"B","date":"2018-04-17T06:28:38.000Z","volume":12000,"label":" ","price":1.28},{"type":"A","date":"2018-04-17T06:40:46.000Z","volume":12000,"label":" ","price":1.29},{"type":"B","date":"2018-04-17T06:40:46.000Z","volume":4000,"label":" ","price":1.28},{"type":"B","date":"2018-04-17T06:44:37.000Z","volume":28000,"label":" ","price":1.28},{"type":"B","date":"2018-04-17T06:44:37.000Z","volume":8000,"label":" ","price":1.28},{"type":"A","date":"2018-04-17T06:46:48.000Z","volume":20000,"label":" ","price":1.29},{"type":"B","date":"2018-04-17T07:03:43.000Z","volume":40000,"label":" ","price":1.28},{"type":"B","date":"2018-04-17T07:03:45.000Z","volume":16000,"label":" ","price":1.28},{"type":"B","date":"2018-04-17T07:05:49.000Z","volume":4000,"label":" ","price":1.28},{"type":"B","date":"2018-04-17T07:06:42.000Z","volume":8000,"label":"Y","price":1.28},{"type":"B","date":"2018-04-17T07:06:42.000Z","volume":32000,"label":" ","price":1.28},{"type":"B","date":"2018-04-17T07:06:43.000Z","volume":4000,"label":" ","price":1.28},{"type":"B","date":"2018-04-17T07:06:47.000Z","volume":4000,"label":" ","price":1.28},{"type":"B","date":"2018-04-17T07:06:51.000Z","volume":8000,"label":" ","price":1.27},{"type":"A","date":"2018-04-17T07:11:24.000Z","volume":20000,"label":" ","price":1.28},{"type":"B","date":"2018-04-17T07:16:42.000Z","volume":4000,"label":" ","price":1.27},{"type":"A","date":"2018-04-17T07:18:50.000Z","volume":36000,"label":" ","price":1.28},{"type":"B","date":"2018-04-17T07:18:50.000Z","volume":8000,"label":" ","price":1.27},{"type":"A","date":"2018-04-17T07:18:54.000Z","volume":40000,"label":" ","price":1.29},{"type":"B","date":"2018-04-17T07:51:30.000Z","volume":28000,"label":" ","price":1.27},{"type":"A","date":"2018-04-17T07:58:47.000Z","volume":40000,"label":" ","price":1.28},{"type":"A","date":"2018-04-17T07:58:47.000Z","volume":28000,"label":" ","price":1.29},{"type":"A","date":"2018-04-17T07:58:52.000Z","volume":4000,"label":" ","price":1.3}]