[{"type":"A","date":"2018-04-18T01:30:31.000Z","volume":10000,"label":" ","price":6.45},{"type":"A","date":"2018-04-18T01:30:37.000Z","volume":10000,"label":" ","price":6.45},{"type":"A","date":"2018-04-18T01:52:18.000Z","volume":8000,"label":" ","price":6.39},{"type":"A","date":"2018-04-18T01:53:02.000Z","volume":12000,"label":" ","price":6.39},{"type":"A","date":"2018-04-18T02:04:56.000Z","volume":6000,"label":" ","price":6.42},{"type":"A","date":"2018-04-18T02:07:44.000Z","volume":4000,"label":" ","price":6.41},{"type":"A","date":"2018-04-18T02:13:57.000Z","volume":4000,"label":" ","price":6.42},{"type":"B","date":"2018-04-18T02:19:15.000Z","volume":2000,"label":" ","price":6.4},{"type":"B","date":"2018-04-18T02:20:14.000Z","volume":30000,"label":" ","price":6.4},{"type":"B","date":"2018-04-18T02:20:14.000Z","volume":14000,"label":" ","price":6.4},{"type":"A","date":"2018-04-18T02:20:39.000Z","volume":10000,"label":" ","price":6.42},{"type":"B","date":"2018-04-18T02:29:37.000Z","volume":6000,"label":" ","price":6.35},{"type":"B","date":"2018-04-18T02:38:22.000Z","volume":8000,"label":" ","price":6.34},{"type":"A","date":"2018-04-18T02:38:28.000Z","volume":2000,"label":" ","price":6.37},{"type":"A","date":"2018-04-18T02:38:28.000Z","volume":14000,"label":" ","price":6.38},{"type":"B","date":"2018-04-18T02:44:42.000Z","volume":8000,"label":" ","price":6.33},{"type":"B","date":"2018-04-18T02:45:25.000Z","volume":2000,"label":" ","price":6.33},{"type":"U","date":"2018-04-18T02:47:06.000Z","volume":712,"label":"D","price":6.28},{"type":"B","date":"2018-04-18T02:51:48.000Z","volume":2000,"label":" ","price":6.33},{"type":"B","date":"2018-04-18T02:54:57.000Z","volume":2000,"label":" ","price":6.32},{"type":"B","date":"2018-04-18T02:55:03.000Z","volume":6000,"label":" ","price":6.32},{"type":"B","date":"2018-04-18T02:55:32.000Z","volume":4000,"label":"Y","price":6.31},{"type":"B","date":"2018-04-18T02:55:32.000Z","volume":6000,"label":" ","price":6.31},{"type":"B","date":"2018-04-18T02:55:32.000Z","volume":8000,"label":" ","price":6.3},{"type":"B","date":"2018-04-18T02:55:32.000Z","volume":32000,"label":" ","price":6.28},{"type":"B","date":"2018-04-18T02:55:34.000Z","volume":4000,"label":" ","price":6.28},{"type":"A","date":"2018-04-18T02:58:13.000Z","volume":14000,"label":" ","price":6.31},{"type":"A","date":"2018-04-18T03:00:12.000Z","volume":12000,"label":" ","price":6.32},{"type":"A","date":"2018-04-18T03:00:39.000Z","volume":10000,"label":" ","price":6.32},{"type":"A","date":"2018-04-18T03:00:49.000Z","volume":10000,"label":" ","price":6.32},{"type":"A","date":"2018-04-18T03:02:35.000Z","volume":6000,"label":" ","price":6.31},{"type":"A","date":"2018-04-18T03:02:35.000Z","volume":14000,"label":" ","price":6.32},{"type":"A","date":"2018-04-18T03:02:48.000Z","volume":6000,"label":" ","price":6.32},{"type":"A","date":"2018-04-18T03:03:50.000Z","volume":8000,"label":" ","price":6.33},{"type":"A","date":"2018-04-18T03:10:59.000Z","volume":14000,"label":" ","price":6.34},{"type":"B","date":"2018-04-18T03:18:05.000Z","volume":10000,"label":" ","price":6.3},{"type":"B","date":"2018-04-18T03:18:42.000Z","volume":10000,"label":" ","price":6.3},{"type":"B","date":"2018-04-18T03:20:31.000Z","volume":10000,"label":" ","price":6.3},{"type":"B","date":"2018-04-18T03:20:42.000Z","volume":2000,"label":" ","price":6.3},{"type":"B","date":"2018-04-18T03:21:40.000Z","volume":8000,"label":" ","price":6.3},{"type":"A","date":"2018-04-18T03:21:56.000Z","volume":14000,"label":" ","price":6.33},{"type":"B","date":"2018-04-18T03:26:02.000Z","volume":10000,"label":" ","price":6.3},{"type":"B","date":"2018-04-18T03:26:27.000Z","volume":10000,"label":" ","price":6.3},{"type":"B","date":"2018-04-18T03:27:50.000Z","volume":2000,"label":" ","price":6.31},{"type":"A","date":"2018-04-18T03:38:50.000Z","volume":12000,"label":" ","price":6.3},{"type":"A","date":"2018-04-18T03:53:32.000Z","volume":16000,"label":" ","price":6.3},{"type":"A","date":"2018-04-18T03:58:11.000Z","volume":10000,"label":" ","price":6.33},{"type":"A","date":"2018-04-18T05:01:46.000Z","volume":14000,"label":" ","price":6.33},{"type":"A","date":"2018-04-18T05:16:53.000Z","volume":16000,"label":" ","price":6.33},{"type":"A","date":"2018-04-18T05:31:12.000Z","volume":12000,"label":" ","price":6.33},{"type":"A","date":"2018-04-18T05:45:50.000Z","volume":8000,"label":" ","price":6.33},{"type":"A","date":"2018-04-18T05:46:42.000Z","volume":6000,"label":" ","price":6.33},{"type":"A","date":"2018-04-18T05:47:40.000Z","volume":8000,"label":" ","price":6.33},{"type":"A","date":"2018-04-18T06:01:50.000Z","volume":10000,"label":" ","price":6.33},{"type":"A","date":"2018-04-18T06:02:43.000Z","volume":6000,"label":" ","price":6.33},{"type":"B","date":"2018-04-18T06:12:50.000Z","volume":2000,"label":"Y","price":6.28},{"type":"A","date":"2018-04-18T06:15:32.000Z","volume":12000,"label":" ","price":6.33},{"type":"A","date":"2018-04-18T06:15:43.000Z","volume":8000,"label":" ","price":6.33},{"type":"A","date":"2018-04-18T06:19:26.000Z","volume":12000,"label":" ","price":6.34},{"type":"A","date":"2018-04-18T06:20:51.000Z","volume":16000,"label":" ","price":6.35},{"type":"A","date":"2018-04-18T06:20:51.000Z","volume":184000,"label":" ","price":6.36},{"type":"A","date":"2018-04-18T06:20:51.000Z","volume":16000,"label":" ","price":6.36},{"type":"A","date":"2018-04-18T06:20:51.000Z","volume":6000,"label":" ","price":6.37},{"type":"B","date":"2018-04-18T06:20:51.000Z","volume":18000,"label":" ","price":6.36},{"type":"A","date":"2018-04-18T06:21:10.000Z","volume":6000,"label":" ","price":6.37},{"type":"B","date":"2018-04-18T06:21:13.000Z","volume":14000,"label":" ","price":6.36},{"type":"B","date":"2018-04-18T06:24:20.000Z","volume":152000,"label":" ","price":6.36},{"type":"B","date":"2018-04-18T06:24:27.000Z","volume":2000,"label":" ","price":6.36},{"type":"B","date":"2018-04-18T06:24:31.000Z","volume":2000,"label":" ","price":6.36},{"type":"B","date":"2018-04-18T06:24:35.000Z","volume":2000,"label":" ","price":6.36},{"type":"B","date":"2018-04-18T06:24:39.000Z","volume":2000,"label":" ","price":6.36},{"type":"B","date":"2018-04-18T06:24:44.000Z","volume":2000,"label":" ","price":6.36},{"type":"B","date":"2018-04-18T06:27:45.000Z","volume":8000,"label":" ","price":6.39},{"type":"A","date":"2018-04-18T06:28:32.000Z","volume":16000,"label":" ","price":6.4},{"type":"A","date":"2018-04-18T06:28:45.000Z","volume":16000,"label":" ","price":6.4},{"type":"A","date":"2018-04-18T06:28:51.000Z","volume":4000,"label":" ","price":6.41},{"type":"A","date":"2018-04-18T06:28:55.000Z","volume":12000,"label":" ","price":6.41},{"type":"A","date":"2018-04-18T06:28:55.000Z","volume":10000,"label":" ","price":6.41},{"type":"A","date":"2018-04-18T06:29:45.000Z","volume":12000,"label":" ","price":6.43},{"type":"A","date":"2018-04-18T06:29:45.000Z","volume":28000,"label":" ","price":6.43},{"type":"A","date":"2018-04-18T06:29:47.000Z","volume":4000,"label":" ","price":6.44},{"type":"A","date":"2018-04-18T06:29:47.000Z","volume":46000,"label":" ","price":6.44},{"type":"A","date":"2018-04-18T06:30:17.000Z","volume":2000,"label":" ","price":6.46},{"type":"A","date":"2018-04-18T06:32:45.000Z","volume":18000,"label":" ","price":6.46},{"type":"A","date":"2018-04-18T06:32:49.000Z","volume":32000,"label":" ","price":6.47},{"type":"A","date":"2018-04-18T06:32:49.000Z","volume":2000,"label":" ","price":6.47},{"type":"U","date":"2018-04-18T06:33:05.000Z","volume":22000,"label":" ","price":6.48},{"type":"B","date":"2018-04-18T06:33:05.000Z","volume":24000,"label":" ","price":6.47},{"type":"B","date":"2018-04-18T06:33:35.000Z","volume":8000,"label":" ","price":6.47},{"type":"B","date":"2018-04-18T06:39:30.000Z","volume":30000,"label":" ","price":6.44},{"type":"A","date":"2018-04-18T06:39:33.000Z","volume":20000,"label":" ","price":6.44},{"type":"A","date":"2018-04-18T06:39:33.000Z","volume":28000,"label":" ","price":6.47},{"type":"A","date":"2018-04-18T06:39:33.000Z","volume":4000,"label":" ","price":6.48},{"type":"B","date":"2018-04-18T06:41:19.000Z","volume":2000,"label":" ","price":6.43},{"type":"B","date":"2018-04-18T06:41:21.000Z","volume":8000,"label":" ","price":6.42},{"type":"B","date":"2018-04-18T06:42:17.000Z","volume":2000,"label":" ","price":6.43},{"type":"B","date":"2018-04-18T06:42:17.000Z","volume":8000,"label":" ","price":6.43},{"type":"A","date":"2018-04-18T06:45:45.000Z","volume":6000,"label":" ","price":6.47},{"type":"B","date":"2018-04-18T06:58:39.000Z","volume":4000,"label":" ","price":6.43},{"type":"B","date":"2018-04-18T06:59:51.000Z","volume":10000,"label":" ","price":6.42},{"type":"B","date":"2018-04-18T06:59:51.000Z","volume":10000,"label":" ","price":6.42},{"type":"B","date":"2018-04-18T07:00:07.000Z","volume":12000,"label":" ","price":6.41},{"type":"A","date":"2018-04-18T07:00:09.000Z","volume":8000,"label":" ","price":6.41},{"type":"B","date":"2018-04-18T07:01:09.000Z","volume":12000,"label":" ","price":6.41},{"type":"A","date":"2018-04-18T07:01:09.000Z","volume":6000,"label":" ","price":6.41},{"type":"A","date":"2018-04-18T07:02:35.000Z","volume":10000,"label":"Y","price":6.41},{"type":"A","date":"2018-04-18T07:02:35.000Z","volume":4000,"label":" ","price":6.41},{"type":"A","date":"2018-04-18T07:03:55.000Z","volume":6000,"label":" ","price":6.41},{"type":"A","date":"2018-04-18T07:09:19.000Z","volume":4000,"label":" ","price":6.41},{"type":"B","date":"2018-04-18T07:12:22.000Z","volume":10000,"label":" ","price":6.4},{"type":"B","date":"2018-04-18T07:12:42.000Z","volume":16000,"label":" ","price":6.4},{"type":"B","date":"2018-04-18T07:23:28.000Z","volume":10000,"label":" ","price":6.4},{"type":"B","date":"2018-04-18T07:27:41.000Z","volume":2000,"label":" ","price":6.4},{"type":"A","date":"2018-04-18T07:38:36.000Z","volume":2000,"label":" ","price":6.41},{"type":"A","date":"2018-04-18T07:49:05.000Z","volume":2000,"label":" ","price":6.41},{"type":"B","date":"2018-04-18T07:50:21.000Z","volume":10000,"label":" ","price":6.39},{"type":"A","date":"2018-04-18T07:58:27.000Z","volume":2000,"label":" ","price":6.41}]