[{"type":"U","date":"2018-03-27T01:20:00.000Z","volume":22000,"label":"U","price":2.57},{"type":"B","date":"2018-03-27T01:30:00.000Z","volume":30000,"label":" ","price":2.55},{"type":"B","date":"2018-03-27T01:30:00.000Z","volume":12000,"label":" ","price":2.54},{"type":"B","date":"2018-03-27T01:30:02.000Z","volume":4000,"label":" ","price":2.56},{"type":"A","date":"2018-03-27T01:30:08.000Z","volume":20000,"label":" ","price":2.57},{"type":"B","date":"2018-03-27T01:30:20.000Z","volume":18000,"label":" ","price":2.57},{"type":"U","date":"2018-03-27T01:30:23.000Z","volume":10000,"label":" ","price":2.57},{"type":"B","date":"2018-03-27T01:31:40.000Z","volume":14000,"label":"Y","price":2.57},{"type":"A","date":"2018-03-27T01:31:57.000Z","volume":10000,"label":" ","price":2.58},{"type":"B","date":"2018-03-27T01:31:59.000Z","volume":16000,"label":"Y","price":2.57},{"type":"B","date":"2018-03-27T01:31:59.000Z","volume":4000,"label":" ","price":2.57},{"type":"B","date":"2018-03-27T01:32:06.000Z","volume":30000,"label":" ","price":2.57},{"type":"B","date":"2018-03-27T01:32:19.000Z","volume":6000,"label":" ","price":2.57},{"type":"A","date":"2018-03-27T01:32:22.000Z","volume":4000,"label":" ","price":2.57},{"type":"B","date":"2018-03-27T01:32:39.000Z","volume":20000,"label":" ","price":2.57},{"type":"B","date":"2018-03-27T01:32:50.000Z","volume":26000,"label":" ","price":2.57},{"type":"A","date":"2018-03-27T01:33:21.000Z","volume":4000,"label":" ","price":2.57},{"type":"B","date":"2018-03-27T01:33:48.000Z","volume":18000,"label":" ","price":2.57},{"type":"A","date":"2018-03-27T01:34:00.000Z","volume":10000,"label":" ","price":2.57},{"type":"A","date":"2018-03-27T01:34:13.000Z","volume":26000,"label":" ","price":2.57},{"type":"A","date":"2018-03-27T01:34:13.000Z","volume":2000,"label":" ","price":2.57},{"type":"B","date":"2018-03-27T01:34:38.000Z","volume":16000,"label":" ","price":2.57},{"type":"B","date":"2018-03-27T01:34:46.000Z","volume":16000,"label":" ","price":2.57},{"type":"B","date":"2018-03-27T01:35:40.000Z","volume":20000,"label":" ","price":2.56},{"type":"A","date":"2018-03-27T01:35:59.000Z","volume":8000,"label":" ","price":2.57},{"type":"B","date":"2018-03-27T01:36:49.000Z","volume":2000,"label":" ","price":2.56},{"type":"A","date":"2018-03-27T01:37:47.000Z","volume":148000,"label":" ","price":2.57},{"type":"B","date":"2018-03-27T01:38:02.000Z","volume":10000,"label":" ","price":2.57},{"type":"A","date":"2018-03-27T01:38:20.000Z","volume":54000,"label":"Y","price":2.58},{"type":"A","date":"2018-03-27T01:38:20.000Z","volume":6000,"label":" ","price":2.58},{"type":"B","date":"2018-03-27T01:38:30.000Z","volume":2000,"label":" ","price":2.57},{"type":"A","date":"2018-03-27T01:39:27.000Z","volume":20000,"label":" ","price":2.58},{"type":"A","date":"2018-03-27T01:42:10.000Z","volume":4000,"label":" ","price":2.58},{"type":"B","date":"2018-03-27T01:45:05.000Z","volume":4000,"label":" ","price":2.57},{"type":"B","date":"2018-03-27T01:45:20.000Z","volume":2000,"label":" ","price":2.57},{"type":"A","date":"2018-03-27T01:45:29.000Z","volume":20000,"label":"Y","price":2.58},{"type":"A","date":"2018-03-27T01:45:29.000Z","volume":60000,"label":" ","price":2.58},{"type":"B","date":"2018-03-27T01:46:38.000Z","volume":10000,"label":" ","price":2.57},{"type":"B","date":"2018-03-27T01:46:38.000Z","volume":116000,"label":" ","price":2.57},{"type":"B","date":"2018-03-27T01:46:38.000Z","volume":34000,"label":" ","price":2.57},{"type":"B","date":"2018-03-27T01:46:38.000Z","volume":4000,"label":" ","price":2.57},{"type":"B","date":"2018-03-27T01:47:25.000Z","volume":4000,"label":" ","price":2.56},{"type":"B","date":"2018-03-27T01:47:25.000Z","volume":16000,"label":" ","price":2.56},{"type":"A","date":"2018-03-27T01:49:01.000Z","volume":60000,"label":" ","price":2.57},{"type":"B","date":"2018-03-27T01:49:14.000Z","volume":12000,"label":" ","price":2.57},{"type":"B","date":"2018-03-27T01:49:51.000Z","volume":2000,"label":"Y","price":2.57},{"type":"B","date":"2018-03-27T01:49:51.000Z","volume":8000,"label":" ","price":2.57},{"type":"B","date":"2018-03-27T01:50:11.000Z","volume":8000,"label":" ","price":2.57},{"type":"A","date":"2018-03-27T01:51:26.000Z","volume":10000,"label":" ","price":2.58},{"type":"B","date":"2018-03-27T01:51:29.000Z","volume":20000,"label":"Y","price":2.57},{"type":"B","date":"2018-03-27T01:52:07.000Z","volume":40000,"label":" ","price":2.57},{"type":"B","date":"2018-03-27T01:53:20.000Z","volume":16000,"label":" ","price":2.57},{"type":"B","date":"2018-03-27T01:54:03.000Z","volume":38000,"label":"Y","price":2.57},{"type":"B","date":"2018-03-27T01:54:03.000Z","volume":62000,"label":" ","price":2.57},{"type":"B","date":"2018-03-27T01:54:03.000Z","volume":12000,"label":" ","price":2.57},{"type":"B","date":"2018-03-27T02:03:10.000Z","volume":30000,"label":" ","price":2.56},{"type":"B","date":"2018-03-27T02:03:12.000Z","volume":20000,"label":"Y","price":2.56},{"type":"B","date":"2018-03-27T02:03:16.000Z","volume":14000,"label":" ","price":2.56},{"type":"B","date":"2018-03-27T02:03:32.000Z","volume":150000,"label":" ","price":2.56},{"type":"B","date":"2018-03-27T02:03:32.000Z","volume":4000,"label":" ","price":2.56},{"type":"B","date":"2018-03-27T02:03:32.000Z","volume":2000,"label":" ","price":2.56},{"type":"B","date":"2018-03-27T02:03:37.000Z","volume":14000,"label":" ","price":2.56},{"type":"B","date":"2018-03-27T02:03:54.000Z","volume":10000,"label":" ","price":2.56},{"type":"B","date":"2018-03-27T02:03:54.000Z","volume":2000,"label":" ","price":2.56},{"type":"A","date":"2018-03-27T02:11:11.000Z","volume":100000,"label":"Y","price":2.56},{"type":"A","date":"2018-03-27T02:11:11.000Z","volume":50000,"label":" ","price":2.56},{"type":"A","date":"2018-03-27T02:11:11.000Z","volume":4000,"label":"Y","price":2.56},{"type":"B","date":"2018-03-27T02:12:30.000Z","volume":4000,"label":" ","price":2.55},{"type":"B","date":"2018-03-27T02:17:57.000Z","volume":74000,"label":"Y","price":2.55},{"type":"B","date":"2018-03-27T02:17:57.000Z","volume":6000,"label":" ","price":2.55},{"type":"B","date":"2018-03-27T02:19:15.000Z","volume":96000,"label":" ","price":2.55},{"type":"B","date":"2018-03-27T02:19:15.000Z","volume":4000,"label":" ","price":2.55},{"type":"B","date":"2018-03-27T02:19:40.000Z","volume":4000,"label":" ","price":2.55},{"type":"A","date":"2018-03-27T02:20:46.000Z","volume":64000,"label":" ","price":2.55},{"type":"B","date":"2018-03-27T02:21:32.000Z","volume":150000,"label":" ","price":2.55},{"type":"B","date":"2018-03-27T02:24:56.000Z","volume":60000,"label":" ","price":2.55},{"type":"B","date":"2018-03-27T02:27:53.000Z","volume":2000,"label":" ","price":2.55},{"type":"B","date":"2018-03-27T02:27:53.000Z","volume":4000,"label":" ","price":2.55},{"type":"B","date":"2018-03-27T02:28:19.000Z","volume":120000,"label":" ","price":2.55},{"type":"A","date":"2018-03-27T02:37:15.000Z","volume":10000,"label":" ","price":2.55},{"type":"A","date":"2018-03-27T02:37:43.000Z","volume":10000,"label":" ","price":2.55},{"type":"B","date":"2018-03-27T02:38:33.000Z","volume":6000,"label":" ","price":2.54},{"type":"A","date":"2018-03-27T02:38:39.000Z","volume":14000,"label":"Y","price":2.55},{"type":"A","date":"2018-03-27T02:38:39.000Z","volume":86000,"label":" ","price":2.55},{"type":"A","date":"2018-03-27T02:38:39.000Z","volume":2000,"label":" ","price":2.55},{"type":"A","date":"2018-03-27T02:42:13.000Z","volume":28000,"label":" ","price":2.56},{"type":"A","date":"2018-03-27T02:48:47.000Z","volume":50000,"label":"Y","price":2.56},{"type":"A","date":"2018-03-27T02:48:47.000Z","volume":50000,"label":" ","price":2.56},{"type":"A","date":"2018-03-27T02:49:56.000Z","volume":10000,"label":" ","price":2.56},{"type":"A","date":"2018-03-27T02:53:01.000Z","volume":4000,"label":" ","price":2.56},{"type":"A","date":"2018-03-27T02:56:32.000Z","volume":2000,"label":" ","price":2.56},{"type":"A","date":"2018-03-27T03:12:47.000Z","volume":6000,"label":" ","price":2.56},{"type":"A","date":"2018-03-27T03:18:13.000Z","volume":2000,"label":" ","price":2.56},{"type":"A","date":"2018-03-27T03:23:07.000Z","volume":10000,"label":" ","price":2.56},{"type":"A","date":"2018-03-27T03:27:25.000Z","volume":18000,"label":" ","price":2.56},{"type":"B","date":"2018-03-27T03:27:37.000Z","volume":8000,"label":" ","price":2.55},{"type":"A","date":"2018-03-27T03:36:31.000Z","volume":2000,"label":" ","price":2.56},{"type":"B","date":"2018-03-27T03:38:06.000Z","volume":16000,"label":" ","price":2.55},{"type":"B","date":"2018-03-27T03:51:49.000Z","volume":30000,"label":"Y","price":2.55},{"type":"B","date":"2018-03-27T03:51:49.000Z","volume":20000,"label":" ","price":2.55},{"type":"A","date":"2018-03-27T05:02:40.000Z","volume":94000,"label":" ","price":2.56},{"type":"B","date":"2018-03-27T05:09:39.000Z","volume":2000,"label":" ","price":2.56},{"type":"A","date":"2018-03-27T05:14:23.000Z","volume":18000,"label":"Y","price":2.57},{"type":"A","date":"2018-03-27T05:14:23.000Z","volume":138000,"label":" ","price":2.57},{"type":"B","date":"2018-03-27T05:14:35.000Z","volume":10000,"label":" ","price":2.56},{"type":"A","date":"2018-03-27T05:15:17.000Z","volume":2000,"label":" ","price":2.57},{"type":"B","date":"2018-03-27T05:22:45.000Z","volume":10000,"label":" ","price":2.56},{"type":"A","date":"2018-03-27T05:34:09.000Z","volume":100000,"label":" ","price":2.57},{"type":"A","date":"2018-03-27T05:36:16.000Z","volume":12000,"label":" ","price":2.57},{"type":"A","date":"2018-03-27T05:39:09.000Z","volume":50000,"label":" ","price":2.57},{"type":"A","date":"2018-03-27T05:40:50.000Z","volume":54000,"label":" ","price":2.57},{"type":"B","date":"2018-03-27T05:40:51.000Z","volume":6000,"label":" ","price":2.57},{"type":"B","date":"2018-03-27T05:44:09.000Z","volume":2000,"label":" ","price":2.57},{"type":"B","date":"2018-03-27T05:48:26.000Z","volume":246000,"label":" ","price":2.57},{"type":"B","date":"2018-03-27T05:48:26.000Z","volume":10000,"label":" ","price":2.57},{"type":"B","date":"2018-03-27T05:48:26.000Z","volume":24000,"label":" ","price":2.57},{"type":"B","date":"2018-03-27T05:49:02.000Z","volume":20000,"label":" ","price":2.57},{"type":"B","date":"2018-03-27T05:50:04.000Z","volume":10000,"label":" ","price":2.57},{"type":"B","date":"2018-03-27T05:51:09.000Z","volume":10000,"label":" ","price":2.57},{"type":"B","date":"2018-03-27T05:51:09.000Z","volume":2000,"label":" ","price":2.57},{"type":"B","date":"2018-03-27T05:54:35.000Z","volume":2000,"label":" ","price":2.57},{"type":"B","date":"2018-03-27T05:55:27.000Z","volume":10000,"label":" ","price":2.57},{"type":"A","date":"2018-03-27T06:03:02.000Z","volume":2000,"label":" ","price":2.58},{"type":"B","date":"2018-03-27T06:04:30.000Z","volume":40000,"label":" ","price":2.57},{"type":"A","date":"2018-03-27T06:07:29.000Z","volume":100000,"label":" ","price":2.58},{"type":"B","date":"2018-03-27T06:13:07.000Z","volume":20000,"label":" ","price":2.57},{"type":"B","date":"2018-03-27T06:14:16.000Z","volume":8000,"label":" ","price":2.57},{"type":"B","date":"2018-03-27T06:15:37.000Z","volume":30000,"label":" ","price":2.57},{"type":"B","date":"2018-03-27T06:15:41.000Z","volume":50000,"label":" ","price":2.57},{"type":"B","date":"2018-03-27T06:21:23.000Z","volume":190000,"label":" ","price":2.57},{"type":"A","date":"2018-03-27T06:47:52.000Z","volume":4000,"label":" ","price":2.57},{"type":"A","date":"2018-03-27T06:49:32.000Z","volume":2000,"label":" ","price":2.57},{"type":"A","date":"2018-03-27T06:53:25.000Z","volume":2000,"label":" ","price":2.57},{"type":"A","date":"2018-03-27T07:08:49.000Z","volume":50000,"label":" ","price":2.57},{"type":"A","date":"2018-03-27T07:17:20.000Z","volume":4000,"label":"Y","price":2.57},{"type":"A","date":"2018-03-27T07:17:20.000Z","volume":2000,"label":" ","price":2.57},{"type":"B","date":"2018-03-27T07:17:22.000Z","volume":2000,"label":" ","price":2.57},{"type":"B","date":"2018-03-27T07:17:22.000Z","volume":2000,"label":" ","price":2.57},{"type":"B","date":"2018-03-27T07:24:39.000Z","volume":32000,"label":" ","price":2.57},{"type":"B","date":"2018-03-27T07:24:56.000Z","volume":10000,"label":" ","price":2.57},{"type":"B","date":"2018-03-27T07:25:06.000Z","volume":18000,"label":" ","price":2.57},{"type":"A","date":"2018-03-27T07:27:55.000Z","volume":60000,"label":" ","price":2.57},{"type":"B","date":"2018-03-27T07:38:58.000Z","volume":84000,"label":" ","price":2.56},{"type":"B","date":"2018-03-27T07:38:59.000Z","volume":12000,"label":" ","price":2.56},{"type":"B","date":"2018-03-27T07:42:59.000Z","volume":24000,"label":" ","price":2.56},{"type":"B","date":"2018-03-27T07:44:46.000Z","volume":198000,"label":" ","price":2.55},{"type":"A","date":"2018-03-27T07:45:44.000Z","volume":2000,"label":" ","price":2.56},{"type":"B","date":"2018-03-27T07:48:47.000Z","volume":188000,"label":" ","price":2.55},{"type":"B","date":"2018-03-27T07:54:06.000Z","volume":6000,"label":"Y","price":2.54},{"type":"B","date":"2018-03-27T07:54:06.000Z","volume":14000,"label":" ","price":2.54},{"type":"A","date":"2018-03-27T07:55:02.000Z","volume":2000,"label":"Y","price":2.55},{"type":"A","date":"2018-03-27T07:55:02.000Z","volume":22000,"label":" ","price":2.55},{"type":"A","date":"2018-03-27T07:56:32.000Z","volume":8000,"label":" ","price":2.55},{"type":"A","date":"2018-03-27T07:56:38.000Z","volume":2000,"label":" ","price":2.55},{"type":"B","date":"2018-03-27T07:56:55.000Z","volume":10000,"label":" ","price":2.54},{"type":"B","date":"2018-03-27T07:57:56.000Z","volume":8000,"label":"Y","price":2.54},{"type":"A","date":"2018-03-27T07:59:48.000Z","volume":2000,"label":" ","price":2.55},{"type":"U","date":"2018-03-27T08:08:29.000Z","volume":36000,"label":"U","price":2.54}]