[{"type":"B","date":"2018-04-25T03:11:51.000Z","volume":28000,"label":" ","price":1.25},{"type":"B","date":"2018-04-25T03:13:53.000Z","volume":4000,"label":" ","price":1.23},{"type":"B","date":"2018-04-25T03:13:55.000Z","volume":4000,"label":" ","price":1.23},{"type":"B","date":"2018-04-25T03:14:30.000Z","volume":4000,"label":" ","price":1.23},{"type":"B","date":"2018-04-25T03:15:52.000Z","volume":60000,"label":" ","price":1.23},{"type":"B","date":"2018-04-25T03:15:52.000Z","volume":8000,"label":" ","price":1.23},{"type":"A","date":"2018-04-25T03:15:53.000Z","volume":8000,"label":"Y","price":1.23},{"type":"B","date":"2018-04-25T03:16:02.000Z","volume":8000,"label":" ","price":1.22},{"type":"B","date":"2018-04-25T03:16:04.000Z","volume":4000,"label":" ","price":1.22},{"type":"B","date":"2018-04-25T03:21:35.000Z","volume":24000,"label":" ","price":1.22},{"type":"B","date":"2018-04-25T03:21:35.000Z","volume":8000,"label":" ","price":1.22},{"type":"B","date":"2018-04-25T03:21:36.000Z","volume":8000,"label":"Y","price":1.22},{"type":"A","date":"2018-04-25T03:27:18.000Z","volume":16000,"label":" ","price":1.24},{"type":"B","date":"2018-04-25T03:27:18.000Z","volume":4000,"label":" ","price":1.23},{"type":"B","date":"2018-04-25T03:27:20.000Z","volume":4000,"label":" ","price":1.23},{"type":"B","date":"2018-04-25T03:37:30.000Z","volume":4000,"label":" ","price":1.23},{"type":"B","date":"2018-04-25T03:37:32.000Z","volume":4000,"label":" ","price":1.22},{"type":"U","date":"2018-04-25T03:52:24.000Z","volume":1160,"label":"D","price":1.18},{"type":"A","date":"2018-04-25T03:52:59.000Z","volume":128000,"label":" ","price":1.23},{"type":"B","date":"2018-04-25T03:53:00.000Z","volume":4000,"label":" ","price":1.23},{"type":"A","date":"2018-04-25T05:05:19.000Z","volume":36000,"label":" ","price":1.23},{"type":"B","date":"2018-04-25T06:00:30.000Z","volume":4000,"label":" ","price":1.22},{"type":"B","date":"2018-04-25T06:08:02.000Z","volume":4000,"label":" ","price":1.22},{"type":"B","date":"2018-04-25T06:08:02.000Z","volume":8000,"label":" ","price":1.22},{"type":"B","date":"2018-04-25T06:08:02.000Z","volume":4000,"label":" ","price":1.22},{"type":"B","date":"2018-04-25T06:08:02.000Z","volume":4000,"label":" ","price":1.22},{"type":"U","date":"2018-04-25T07:08:59.000Z","volume":2500,"label":"D","price":1.18},{"type":"B","date":"2018-04-25T07:24:19.000Z","volume":36000,"label":" ","price":1.22},{"type":"B","date":"2018-04-25T07:24:19.000Z","volume":8000,"label":" ","price":1.22},{"type":"B","date":"2018-04-25T07:24:19.000Z","volume":12000,"label":" ","price":1.22},{"type":"B","date":"2018-04-25T07:37:01.000Z","volume":4000,"label":" ","price":1.22},{"type":"B","date":"2018-04-25T07:37:01.000Z","volume":4000,"label":" ","price":1.22},{"type":"A","date":"2018-04-25T07:41:31.000Z","volume":12000,"label":" ","price":1.22},{"type":"A","date":"2018-04-25T07:42:21.000Z","volume":8000,"label":"Y","price":1.22},{"type":"A","date":"2018-04-25T07:42:21.000Z","volume":20000,"label":" ","price":1.22},{"type":"B","date":"2018-04-25T07:54:23.000Z","volume":60000,"label":" ","price":1.21},{"type":"B","date":"2018-04-25T07:54:23.000Z","volume":16000,"label":" ","price":1.21},{"type":"B","date":"2018-04-25T07:54:23.000Z","volume":16000,"label":" ","price":1.21},{"type":"B","date":"2018-04-25T07:54:24.000Z","volume":4000,"label":" ","price":1.21},{"type":"B","date":"2018-04-25T07:54:25.000Z","volume":4000,"label":" ","price":1.21}]