[{"type":"A","date":"2018-03-16T07:59:46.000Z","volume":17500,"price":3.4,"category":"bbull"},{"type":"A","date":"2018-03-16T07:59:42.000Z","volume":2500,"price":3.4,"category":"rbull"},{"type":"A","date":"2018-03-16T07:59:40.000Z","volume":2500,"price":3.4,"category":"rbull"},{"type":"A","date":"2018-03-16T07:59:37.000Z","volume":2500,"price":3.4,"category":"rbull"},{"type":"A","date":"2018-03-16T07:59:35.000Z","volume":2500,"price":3.4,"category":"rbull"},{"type":"A","date":"2018-03-16T07:59:32.000Z","volume":2500,"price":3.4,"category":"rbull"},{"type":"A","date":"2018-03-16T07:59:30.000Z","volume":2500,"price":3.4,"category":"rbull"},{"type":"A","date":"2018-03-16T07:59:27.000Z","volume":2500,"price":3.4,"category":"rbull"},{"type":"A","date":"2018-03-16T07:59:25.000Z","volume":2500,"price":3.38,"category":"rbull"},{"type":"A","date":"2018-03-16T07:59:22.000Z","volume":2500,"price":3.38,"category":"rbull"},{"type":"A","date":"2018-03-16T07:59:20.000Z","volume":2500,"price":3.38,"category":"rbull"},{"type":"A","date":"2018-03-16T07:59:17.000Z","volume":2500,"price":3.38,"category":"rbull"},{"type":"A","date":"2018-03-16T07:59:15.000Z","volume":2500,"price":3.38,"category":"rbull"},{"type":"A","date":"2018-03-16T07:59:12.000Z","volume":2500,"price":3.38,"category":"rbull"},{"type":"A","date":"2018-03-16T07:59:10.000Z","volume":2500,"price":3.38,"category":"rbull"},{"type":"A","date":"2018-03-16T07:59:07.000Z","volume":2500,"price":3.38,"category":"rbull"},{"type":"A","date":"2018-03-16T07:59:05.000Z","volume":2500,"price":3.38,"category":"rbull"},{"type":"A","date":"2018-03-16T07:59:02.000Z","volume":2000,"price":3.38,"category":"rbull"},{"type":"A","date":"2018-03-16T07:58:33.000Z","volume":500,"price":3.38,"category":"rbull"},{"type":"B","date":"2018-03-16T07:58:57.000Z","volume":1000,"price":3.34,"category":"rbear"},{"type":"B","date":"2018-03-16T07:58:56.000Z","volume":1000,"price":3.34,"category":"rbear"},{"type":"B","date":"2018-03-16T07:58:56.000Z","volume":1000,"price":3.34,"category":"rbear"},{"type":"B","date":"2018-03-16T07:56:35.000Z","volume":3000,"price":3.34,"category":"rbear"},{"type":"B","date":"2018-03-16T07:50:10.000Z","volume":3000,"price":3.34,"category":"rbear"},{"type":"B","date":"2018-03-16T07:41:17.000Z","volume":500,"price":3.35,"category":"rbear"},{"type":"B","date":"2018-03-16T07:40:40.000Z","volume":2000,"price":3.35,"category":"rbear"},{"type":"B","date":"2018-03-16T07:34:15.000Z","volume":2500,"price":3.35,"category":"rbear"},{"type":"B","date":"2018-03-16T07:25:45.000Z","volume":3000,"price":3.35,"category":"rbear"},{"type":"B","date":"2018-03-16T05:31:22.000Z","volume":500,"price":3.33,"category":"rbear"},{"type":"B","date":"2018-03-16T06:28:42.000Z","volume":17500,"price":3.35,"category":"bbear"}]