[{"type":"A","date":"2018-03-21T05:37:35.000Z","volume":650000,"price":0.385,"category":"ubbull"},{"type":"A","date":"2018-03-21T02:58:33.000Z","volume":305000,"price":0.38,"category":"ubbull"},{"type":"A","date":"2018-03-21T07:58:33.000Z","volume":130000,"price":0.38,"category":"bbull"},{"type":"A","date":"2018-03-21T07:59:36.000Z","volume":5000,"price":0.385,"category":"rbull"},{"type":"A","date":"2018-03-21T07:58:41.000Z","volume":5000,"price":0.385,"category":"rbull"},{"type":"A","date":"2018-03-21T07:58:31.000Z","volume":5000,"price":0.38,"category":"rbull"},{"type":"A","date":"2018-03-21T07:56:59.000Z","volume":15000,"price":0.375,"category":"rbull"},{"type":"A","date":"2018-03-21T07:51:04.000Z","volume":5000,"price":0.375,"category":"rbull"},{"type":"A","date":"2018-03-21T07:45:05.000Z","volume":5000,"price":0.38,"category":"rbull"},{"type":"A","date":"2018-03-21T07:35:14.000Z","volume":5000,"price":0.38,"category":"rbull"},{"type":"A","date":"2018-03-21T07:21:34.000Z","volume":5000,"price":0.38,"category":"rbull"},{"type":"A","date":"2018-03-21T07:04:11.000Z","volume":5000,"price":0.38,"category":"rbull"},{"type":"A","date":"2018-03-21T06:42:25.000Z","volume":5000,"price":0.38,"category":"rbull"},{"type":"A","date":"2018-03-21T06:37:46.000Z","volume":5000,"price":0.385,"category":"rbull"},{"type":"A","date":"2018-03-21T05:37:35.000Z","volume":5000,"price":0.39,"category":"rbull"},{"type":"A","date":"2018-03-21T05:26:45.000Z","volume":5000,"price":0.38,"category":"rbull"},{"type":"A","date":"2018-03-21T03:30:59.000Z","volume":5000,"price":0.385,"category":"rbull"},{"type":"A","date":"2018-03-21T03:19:01.000Z","volume":5000,"price":0.38,"category":"rbull"},{"type":"A","date":"2018-03-21T02:59:46.000Z","volume":5000,"price":0.385,"category":"rbull"},{"type":"B","date":"2018-03-21T07:59:29.000Z","volume":15000,"price":0.38,"category":"rbear"},{"type":"B","date":"2018-03-21T07:58:41.000Z","volume":15000,"price":0.38,"category":"rbear"},{"type":"B","date":"2018-03-21T07:42:37.000Z","volume":5000,"price":0.375,"category":"rbear"},{"type":"B","date":"2018-03-21T07:03:08.000Z","volume":5000,"price":0.375,"category":"rbear"},{"type":"B","date":"2018-03-21T06:42:19.000Z","volume":5000,"price":0.375,"category":"rbear"},{"type":"B","date":"2018-03-21T06:42:02.000Z","volume":5000,"price":0.375,"category":"rbear"},{"type":"B","date":"2018-03-21T02:33:17.000Z","volume":5000,"price":0.38,"category":"rbear"},{"type":"B","date":"2018-03-21T02:33:06.000Z","volume":10000,"price":0.38,"category":"rbear"},{"type":"B","date":"2018-03-21T02:18:41.000Z","volume":5000,"price":0.38,"category":"rbear"},{"type":"B","date":"2018-03-21T02:13:18.000Z","volume":5000,"price":0.38,"category":"rbear"},{"type":"B","date":"2018-03-21T01:53:42.000Z","volume":5000,"price":0.385,"category":"rbear"},{"type":"B","date":"2018-03-21T07:43:49.000Z","volume":200000,"price":0.375,"category":"bbear"},{"type":"B","date":"2018-03-21T06:40:43.000Z","volume":250000,"price":0.375,"category":"bbear"},{"type":"B","date":"2018-03-21T06:32:28.000Z","volume":250000,"price":0.375,"category":"bbear"},{"type":"B","date":"2018-03-21T01:34:42.000Z","volume":200000,"price":0.39,"category":"bbear"},{"type":"B","date":"2018-03-21T07:32:00.000Z","volume":300000,"price":0.375,"category":"ubbear"},{"type":"B","date":"2018-03-21T05:16:07.000Z","volume":400000,"price":0.375,"category":"ubbear"}]