[{"type":"B","date":"2018-04-09T02:40:24.000Z","volume":60000,"label":" ","price":0.72},{"type":"A","date":"2018-04-09T02:47:55.000Z","volume":20000,"label":" ","price":0.72},{"type":"A","date":"2018-04-09T02:47:55.000Z","volume":20000,"label":" ","price":0.72},{"type":"A","date":"2018-04-09T03:08:18.000Z","volume":20000,"label":"Y","price":0.75},{"type":"A","date":"2018-04-09T03:08:18.000Z","volume":30000,"label":" ","price":0.75},{"type":"A","date":"2018-04-09T03:24:09.000Z","volume":10000,"label":" ","price":0.74},{"type":"A","date":"2018-04-09T03:25:41.000Z","volume":20000,"label":" ","price":0.75},{"type":"A","date":"2018-04-09T03:26:47.000Z","volume":30000,"label":" ","price":0.75},{"type":"B","date":"2018-04-09T03:26:47.000Z","volume":20000,"label":" ","price":0.75},{"type":"B","date":"2018-04-09T05:00:00.000Z","volume":30000,"label":" ","price":0.75},{"type":"A","date":"2018-04-09T05:00:16.000Z","volume":20000,"label":" ","price":0.75},{"type":"B","date":"2018-04-09T05:08:22.000Z","volume":10000,"label":" ","price":0.75},{"type":"A","date":"2018-04-09T05:23:53.000Z","volume":2000000,"label":" ","price":0.75},{"type":"B","date":"2018-04-09T05:28:41.000Z","volume":30000,"label":" ","price":0.74},{"type":"B","date":"2018-04-09T05:28:44.000Z","volume":40000,"label":" ","price":0.74},{"type":"A","date":"2018-04-09T05:28:55.000Z","volume":2000000,"label":" ","price":0.75},{"type":"B","date":"2018-04-09T05:31:08.000Z","volume":20000,"label":" ","price":0.75},{"type":"B","date":"2018-04-09T05:31:08.000Z","volume":30000,"label":" ","price":0.74},{"type":"A","date":"2018-04-09T05:31:18.000Z","volume":2980000,"label":" ","price":0.75},{"type":"A","date":"2018-04-09T05:31:18.000Z","volume":20000,"label":" ","price":0.75},{"type":"A","date":"2018-04-09T05:31:21.000Z","volume":110000,"label":" ","price":0.76},{"type":"A","date":"2018-04-09T05:40:23.000Z","volume":40000,"label":" ","price":0.75},{"type":"A","date":"2018-04-09T06:14:48.000Z","volume":50000,"label":" ","price":0.75},{"type":"A","date":"2018-04-09T06:22:36.000Z","volume":20000,"label":" ","price":0.75},{"type":"B","date":"2018-04-09T06:24:04.000Z","volume":50000,"label":" ","price":0.74},{"type":"A","date":"2018-04-09T07:04:19.000Z","volume":50000,"label":" ","price":0.74},{"type":"B","date":"2018-04-09T07:38:07.000Z","volume":50000,"label":" ","price":0.74},{"type":"A","date":"2018-04-09T07:38:36.000Z","volume":4000000,"label":" ","price":0.74},{"type":"A","date":"2018-04-09T07:38:38.000Z","volume":140000,"label":" ","price":0.74},{"type":"A","date":"2018-04-09T07:39:16.000Z","volume":110000,"label":" ","price":0.74}]