[{"type":"B","date":"2018-03-28T01:30:01.000Z","volume":500,"label":" ","price":7.5},{"type":"B","date":"2018-03-28T01:31:42.000Z","volume":11000,"label":" ","price":7.42},{"type":"B","date":"2018-03-28T01:31:57.000Z","volume":2000,"label":" ","price":7.4},{"type":"B","date":"2018-03-28T01:32:05.000Z","volume":5000,"label":" ","price":7.4},{"type":"U","date":"2018-03-28T01:32:57.000Z","volume":6000,"label":" ","price":7.35},{"type":"A","date":"2018-03-28T01:33:07.000Z","volume":12500,"label":" ","price":7.35},{"type":"B","date":"2018-03-28T01:33:36.000Z","volume":5000,"label":"Y","price":7.33},{"type":"B","date":"2018-03-28T01:33:36.000Z","volume":500,"label":" ","price":7.33},{"type":"B","date":"2018-03-28T01:33:36.000Z","volume":53500,"label":" ","price":7.33},{"type":"A","date":"2018-03-28T01:33:43.000Z","volume":1000,"label":" ","price":7.35},{"type":"B","date":"2018-03-28T01:33:44.000Z","volume":1500,"label":" ","price":7.33},{"type":"B","date":"2018-03-28T01:33:46.000Z","volume":5000,"label":" ","price":7.35},{"type":"B","date":"2018-03-28T01:33:46.000Z","volume":11500,"label":" ","price":7.33},{"type":"B","date":"2018-03-28T01:33:46.000Z","volume":500,"label":" ","price":7.33},{"type":"B","date":"2018-03-28T01:34:11.000Z","volume":3500,"label":" ","price":7.33},{"type":"B","date":"2018-03-28T01:34:11.000Z","volume":11500,"label":" ","price":7.32},{"type":"B","date":"2018-03-28T01:34:11.000Z","volume":35000,"label":" ","price":7.32},{"type":"B","date":"2018-03-28T01:34:35.000Z","volume":18000,"label":" ","price":7.33},{"type":"B","date":"2018-03-28T01:34:35.000Z","volume":1000,"label":" ","price":7.32},{"type":"B","date":"2018-03-28T01:35:02.000Z","volume":1500,"label":" ","price":7.33},{"type":"B","date":"2018-03-28T01:35:03.000Z","volume":1000,"label":" ","price":7.33},{"type":"A","date":"2018-03-28T01:35:32.000Z","volume":9000,"label":" ","price":7.35},{"type":"B","date":"2018-03-28T01:35:52.000Z","volume":2000,"label":" ","price":7.33},{"type":"A","date":"2018-03-28T01:35:57.000Z","volume":2000,"label":" ","price":7.35},{"type":"A","date":"2018-03-28T01:36:04.000Z","volume":9000,"label":" ","price":7.35},{"type":"B","date":"2018-03-28T01:36:08.000Z","volume":1000,"label":" ","price":7.35},{"type":"B","date":"2018-03-28T01:36:16.000Z","volume":1000,"label":" ","price":7.36},{"type":"B","date":"2018-03-28T01:36:17.000Z","volume":15000,"label":" ","price":7.35},{"type":"B","date":"2018-03-28T01:36:17.000Z","volume":8500,"label":" ","price":7.35},{"type":"A","date":"2018-03-28T01:36:54.000Z","volume":500,"label":" ","price":7.39},{"type":"A","date":"2018-03-28T01:37:09.000Z","volume":16500,"label":" ","price":7.39},{"type":"A","date":"2018-03-28T01:39:09.000Z","volume":3500,"label":" ","price":7.38},{"type":"B","date":"2018-03-28T01:40:00.000Z","volume":10500,"label":" ","price":7.35},{"type":"A","date":"2018-03-28T01:40:09.000Z","volume":3000,"label":" ","price":7.38},{"type":"B","date":"2018-03-28T01:40:14.000Z","volume":2500,"label":" ","price":7.35},{"type":"B","date":"2018-03-28T01:42:12.000Z","volume":2000,"label":" ","price":7.37},{"type":"A","date":"2018-03-28T01:42:15.000Z","volume":19000,"label":" ","price":7.39},{"type":"B","date":"2018-03-28T01:43:22.000Z","volume":1000,"label":" ","price":7.39},{"type":"A","date":"2018-03-28T01:44:13.000Z","volume":1500,"label":" ","price":7.39},{"type":"A","date":"2018-03-28T01:44:16.000Z","volume":500,"label":" ","price":7.39},{"type":"B","date":"2018-03-28T01:44:20.000Z","volume":2000,"label":" ","price":7.39},{"type":"A","date":"2018-03-28T01:44:22.000Z","volume":25000,"label":" ","price":7.4},{"type":"A","date":"2018-03-28T01:44:22.000Z","volume":3000,"label":" ","price":7.4},{"type":"A","date":"2018-03-28T01:44:23.000Z","volume":16500,"label":" ","price":7.41},{"type":"A","date":"2018-03-28T01:44:23.000Z","volume":7000,"label":" ","price":7.41},{"type":"A","date":"2018-03-28T01:45:17.000Z","volume":500,"label":"Y","price":7.47},{"type":"A","date":"2018-03-28T01:45:29.000Z","volume":500,"label":"Y","price":7.47},{"type":"A","date":"2018-03-28T01:46:05.000Z","volume":1000,"label":"Y","price":7.47},{"type":"B","date":"2018-03-28T01:54:31.000Z","volume":9500,"label":" ","price":7.42},{"type":"B","date":"2018-03-28T01:54:50.000Z","volume":3500,"label":" ","price":7.41},{"type":"B","date":"2018-03-28T01:54:50.000Z","volume":25500,"label":" ","price":7.41},{"type":"A","date":"2018-03-28T01:56:21.000Z","volume":15500,"label":" ","price":7.41},{"type":"A","date":"2018-03-28T01:56:21.000Z","volume":8000,"label":" ","price":7.41},{"type":"A","date":"2018-03-28T01:56:21.000Z","volume":7000,"label":" ","price":7.41},{"type":"U","date":"2018-03-28T01:57:05.000Z","volume":2500,"label":" ","price":7.41},{"type":"A","date":"2018-03-28T01:57:05.000Z","volume":5000,"label":" ","price":7.42},{"type":"A","date":"2018-03-28T01:57:05.000Z","volume":5000,"label":" ","price":7.42},{"type":"A","date":"2018-03-28T01:57:05.000Z","volume":1500,"label":" ","price":7.42},{"type":"A","date":"2018-03-28T01:57:05.000Z","volume":3500,"label":" ","price":7.43},{"type":"B","date":"2018-03-28T02:00:39.000Z","volume":4500,"label":" ","price":7.42},{"type":"B","date":"2018-03-28T02:00:43.000Z","volume":1500,"label":" ","price":7.42},{"type":"A","date":"2018-03-28T02:01:24.000Z","volume":1000,"label":" ","price":7.43},{"type":"A","date":"2018-03-28T02:02:57.000Z","volume":12000,"label":" ","price":7.43},{"type":"B","date":"2018-03-28T02:03:19.000Z","volume":500,"label":" ","price":7.43},{"type":"A","date":"2018-03-28T02:04:51.000Z","volume":1000,"label":" ","price":7.44},{"type":"B","date":"2018-03-28T02:04:53.000Z","volume":500,"label":" ","price":7.43},{"type":"B","date":"2018-03-28T02:05:52.000Z","volume":500,"label":" ","price":7.43},{"type":"B","date":"2018-03-28T02:06:26.000Z","volume":1000,"label":" ","price":7.43},{"type":"A","date":"2018-03-28T02:07:06.000Z","volume":3000,"label":" ","price":7.44},{"type":"B","date":"2018-03-28T02:07:31.000Z","volume":500,"label":" ","price":7.43},{"type":"B","date":"2018-03-28T02:07:58.000Z","volume":2500,"label":"Y","price":7.43},{"type":"B","date":"2018-03-28T02:07:58.000Z","volume":7500,"label":" ","price":7.43},{"type":"B","date":"2018-03-28T02:07:58.000Z","volume":2500,"label":" ","price":7.43},{"type":"B","date":"2018-03-28T02:08:22.000Z","volume":19000,"label":" ","price":7.41},{"type":"B","date":"2018-03-28T02:09:47.000Z","volume":3000,"label":" ","price":7.4},{"type":"B","date":"2018-03-28T02:13:32.000Z","volume":2000,"label":"Y","price":7.41},{"type":"B","date":"2018-03-28T02:14:23.000Z","volume":3000,"label":" ","price":7.4},{"type":"B","date":"2018-03-28T02:16:55.000Z","volume":1000,"label":" ","price":7.4},{"type":"B","date":"2018-03-28T02:16:57.000Z","volume":3000,"label":"Y","price":7.4},{"type":"B","date":"2018-03-28T02:16:57.000Z","volume":3000,"label":" ","price":7.4},{"type":"B","date":"2018-03-28T02:20:01.000Z","volume":500,"label":" ","price":7.4},{"type":"B","date":"2018-03-28T02:22:45.000Z","volume":1000,"label":" ","price":7.4},{"type":"A","date":"2018-03-28T02:23:39.000Z","volume":2500,"label":" ","price":7.41},{"type":"B","date":"2018-03-28T02:23:39.000Z","volume":500,"label":" ","price":7.4},{"type":"B","date":"2018-03-28T02:23:39.000Z","volume":4500,"label":" ","price":7.4},{"type":"A","date":"2018-03-28T02:23:53.000Z","volume":2000,"label":" ","price":7.41},{"type":"A","date":"2018-03-28T02:24:08.000Z","volume":2500,"label":" ","price":7.41},{"type":"A","date":"2018-03-28T02:24:24.000Z","volume":2000,"label":" ","price":7.41},{"type":"A","date":"2018-03-28T02:24:37.000Z","volume":12500,"label":" ","price":7.41},{"type":"A","date":"2018-03-28T02:24:37.000Z","volume":4000,"label":" ","price":7.41},{"type":"B","date":"2018-03-28T02:24:59.000Z","volume":500,"label":" ","price":7.4},{"type":"A","date":"2018-03-28T02:25:06.000Z","volume":4500,"label":" ","price":7.41},{"type":"B","date":"2018-03-28T02:27:50.000Z","volume":1000,"label":" ","price":7.4},{"type":"B","date":"2018-03-28T02:28:49.000Z","volume":2500,"label":" ","price":7.4},{"type":"B","date":"2018-03-28T02:28:58.000Z","volume":500,"label":" ","price":7.4},{"type":"A","date":"2018-03-28T02:29:10.000Z","volume":8000,"label":" ","price":7.41},{"type":"B","date":"2018-03-28T02:30:41.000Z","volume":500,"label":" ","price":7.4},{"type":"A","date":"2018-03-28T02:31:16.000Z","volume":20000,"label":" ","price":7.41},{"type":"A","date":"2018-03-28T02:31:41.000Z","volume":2500,"label":" ","price":7.41},{"type":"A","date":"2018-03-28T02:31:56.000Z","volume":2000,"label":" ","price":7.41},{"type":"A","date":"2018-03-28T02:32:11.000Z","volume":2500,"label":" ","price":7.41},{"type":"A","date":"2018-03-28T02:32:26.000Z","volume":2000,"label":" ","price":7.41},{"type":"B","date":"2018-03-28T02:33:58.000Z","volume":500,"label":" ","price":7.4},{"type":"A","date":"2018-03-28T02:39:09.000Z","volume":8500,"label":" ","price":7.41},{"type":"B","date":"2018-03-28T02:39:27.000Z","volume":1000,"label":" ","price":7.41},{"type":"A","date":"2018-03-28T02:39:55.000Z","volume":2500,"label":" ","price":7.42},{"type":"A","date":"2018-03-28T02:40:10.000Z","volume":2000,"label":" ","price":7.42},{"type":"A","date":"2018-03-28T02:40:10.000Z","volume":3000,"label":" ","price":7.42},{"type":"A","date":"2018-03-28T02:40:10.000Z","volume":2500,"label":" ","price":7.43},{"type":"A","date":"2018-03-28T02:40:10.000Z","volume":3000,"label":" ","price":7.44},{"type":"A","date":"2018-03-28T02:40:25.000Z","volume":2500,"label":" ","price":7.45},{"type":"A","date":"2018-03-28T02:40:32.000Z","volume":2500,"label":" ","price":7.45},{"type":"A","date":"2018-03-28T02:40:40.000Z","volume":2000,"label":" ","price":7.45},{"type":"B","date":"2018-03-28T02:41:49.000Z","volume":1500,"label":" ","price":7.42},{"type":"B","date":"2018-03-28T02:43:28.000Z","volume":6000,"label":" ","price":7.41},{"type":"B","date":"2018-03-28T02:44:25.000Z","volume":5000,"label":"Y","price":7.4},{"type":"B","date":"2018-03-28T02:44:25.000Z","volume":500,"label":" ","price":7.4},{"type":"B","date":"2018-03-28T02:45:25.000Z","volume":15500,"label":"Y","price":7.39},{"type":"B","date":"2018-03-28T02:45:25.000Z","volume":6500,"label":" ","price":7.39},{"type":"B","date":"2018-03-28T02:45:25.000Z","volume":8500,"label":" ","price":7.39},{"type":"B","date":"2018-03-28T02:45:25.000Z","volume":10500,"label":" ","price":7.39},{"type":"A","date":"2018-03-28T02:46:35.000Z","volume":2000,"label":" ","price":7.4},{"type":"A","date":"2018-03-28T02:47:57.000Z","volume":2500,"label":" ","price":7.4},{"type":"A","date":"2018-03-28T02:48:11.000Z","volume":2000,"label":" ","price":7.4},{"type":"A","date":"2018-03-28T02:48:26.000Z","volume":2500,"label":" ","price":7.4},{"type":"A","date":"2018-03-28T02:48:41.000Z","volume":2000,"label":" ","price":7.4},{"type":"A","date":"2018-03-28T02:52:58.000Z","volume":1500,"label":" ","price":7.4},{"type":"A","date":"2018-03-28T02:55:58.000Z","volume":2500,"label":" ","price":7.4},{"type":"A","date":"2018-03-28T02:56:12.000Z","volume":2000,"label":" ","price":7.4},{"type":"A","date":"2018-03-28T02:56:28.000Z","volume":2500,"label":" ","price":7.39},{"type":"A","date":"2018-03-28T02:56:43.000Z","volume":2000,"label":" ","price":7.39},{"type":"A","date":"2018-03-28T03:04:00.000Z","volume":2500,"label":" ","price":7.39},{"type":"A","date":"2018-03-28T03:04:16.000Z","volume":2000,"label":" ","price":7.39},{"type":"A","date":"2018-03-28T03:04:30.000Z","volume":2500,"label":" ","price":7.39},{"type":"A","date":"2018-03-28T03:04:47.000Z","volume":2000,"label":" ","price":7.39},{"type":"A","date":"2018-03-28T03:05:02.000Z","volume":2500,"label":" ","price":7.39},{"type":"B","date":"2018-03-28T03:05:02.000Z","volume":37000,"label":" ","price":7.38},{"type":"B","date":"2018-03-28T03:05:02.000Z","volume":4500,"label":" ","price":7.37},{"type":"B","date":"2018-03-28T03:10:33.000Z","volume":1500,"label":" ","price":7.36},{"type":"B","date":"2018-03-28T03:10:33.000Z","volume":5500,"label":"Y","price":7.36},{"type":"B","date":"2018-03-28T03:10:33.000Z","volume":2000,"label":" ","price":7.36},{"type":"A","date":"2018-03-28T03:12:03.000Z","volume":2500,"label":" ","price":7.36},{"type":"A","date":"2018-03-28T03:12:17.000Z","volume":2000,"label":" ","price":7.36},{"type":"A","date":"2018-03-28T03:12:32.000Z","volume":2500,"label":" ","price":7.36},{"type":"A","date":"2018-03-28T03:12:46.000Z","volume":2000,"label":" ","price":7.36},{"type":"A","date":"2018-03-28T03:13:31.000Z","volume":10000,"label":" ","price":7.36},{"type":"A","date":"2018-03-28T03:13:59.000Z","volume":5000,"label":" ","price":7.36},{"type":"B","date":"2018-03-28T03:16:41.000Z","volume":500,"label":"Y","price":7.35},{"type":"B","date":"2018-03-28T03:16:41.000Z","volume":46500,"label":" ","price":7.35},{"type":"A","date":"2018-03-28T03:16:53.000Z","volume":500,"label":" ","price":7.36},{"type":"B","date":"2018-03-28T03:19:59.000Z","volume":2000,"label":" ","price":7.34},{"type":"A","date":"2018-03-28T03:20:02.000Z","volume":2500,"label":" ","price":7.35},{"type":"A","date":"2018-03-28T03:20:17.000Z","volume":2000,"label":" ","price":7.35},{"type":"B","date":"2018-03-28T03:20:24.000Z","volume":1000,"label":" ","price":7.34},{"type":"A","date":"2018-03-28T03:20:33.000Z","volume":2500,"label":" ","price":7.35},{"type":"A","date":"2018-03-28T03:20:47.000Z","volume":2000,"label":" ","price":7.35},{"type":"A","date":"2018-03-28T03:22:53.000Z","volume":9000,"label":" ","price":7.35},{"type":"A","date":"2018-03-28T03:22:53.000Z","volume":12000,"label":" ","price":7.35},{"type":"A","date":"2018-03-28T03:23:47.000Z","volume":15500,"label":" ","price":7.36},{"type":"A","date":"2018-03-28T03:23:47.000Z","volume":500,"label":" ","price":7.36},{"type":"B","date":"2018-03-28T03:23:47.000Z","volume":4000,"label":" ","price":7.36},{"type":"B","date":"2018-03-28T03:25:01.000Z","volume":500,"label":" ","price":7.35},{"type":"B","date":"2018-03-28T03:25:01.000Z","volume":1500,"label":" ","price":7.35},{"type":"A","date":"2018-03-28T03:26:08.000Z","volume":1500,"label":" ","price":7.35},{"type":"B","date":"2018-03-28T03:27:32.000Z","volume":5000,"label":" ","price":7.34},{"type":"B","date":"2018-03-28T03:27:33.000Z","volume":2000,"label":" ","price":7.34},{"type":"A","date":"2018-03-28T03:27:34.000Z","volume":500,"label":" ","price":7.35},{"type":"A","date":"2018-03-28T03:28:18.000Z","volume":2500,"label":" ","price":7.35},{"type":"A","date":"2018-03-28T03:28:32.000Z","volume":2000,"label":" ","price":7.35},{"type":"A","date":"2018-03-28T03:28:47.000Z","volume":2500,"label":" ","price":7.35},{"type":"A","date":"2018-03-28T03:28:55.000Z","volume":10000,"label":" ","price":7.35},{"type":"A","date":"2018-03-28T03:29:02.000Z","volume":2000,"label":" ","price":7.35},{"type":"A","date":"2018-03-28T03:30:49.000Z","volume":3000,"label":" ","price":7.35},{"type":"A","date":"2018-03-28T03:31:03.000Z","volume":3000,"label":" ","price":7.35},{"type":"A","date":"2018-03-28T03:32:17.000Z","volume":4000,"label":" ","price":7.35},{"type":"B","date":"2018-03-28T03:32:17.000Z","volume":1000,"label":" ","price":7.35},{"type":"B","date":"2018-03-28T03:34:10.000Z","volume":1500,"label":" ","price":7.35},{"type":"U","date":"2018-03-28T03:34:10.000Z","volume":500,"label":" ","price":7.35},{"type":"A","date":"2018-03-28T03:34:57.000Z","volume":500,"label":" ","price":7.36},{"type":"A","date":"2018-03-28T03:36:19.000Z","volume":2500,"label":" ","price":7.36},{"type":"A","date":"2018-03-28T03:36:31.000Z","volume":2500,"label":" ","price":7.36},{"type":"A","date":"2018-03-28T03:36:34.000Z","volume":2000,"label":" ","price":7.36},{"type":"A","date":"2018-03-28T03:36:49.000Z","volume":2500,"label":" ","price":7.36},{"type":"A","date":"2018-03-28T03:37:04.000Z","volume":2000,"label":" ","price":7.36},{"type":"B","date":"2018-03-28T03:38:09.000Z","volume":3500,"label":" ","price":7.34},{"type":"A","date":"2018-03-28T03:41:30.000Z","volume":10000,"label":" ","price":7.36},{"type":"B","date":"2018-03-28T03:42:31.000Z","volume":500,"label":" ","price":7.34},{"type":"A","date":"2018-03-28T03:44:21.000Z","volume":2500,"label":" ","price":7.35},{"type":"A","date":"2018-03-28T03:44:32.000Z","volume":2500,"label":" ","price":7.35},{"type":"A","date":"2018-03-28T03:44:35.000Z","volume":2000,"label":" ","price":7.35},{"type":"A","date":"2018-03-28T03:44:39.000Z","volume":1000,"label":" ","price":7.35},{"type":"A","date":"2018-03-28T03:44:50.000Z","volume":2500,"label":" ","price":7.35},{"type":"A","date":"2018-03-28T03:45:03.000Z","volume":500,"label":" ","price":7.35},{"type":"A","date":"2018-03-28T03:45:05.000Z","volume":2000,"label":" ","price":7.35},{"type":"A","date":"2018-03-28T03:46:03.000Z","volume":2000,"label":" ","price":7.35},{"type":"A","date":"2018-03-28T03:47:32.000Z","volume":2000,"label":" ","price":7.35},{"type":"B","date":"2018-03-28T03:48:00.000Z","volume":7000,"label":" ","price":7.34},{"type":"B","date":"2018-03-28T03:49:47.000Z","volume":2000,"label":" ","price":7.34},{"type":"B","date":"2018-03-28T03:50:14.000Z","volume":500,"label":"Y","price":7.34},{"type":"B","date":"2018-03-28T03:50:14.000Z","volume":21500,"label":" ","price":7.34},{"type":"A","date":"2018-03-28T03:52:22.000Z","volume":2500,"label":" ","price":7.35},{"type":"A","date":"2018-03-28T03:52:37.000Z","volume":2000,"label":" ","price":7.35},{"type":"A","date":"2018-03-28T03:52:51.000Z","volume":2500,"label":" ","price":7.35},{"type":"A","date":"2018-03-28T03:53:02.000Z","volume":500,"label":" ","price":7.35},{"type":"A","date":"2018-03-28T03:53:06.000Z","volume":2000,"label":" ","price":7.35},{"type":"B","date":"2018-03-28T03:53:18.000Z","volume":500,"label":" ","price":7.33},{"type":"B","date":"2018-03-28T03:56:33.000Z","volume":3000,"label":" ","price":7.34},{"type":"B","date":"2018-03-28T03:56:33.000Z","volume":3500,"label":" ","price":7.34},{"type":"B","date":"2018-03-28T03:57:14.000Z","volume":500,"label":"Y","price":7.33},{"type":"B","date":"2018-03-28T03:57:14.000Z","volume":23500,"label":" ","price":7.33},{"type":"B","date":"2018-03-28T03:58:54.000Z","volume":6000,"label":"Y","price":7.32},{"type":"B","date":"2018-03-28T03:58:54.000Z","volume":34000,"label":" ","price":7.32},{"type":"B","date":"2018-03-28T05:00:00.000Z","volume":33000,"label":" ","price":7.31},{"type":"B","date":"2018-03-28T05:00:00.000Z","volume":10000,"label":" ","price":7.3},{"type":"A","date":"2018-03-28T05:00:02.000Z","volume":500,"label":" ","price":7.34},{"type":"A","date":"2018-03-28T05:00:24.000Z","volume":2500,"label":" ","price":7.34},{"type":"A","date":"2018-03-28T05:00:38.000Z","volume":2000,"label":" ","price":7.34},{"type":"A","date":"2018-03-28T05:00:53.000Z","volume":2500,"label":" ","price":7.34},{"type":"A","date":"2018-03-28T05:01:08.000Z","volume":2000,"label":" ","price":7.34},{"type":"A","date":"2018-03-28T05:02:05.000Z","volume":2000,"label":" ","price":7.34},{"type":"B","date":"2018-03-28T05:05:34.000Z","volume":5500,"label":" ","price":7.32},{"type":"A","date":"2018-03-28T05:06:50.000Z","volume":1000,"label":" ","price":7.34},{"type":"A","date":"2018-03-28T05:08:24.000Z","volume":2500,"label":" ","price":7.34},{"type":"A","date":"2018-03-28T05:08:39.000Z","volume":2000,"label":" ","price":7.34},{"type":"A","date":"2018-03-28T05:08:54.000Z","volume":2500,"label":" ","price":7.34},{"type":"A","date":"2018-03-28T05:09:09.000Z","volume":2000,"label":" ","price":7.34},{"type":"A","date":"2018-03-28T05:10:06.000Z","volume":500,"label":" ","price":7.34},{"type":"B","date":"2018-03-28T05:11:33.000Z","volume":2000,"label":" ","price":7.32},{"type":"B","date":"2018-03-28T05:14:14.000Z","volume":10000,"label":" ","price":7.32},{"type":"U","date":"2018-03-28T05:14:14.000Z","volume":1500,"label":" ","price":7.33},{"type":"A","date":"2018-03-28T05:16:25.000Z","volume":2500,"label":" ","price":7.34},{"type":"A","date":"2018-03-28T05:16:42.000Z","volume":2000,"label":" ","price":7.34},{"type":"A","date":"2018-03-28T05:16:56.000Z","volume":2500,"label":" ","price":7.34},{"type":"A","date":"2018-03-28T05:17:12.000Z","volume":2000,"label":" ","price":7.34},{"type":"A","date":"2018-03-28T05:17:32.000Z","volume":1000,"label":" ","price":7.34},{"type":"A","date":"2018-03-28T05:19:34.000Z","volume":2000,"label":" ","price":7.34},{"type":"A","date":"2018-03-28T05:19:35.000Z","volume":2500,"label":" ","price":7.34},{"type":"A","date":"2018-03-28T05:21:34.000Z","volume":2500,"label":" ","price":7.34},{"type":"A","date":"2018-03-28T05:24:28.000Z","volume":2500,"label":" ","price":7.34},{"type":"A","date":"2018-03-28T05:24:34.000Z","volume":1500,"label":" ","price":7.34},{"type":"A","date":"2018-03-28T05:24:34.000Z","volume":33000,"label":" ","price":7.34},{"type":"A","date":"2018-03-28T05:24:43.000Z","volume":2000,"label":" ","price":7.35},{"type":"A","date":"2018-03-28T05:24:58.000Z","volume":2500,"label":" ","price":7.35},{"type":"A","date":"2018-03-28T05:25:13.000Z","volume":2000,"label":" ","price":7.35},{"type":"B","date":"2018-03-28T05:25:35.000Z","volume":20000,"label":" ","price":7.33},{"type":"B","date":"2018-03-28T05:25:59.000Z","volume":500,"label":"Y","price":7.33},{"type":"B","date":"2018-03-28T05:25:59.000Z","volume":500,"label":" ","price":7.33},{"type":"A","date":"2018-03-28T05:26:34.000Z","volume":2500,"label":" ","price":7.35},{"type":"A","date":"2018-03-28T05:30:12.000Z","volume":500,"label":" ","price":7.35},{"type":"A","date":"2018-03-28T05:31:43.000Z","volume":1000,"label":" ","price":7.35},{"type":"A","date":"2018-03-28T05:31:57.000Z","volume":1000,"label":" ","price":7.35},{"type":"A","date":"2018-03-28T05:32:04.000Z","volume":2000,"label":" ","price":7.35},{"type":"A","date":"2018-03-28T05:32:29.000Z","volume":2500,"label":" ","price":7.35},{"type":"A","date":"2018-03-28T05:32:30.000Z","volume":5000,"label":" ","price":7.35},{"type":"A","date":"2018-03-28T05:32:44.000Z","volume":2000,"label":" ","price":7.35},{"type":"A","date":"2018-03-28T05:32:59.000Z","volume":2500,"label":" ","price":7.35},{"type":"A","date":"2018-03-28T05:33:02.000Z","volume":1000,"label":" ","price":7.35},{"type":"A","date":"2018-03-28T05:33:14.000Z","volume":2000,"label":" ","price":7.35},{"type":"B","date":"2018-03-28T05:34:01.000Z","volume":2500,"label":" ","price":7.33},{"type":"B","date":"2018-03-28T05:34:43.000Z","volume":3500,"label":" ","price":7.33},{"type":"B","date":"2018-03-28T05:35:17.000Z","volume":5000,"label":" ","price":7.33},{"type":"B","date":"2018-03-28T05:35:24.000Z","volume":3000,"label":" ","price":7.33},{"type":"B","date":"2018-03-28T05:35:25.000Z","volume":3000,"label":" ","price":7.33},{"type":"B","date":"2018-03-28T05:36:33.000Z","volume":2000,"label":" ","price":7.33},{"type":"B","date":"2018-03-28T05:37:37.000Z","volume":2500,"label":" ","price":7.33},{"type":"B","date":"2018-03-28T05:37:55.000Z","volume":500,"label":" ","price":7.32},{"type":"B","date":"2018-03-28T05:38:56.000Z","volume":5000,"label":" ","price":7.32},{"type":"A","date":"2018-03-28T05:39:00.000Z","volume":5000,"label":" ","price":7.33},{"type":"A","date":"2018-03-28T05:40:30.000Z","volume":2500,"label":" ","price":7.33},{"type":"B","date":"2018-03-28T05:40:41.000Z","volume":3500,"label":" ","price":7.32},{"type":"A","date":"2018-03-28T05:40:45.000Z","volume":2000,"label":" ","price":7.33},{"type":"A","date":"2018-03-28T05:41:00.000Z","volume":2500,"label":" ","price":7.33},{"type":"A","date":"2018-03-28T05:41:15.000Z","volume":2000,"label":" ","price":7.33},{"type":"B","date":"2018-03-28T05:41:56.000Z","volume":1500,"label":" ","price":7.32},{"type":"B","date":"2018-03-28T05:43:45.000Z","volume":3500,"label":" ","price":7.32},{"type":"A","date":"2018-03-28T05:44:03.000Z","volume":16000,"label":" ","price":7.33},{"type":"B","date":"2018-03-28T05:44:18.000Z","volume":79500,"label":" ","price":7.32},{"type":"A","date":"2018-03-28T05:44:27.000Z","volume":8000,"label":" ","price":7.32},{"type":"B","date":"2018-03-28T05:44:31.000Z","volume":2000,"label":"Y","price":7.31},{"type":"B","date":"2018-03-28T05:44:31.000Z","volume":7500,"label":" ","price":7.31},{"type":"B","date":"2018-03-28T05:44:31.000Z","volume":70500,"label":" ","price":7.3},{"type":"B","date":"2018-03-28T05:45:10.000Z","volume":50000,"label":" ","price":7.3},{"type":"B","date":"2018-03-28T05:45:12.000Z","volume":50000,"label":" ","price":7.3},{"type":"B","date":"2018-03-28T05:45:12.000Z","volume":8500,"label":" ","price":7.3},{"type":"A","date":"2018-03-28T05:45:25.000Z","volume":500,"label":" ","price":7.3},{"type":"B","date":"2018-03-28T05:46:47.000Z","volume":3000,"label":" ","price":7.29},{"type":"A","date":"2018-03-28T05:47:40.000Z","volume":1000,"label":" ","price":7.3},{"type":"A","date":"2018-03-28T05:48:33.000Z","volume":2500,"label":" ","price":7.3},{"type":"A","date":"2018-03-28T05:48:44.000Z","volume":500,"label":" ","price":7.3},{"type":"A","date":"2018-03-28T05:48:47.000Z","volume":2000,"label":" ","price":7.3},{"type":"A","date":"2018-03-28T05:49:04.000Z","volume":2500,"label":" ","price":7.3},{"type":"A","date":"2018-03-28T05:49:04.000Z","volume":31500,"label":" ","price":7.3},{"type":"A","date":"2018-03-28T05:49:04.000Z","volume":11000,"label":" ","price":7.3},{"type":"A","date":"2018-03-28T05:49:04.000Z","volume":9500,"label":" ","price":7.31},{"type":"A","date":"2018-03-28T05:49:04.000Z","volume":3000,"label":" ","price":7.31},{"type":"A","date":"2018-03-28T05:49:06.000Z","volume":500,"label":" ","price":7.31},{"type":"A","date":"2018-03-28T05:49:17.000Z","volume":2000,"label":" ","price":7.31},{"type":"A","date":"2018-03-28T05:49:18.000Z","volume":500,"label":" ","price":7.31},{"type":"A","date":"2018-03-28T05:49:22.000Z","volume":500,"label":" ","price":7.31},{"type":"B","date":"2018-03-28T05:49:29.000Z","volume":10000,"label":" ","price":7.3},{"type":"B","date":"2018-03-28T05:49:40.000Z","volume":10000,"label":" ","price":7.3},{"type":"A","date":"2018-03-28T05:51:21.000Z","volume":1000,"label":" ","price":7.31},{"type":"B","date":"2018-03-28T05:52:55.000Z","volume":4000,"label":" ","price":7.3},{"type":"A","date":"2018-03-28T05:53:10.000Z","volume":2000,"label":" ","price":7.31},{"type":"B","date":"2018-03-28T05:54:33.000Z","volume":1500,"label":" ","price":7.3},{"type":"B","date":"2018-03-28T05:55:38.000Z","volume":3000,"label":" ","price":7.3},{"type":"B","date":"2018-03-28T05:55:40.000Z","volume":55000,"label":" ","price":7.29},{"type":"B","date":"2018-03-28T05:56:03.000Z","volume":3500,"label":" ","price":7.28},{"type":"A","date":"2018-03-28T05:56:33.000Z","volume":2500,"label":" ","price":7.29},{"type":"A","date":"2018-03-28T05:56:37.000Z","volume":20000,"label":" ","price":7.29},{"type":"A","date":"2018-03-28T05:56:48.000Z","volume":2000,"label":" ","price":7.29},{"type":"A","date":"2018-03-28T05:56:56.000Z","volume":10000,"label":" ","price":7.29},{"type":"A","date":"2018-03-28T05:57:03.000Z","volume":2500,"label":" ","price":7.29},{"type":"A","date":"2018-03-28T05:57:27.000Z","volume":2000,"label":" ","price":7.29},{"type":"A","date":"2018-03-28T05:57:33.000Z","volume":3000,"label":" ","price":7.29},{"type":"B","date":"2018-03-28T05:57:41.000Z","volume":7500,"label":" ","price":7.28},{"type":"B","date":"2018-03-28T05:57:52.000Z","volume":1500,"label":" ","price":7.28},{"type":"A","date":"2018-03-28T05:58:09.000Z","volume":1000,"label":" ","price":7.29},{"type":"A","date":"2018-03-28T05:59:04.000Z","volume":10000,"label":" ","price":7.29},{"type":"A","date":"2018-03-28T05:59:05.000Z","volume":500,"label":" ","price":7.29},{"type":"A","date":"2018-03-28T05:59:07.000Z","volume":1500,"label":" ","price":7.29},{"type":"A","date":"2018-03-28T05:59:22.000Z","volume":8000,"label":" ","price":7.29},{"type":"B","date":"2018-03-28T06:01:51.000Z","volume":3000,"label":" ","price":7.29},{"type":"A","date":"2018-03-28T06:02:16.000Z","volume":21500,"label":" ","price":7.3},{"type":"A","date":"2018-03-28T06:03:56.000Z","volume":21500,"label":" ","price":7.31},{"type":"A","date":"2018-03-28T06:04:35.000Z","volume":2500,"label":"Y","price":7.31},{"type":"A","date":"2018-03-28T06:04:50.000Z","volume":500,"label":"Y","price":7.31},{"type":"A","date":"2018-03-28T06:04:50.000Z","volume":1500,"label":" ","price":7.31},{"type":"B","date":"2018-03-28T06:04:55.000Z","volume":3500,"label":" ","price":7.3},{"type":"A","date":"2018-03-28T06:05:04.000Z","volume":2500,"label":" ","price":7.31},{"type":"A","date":"2018-03-28T06:05:20.000Z","volume":2000,"label":" ","price":7.31},{"type":"B","date":"2018-03-28T06:05:44.000Z","volume":1000,"label":" ","price":7.3},{"type":"A","date":"2018-03-28T06:06:23.000Z","volume":500,"label":" ","price":7.31},{"type":"B","date":"2018-03-28T06:07:30.000Z","volume":1500,"label":" ","price":7.3},{"type":"B","date":"2018-03-28T06:07:59.000Z","volume":3000,"label":" ","price":7.3},{"type":"A","date":"2018-03-28T06:08:21.000Z","volume":2000,"label":" ","price":7.31},{"type":"B","date":"2018-03-28T06:09:10.000Z","volume":9000,"label":" ","price":7.3},{"type":"B","date":"2018-03-28T06:10:11.000Z","volume":14000,"label":" ","price":7.29},{"type":"A","date":"2018-03-28T06:10:23.000Z","volume":19500,"label":" ","price":7.29},{"type":"A","date":"2018-03-28T06:10:23.000Z","volume":2500,"label":" ","price":7.3},{"type":"A","date":"2018-03-28T06:11:26.000Z","volume":10000,"label":" ","price":7.3},{"type":"A","date":"2018-03-28T06:12:36.000Z","volume":2500,"label":" ","price":7.3},{"type":"A","date":"2018-03-28T06:12:50.000Z","volume":2000,"label":" ","price":7.3},{"type":"A","date":"2018-03-28T06:13:06.000Z","volume":2500,"label":" ","price":7.3},{"type":"A","date":"2018-03-28T06:13:20.000Z","volume":2000,"label":" ","price":7.29},{"type":"A","date":"2018-03-28T06:13:21.000Z","volume":3000,"label":" ","price":7.29},{"type":"B","date":"2018-03-28T06:14:00.000Z","volume":14500,"label":" ","price":7.28},{"type":"B","date":"2018-03-28T06:14:05.000Z","volume":8500,"label":" ","price":7.27},{"type":"A","date":"2018-03-28T06:14:12.000Z","volume":10000,"label":" ","price":7.28},{"type":"B","date":"2018-03-28T06:14:15.000Z","volume":1000,"label":" ","price":7.27},{"type":"A","date":"2018-03-28T06:15:06.000Z","volume":500,"label":" ","price":7.28},{"type":"A","date":"2018-03-28T06:15:50.000Z","volume":1000,"label":" ","price":7.28},{"type":"B","date":"2018-03-28T06:17:03.000Z","volume":500,"label":" ","price":7.27},{"type":"B","date":"2018-03-28T06:17:03.000Z","volume":6500,"label":" ","price":7.26},{"type":"B","date":"2018-03-28T06:17:04.000Z","volume":3000,"label":" ","price":7.26},{"type":"B","date":"2018-03-28T06:17:19.000Z","volume":2000,"label":" ","price":7.26},{"type":"B","date":"2018-03-28T06:17:19.000Z","volume":1500,"label":" ","price":7.26},{"type":"A","date":"2018-03-28T06:17:48.000Z","volume":20500,"label":" ","price":7.27},{"type":"A","date":"2018-03-28T06:17:48.000Z","volume":7000,"label":" ","price":7.28},{"type":"A","date":"2018-03-28T06:17:48.000Z","volume":6500,"label":" ","price":7.29},{"type":"A","date":"2018-03-28T06:17:48.000Z","volume":5500,"label":" ","price":7.3},{"type":"B","date":"2018-03-28T06:17:48.000Z","volume":11000,"label":" ","price":7.3},{"type":"B","date":"2018-03-28T06:17:48.000Z","volume":6500,"label":" ","price":7.3},{"type":"B","date":"2018-03-28T06:17:48.000Z","volume":2000,"label":" ","price":7.3},{"type":"B","date":"2018-03-28T06:17:48.000Z","volume":27500,"label":" ","price":7.3},{"type":"B","date":"2018-03-28T06:17:48.000Z","volume":13500,"label":" ","price":7.3},{"type":"A","date":"2018-03-28T06:18:24.000Z","volume":20500,"label":" ","price":7.3},{"type":"B","date":"2018-03-28T06:18:24.000Z","volume":7500,"label":" ","price":7.3},{"type":"B","date":"2018-03-28T06:18:32.000Z","volume":22000,"label":" ","price":7.3},{"type":"B","date":"2018-03-28T06:18:32.000Z","volume":4500,"label":" ","price":7.29},{"type":"B","date":"2018-03-28T06:18:33.000Z","volume":500,"label":" ","price":7.28},{"type":"A","date":"2018-03-28T06:19:16.000Z","volume":500,"label":" ","price":7.31},{"type":"B","date":"2018-03-28T06:19:21.000Z","volume":1500,"label":" ","price":7.28},{"type":"A","date":"2018-03-28T06:20:37.000Z","volume":2500,"label":" ","price":7.3},{"type":"B","date":"2018-03-28T06:20:52.000Z","volume":500,"label":"Y","price":7.28},{"type":"B","date":"2018-03-28T06:20:52.000Z","volume":1000,"label":" ","price":7.28},{"type":"A","date":"2018-03-28T06:20:53.000Z","volume":2000,"label":" ","price":7.3},{"type":"B","date":"2018-03-28T06:21:07.000Z","volume":500,"label":"Y","price":7.28},{"type":"A","date":"2018-03-28T06:21:08.000Z","volume":2500,"label":" ","price":7.28},{"type":"A","date":"2018-03-28T06:21:25.000Z","volume":2000,"label":" ","price":7.28},{"type":"B","date":"2018-03-28T06:21:38.000Z","volume":2000,"label":" ","price":7.27},{"type":"A","date":"2018-03-28T06:22:43.000Z","volume":29000,"label":" ","price":7.28},{"type":"A","date":"2018-03-28T06:22:43.000Z","volume":20000,"label":"Y","price":7.3},{"type":"B","date":"2018-03-28T06:22:43.000Z","volume":7000,"label":" ","price":7.3},{"type":"B","date":"2018-03-28T06:22:43.000Z","volume":8000,"label":" ","price":7.3},{"type":"B","date":"2018-03-28T06:22:43.000Z","volume":8500,"label":" ","price":7.3},{"type":"B","date":"2018-03-28T06:22:43.000Z","volume":7500,"label":" ","price":7.3},{"type":"B","date":"2018-03-28T06:23:04.000Z","volume":5000,"label":" ","price":7.27},{"type":"A","date":"2018-03-28T06:23:07.000Z","volume":4000,"label":" ","price":7.27},{"type":"A","date":"2018-03-28T06:23:15.000Z","volume":500,"label":" ","price":7.27},{"type":"A","date":"2018-03-28T06:24:22.000Z","volume":1000,"label":" ","price":7.3},{"type":"B","date":"2018-03-28T06:25:40.000Z","volume":3500,"label":" ","price":7.27},{"type":"A","date":"2018-03-28T06:25:49.000Z","volume":6500,"label":" ","price":7.28},{"type":"B","date":"2018-03-28T06:25:49.000Z","volume":2000,"label":" ","price":7.28},{"type":"B","date":"2018-03-28T06:25:49.000Z","volume":6000,"label":" ","price":7.28},{"type":"B","date":"2018-03-28T06:26:44.000Z","volume":7500,"label":" ","price":7.28},{"type":"A","date":"2018-03-28T06:28:15.000Z","volume":500,"label":" ","price":7.29},{"type":"B","date":"2018-03-28T06:28:33.000Z","volume":4500,"label":" ","price":7.27},{"type":"B","date":"2018-03-28T06:28:33.000Z","volume":4000,"label":" ","price":7.26},{"type":"B","date":"2018-03-28T06:28:33.000Z","volume":8000,"label":" ","price":7.26},{"type":"B","date":"2018-03-28T06:28:33.000Z","volume":1500,"label":" ","price":7.26},{"type":"A","date":"2018-03-28T06:28:39.000Z","volume":2500,"label":" ","price":7.27},{"type":"A","date":"2018-03-28T06:28:55.000Z","volume":2000,"label":" ","price":7.27},{"type":"A","date":"2018-03-28T06:29:09.000Z","volume":2500,"label":" ","price":7.27},{"type":"A","date":"2018-03-28T06:29:25.000Z","volume":2000,"label":" ","price":7.27},{"type":"A","date":"2018-03-28T06:29:57.000Z","volume":1000,"label":" ","price":7.27},{"type":"A","date":"2018-03-28T06:30:24.000Z","volume":1000,"label":" ","price":7.27},{"type":"B","date":"2018-03-28T06:32:06.000Z","volume":3500,"label":" ","price":7.26},{"type":"B","date":"2018-03-28T06:32:17.000Z","volume":2500,"label":" ","price":7.26},{"type":"B","date":"2018-03-28T06:32:17.000Z","volume":3000,"label":" ","price":7.26},{"type":"B","date":"2018-03-28T06:34:47.000Z","volume":6500,"label":"Y","price":7.26},{"type":"B","date":"2018-03-28T06:34:47.000Z","volume":26000,"label":" ","price":7.26},{"type":"B","date":"2018-03-28T06:34:47.000Z","volume":500,"label":" ","price":7.26},{"type":"B","date":"2018-03-28T06:34:47.000Z","volume":8500,"label":" ","price":7.25},{"type":"B","date":"2018-03-28T06:34:48.000Z","volume":500,"label":" ","price":7.26},{"type":"B","date":"2018-03-28T06:34:48.000Z","volume":10500,"label":" ","price":7.25},{"type":"B","date":"2018-03-28T06:34:49.000Z","volume":2500,"label":" ","price":7.25},{"type":"B","date":"2018-03-28T06:34:52.000Z","volume":13500,"label":" ","price":7.25},{"type":"B","date":"2018-03-28T06:34:52.000Z","volume":10500,"label":" ","price":7.25},{"type":"A","date":"2018-03-28T06:34:56.000Z","volume":500,"label":"Y","price":7.26},{"type":"B","date":"2018-03-28T06:34:56.000Z","volume":2500,"label":" ","price":7.25},{"type":"B","date":"2018-03-28T06:35:04.000Z","volume":13500,"label":" ","price":7.25},{"type":"B","date":"2018-03-28T06:35:04.000Z","volume":10500,"label":" ","price":7.25},{"type":"B","date":"2018-03-28T06:35:06.000Z","volume":3500,"label":" ","price":7.25},{"type":"B","date":"2018-03-28T06:35:06.000Z","volume":2500,"label":" ","price":7.25},{"type":"B","date":"2018-03-28T06:35:10.000Z","volume":500,"label":" ","price":7.25},{"type":"A","date":"2018-03-28T06:35:12.000Z","volume":500,"label":" ","price":7.26},{"type":"B","date":"2018-03-28T06:35:20.000Z","volume":4500,"label":" ","price":7.25},{"type":"B","date":"2018-03-28T06:35:20.000Z","volume":5000,"label":" ","price":7.25},{"type":"B","date":"2018-03-28T06:35:20.000Z","volume":28500,"label":" ","price":7.25},{"type":"B","date":"2018-03-28T06:35:20.000Z","volume":7000,"label":" ","price":7.24},{"type":"B","date":"2018-03-28T06:35:20.000Z","volume":500,"label":" ","price":7.24},{"type":"B","date":"2018-03-28T06:35:52.000Z","volume":500,"label":" ","price":7.24},{"type":"A","date":"2018-03-28T06:36:15.000Z","volume":5500,"label":" ","price":7.25},{"type":"B","date":"2018-03-28T06:36:35.000Z","volume":3500,"label":" ","price":7.24},{"type":"B","date":"2018-03-28T06:36:36.000Z","volume":2500,"label":" ","price":7.24},{"type":"A","date":"2018-03-28T06:36:40.000Z","volume":2500,"label":" ","price":7.25},{"type":"A","date":"2018-03-28T06:36:55.000Z","volume":2000,"label":" ","price":7.25},{"type":"B","date":"2018-03-28T06:37:06.000Z","volume":1500,"label":" ","price":7.24},{"type":"B","date":"2018-03-28T06:37:06.000Z","volume":2500,"label":" ","price":7.24},{"type":"B","date":"2018-03-28T06:37:06.000Z","volume":3500,"label":" ","price":7.24},{"type":"A","date":"2018-03-28T06:37:10.000Z","volume":2500,"label":" ","price":7.25},{"type":"U","date":"2018-03-28T06:37:11.000Z","volume":500,"label":" ","price":7.24},{"type":"B","date":"2018-03-28T06:37:21.000Z","volume":2000,"label":" ","price":7.23},{"type":"B","date":"2018-03-28T06:37:21.000Z","volume":2500,"label":" ","price":7.23},{"type":"A","date":"2018-03-28T06:37:26.000Z","volume":2000,"label":" ","price":7.24},{"type":"B","date":"2018-03-28T06:37:43.000Z","volume":12000,"label":" ","price":7.23},{"type":"B","date":"2018-03-28T06:37:51.000Z","volume":9500,"label":" ","price":7.22},{"type":"A","date":"2018-03-28T06:37:51.000Z","volume":500,"label":" ","price":7.22},{"type":"A","date":"2018-03-28T06:37:51.000Z","volume":500,"label":" ","price":7.22},{"type":"B","date":"2018-03-28T06:37:52.000Z","volume":5500,"label":" ","price":7.21},{"type":"A","date":"2018-03-28T06:37:52.000Z","volume":500,"label":" ","price":7.22},{"type":"A","date":"2018-03-28T06:37:52.000Z","volume":500,"label":" ","price":7.22},{"type":"A","date":"2018-03-28T06:37:53.000Z","volume":1000,"label":"Y","price":7.22},{"type":"A","date":"2018-03-28T06:37:53.000Z","volume":500,"label":" ","price":7.22},{"type":"A","date":"2018-03-28T06:37:53.000Z","volume":500,"label":" ","price":7.22},{"type":"A","date":"2018-03-28T06:37:54.000Z","volume":500,"label":" ","price":7.22},{"type":"B","date":"2018-03-28T06:37:58.000Z","volume":7000,"label":" ","price":7.21},{"type":"B","date":"2018-03-28T06:37:59.000Z","volume":50000,"label":" ","price":7.21},{"type":"B","date":"2018-03-28T06:37:59.000Z","volume":27000,"label":" ","price":7.21},{"type":"B","date":"2018-03-28T06:38:03.000Z","volume":14500,"label":" ","price":7.21},{"type":"B","date":"2018-03-28T06:38:03.000Z","volume":14500,"label":" ","price":7.2},{"type":"B","date":"2018-03-28T06:38:07.000Z","volume":2000,"label":" ","price":7.2},{"type":"B","date":"2018-03-28T06:38:07.000Z","volume":2500,"label":" ","price":7.2},{"type":"B","date":"2018-03-28T06:38:11.000Z","volume":50000,"label":" ","price":7.2},{"type":"B","date":"2018-03-28T06:38:11.000Z","volume":14500,"label":" ","price":7.2},{"type":"B","date":"2018-03-28T06:38:11.000Z","volume":94000,"label":" ","price":7.2},{"type":"B","date":"2018-03-28T06:38:11.000Z","volume":10000,"label":" ","price":7.19},{"type":"A","date":"2018-03-28T06:38:11.000Z","volume":2000,"label":" ","price":7.19},{"type":"B","date":"2018-03-28T06:38:11.000Z","volume":1000,"label":" ","price":7.18},{"type":"A","date":"2018-03-28T06:38:12.000Z","volume":1000,"label":" ","price":7.18},{"type":"A","date":"2018-03-28T06:38:22.000Z","volume":3000,"label":" ","price":7.18},{"type":"B","date":"2018-03-28T06:38:27.000Z","volume":5500,"label":" ","price":7.16},{"type":"B","date":"2018-03-28T06:38:27.000Z","volume":7000,"label":" ","price":7.16},{"type":"A","date":"2018-03-28T06:38:28.000Z","volume":7500,"label":" ","price":7.18},{"type":"B","date":"2018-03-28T06:38:29.000Z","volume":4500,"label":" ","price":7.17},{"type":"B","date":"2018-03-28T06:38:29.000Z","volume":2500,"label":" ","price":7.17},{"type":"A","date":"2018-03-28T06:38:30.000Z","volume":3000,"label":" ","price":7.19},{"type":"B","date":"2018-03-28T06:38:30.000Z","volume":4500,"label":" ","price":7.17},{"type":"B","date":"2018-03-28T06:38:30.000Z","volume":1000,"label":" ","price":7.17},{"type":"B","date":"2018-03-28T06:38:38.000Z","volume":11000,"label":" ","price":7.15},{"type":"B","date":"2018-03-28T06:38:43.000Z","volume":4500,"label":" ","price":7.15},{"type":"B","date":"2018-03-28T06:38:43.000Z","volume":8000,"label":" ","price":7.15},{"type":"A","date":"2018-03-28T06:38:45.000Z","volume":7500,"label":" ","price":7.17},{"type":"A","date":"2018-03-28T06:38:45.000Z","volume":3000,"label":" ","price":7.18},{"type":"A","date":"2018-03-28T06:38:45.000Z","volume":4500,"label":" ","price":7.17},{"type":"A","date":"2018-03-28T06:38:45.000Z","volume":3000,"label":" ","price":7.19},{"type":"U","date":"2018-03-28T06:38:45.000Z","volume":4500,"label":" ","price":7.18},{"type":"U","date":"2018-03-28T06:38:45.000Z","volume":1000,"label":" ","price":7.18},{"type":"B","date":"2018-03-28T06:38:54.000Z","volume":4500,"label":" ","price":7.18},{"type":"B","date":"2018-03-28T06:38:54.000Z","volume":25500,"label":" ","price":7.18},{"type":"B","date":"2018-03-28T06:38:54.000Z","volume":4500,"label":" ","price":7.18},{"type":"B","date":"2018-03-28T06:38:54.000Z","volume":5000,"label":" ","price":7.18},{"type":"B","date":"2018-03-28T06:39:08.000Z","volume":5000,"label":" ","price":7.18},{"type":"A","date":"2018-03-28T06:39:08.000Z","volume":3000,"label":" ","price":7.18},{"type":"A","date":"2018-03-28T06:39:10.000Z","volume":2000,"label":" ","price":7.19},{"type":"B","date":"2018-03-28T06:39:10.000Z","volume":4500,"label":" ","price":7.18},{"type":"B","date":"2018-03-28T06:39:10.000Z","volume":10500,"label":" ","price":7.17},{"type":"B","date":"2018-03-28T06:39:10.000Z","volume":9500,"label":" ","price":7.17},{"type":"A","date":"2018-03-28T06:39:39.000Z","volume":5000,"label":" ","price":7.2},{"type":"A","date":"2018-03-28T06:39:39.000Z","volume":1000,"label":" ","price":7.2},{"type":"A","date":"2018-03-28T06:39:52.000Z","volume":1000,"label":" ","price":7.21},{"type":"A","date":"2018-03-28T06:40:32.000Z","volume":4000,"label":" ","price":7.22},{"type":"B","date":"2018-03-28T06:40:45.000Z","volume":2000,"label":" ","price":7.21},{"type":"B","date":"2018-03-28T06:41:09.000Z","volume":2500,"label":" ","price":7.21},{"type":"B","date":"2018-03-28T06:41:24.000Z","volume":1500,"label":" ","price":7.21},{"type":"B","date":"2018-03-28T06:41:36.000Z","volume":1000,"label":" ","price":7.21},{"type":"B","date":"2018-03-28T06:41:40.000Z","volume":4500,"label":" ","price":7.21},{"type":"A","date":"2018-03-28T06:41:47.000Z","volume":1500,"label":" ","price":7.22},{"type":"A","date":"2018-03-28T06:42:02.000Z","volume":1000,"label":" ","price":7.22},{"type":"A","date":"2018-03-28T06:42:11.000Z","volume":3000,"label":" ","price":7.22},{"type":"A","date":"2018-03-28T06:42:17.000Z","volume":1500,"label":" ","price":7.22},{"type":"A","date":"2018-03-28T06:42:32.000Z","volume":1000,"label":" ","price":7.22},{"type":"A","date":"2018-03-28T06:42:48.000Z","volume":1500,"label":" ","price":7.22},{"type":"B","date":"2018-03-28T06:42:59.000Z","volume":4000,"label":" ","price":7.21},{"type":"A","date":"2018-03-28T06:43:03.000Z","volume":1000,"label":" ","price":7.22},{"type":"A","date":"2018-03-28T06:43:07.000Z","volume":5000,"label":" ","price":7.22},{"type":"A","date":"2018-03-28T06:43:07.000Z","volume":3000,"label":" ","price":7.22},{"type":"B","date":"2018-03-28T06:43:11.000Z","volume":2500,"label":" ","price":7.21},{"type":"A","date":"2018-03-28T06:43:18.000Z","volume":1500,"label":" ","price":7.22},{"type":"A","date":"2018-03-28T06:43:33.000Z","volume":1000,"label":" ","price":7.22},{"type":"A","date":"2018-03-28T06:43:36.000Z","volume":5500,"label":" ","price":7.22},{"type":"A","date":"2018-03-28T06:43:49.000Z","volume":1500,"label":" ","price":7.22},{"type":"B","date":"2018-03-28T06:43:51.000Z","volume":1000,"label":" ","price":7.21},{"type":"B","date":"2018-03-28T06:43:57.000Z","volume":1500,"label":" ","price":7.21},{"type":"B","date":"2018-03-28T06:43:57.000Z","volume":3000,"label":" ","price":7.21},{"type":"B","date":"2018-03-28T06:44:00.000Z","volume":2000,"label":" ","price":7.21},{"type":"A","date":"2018-03-28T06:44:04.000Z","volume":1000,"label":" ","price":7.22},{"type":"A","date":"2018-03-28T06:44:19.000Z","volume":1500,"label":" ","price":7.22},{"type":"A","date":"2018-03-28T06:44:35.000Z","volume":1000,"label":" ","price":7.22},{"type":"A","date":"2018-03-28T06:44:40.000Z","volume":2500,"label":" ","price":7.22},{"type":"B","date":"2018-03-28T06:44:42.000Z","volume":2500,"label":" ","price":7.21},{"type":"B","date":"2018-03-28T06:44:42.000Z","volume":1500,"label":" ","price":7.21},{"type":"A","date":"2018-03-28T06:44:50.000Z","volume":1500,"label":" ","price":7.22},{"type":"A","date":"2018-03-28T06:44:56.000Z","volume":2000,"label":" ","price":7.22},{"type":"A","date":"2018-03-28T06:45:06.000Z","volume":1000,"label":" ","price":7.22},{"type":"B","date":"2018-03-28T06:45:09.000Z","volume":2000,"label":" ","price":7.21},{"type":"A","date":"2018-03-28T06:45:11.000Z","volume":2500,"label":" ","price":7.22},{"type":"B","date":"2018-03-28T06:45:15.000Z","volume":2000,"label":" ","price":7.21},{"type":"A","date":"2018-03-28T06:45:22.000Z","volume":1500,"label":" ","price":7.22},{"type":"A","date":"2018-03-28T06:45:26.000Z","volume":2000,"label":" ","price":7.22},{"type":"B","date":"2018-03-28T06:45:28.000Z","volume":2000,"label":" ","price":7.21},{"type":"A","date":"2018-03-28T06:45:36.000Z","volume":1000,"label":" ","price":7.22},{"type":"B","date":"2018-03-28T06:45:36.000Z","volume":1500,"label":" ","price":7.21},{"type":"A","date":"2018-03-28T06:45:52.000Z","volume":1500,"label":" ","price":7.22},{"type":"A","date":"2018-03-28T06:46:07.000Z","volume":1000,"label":" ","price":7.22},{"type":"B","date":"2018-03-28T06:46:07.000Z","volume":5000,"label":" ","price":7.21},{"type":"A","date":"2018-03-28T06:46:22.000Z","volume":1500,"label":" ","price":7.22},{"type":"A","date":"2018-03-28T06:46:37.000Z","volume":1000,"label":" ","price":7.22},{"type":"B","date":"2018-03-28T06:46:37.000Z","volume":4500,"label":" ","price":7.21},{"type":"B","date":"2018-03-28T06:46:37.000Z","volume":5500,"label":" ","price":7.2},{"type":"A","date":"2018-03-28T06:46:45.000Z","volume":1000,"label":" ","price":7.22},{"type":"A","date":"2018-03-28T06:46:53.000Z","volume":1500,"label":" ","price":7.22},{"type":"A","date":"2018-03-28T06:47:07.000Z","volume":1000,"label":" ","price":7.22},{"type":"B","date":"2018-03-28T06:47:10.000Z","volume":5500,"label":" ","price":7.19},{"type":"A","date":"2018-03-28T06:47:23.000Z","volume":1500,"label":" ","price":7.21},{"type":"A","date":"2018-03-28T06:47:38.000Z","volume":1000,"label":" ","price":7.21},{"type":"A","date":"2018-03-28T06:47:54.000Z","volume":1500,"label":" ","price":7.21},{"type":"A","date":"2018-03-28T06:48:08.000Z","volume":1000,"label":" ","price":7.21},{"type":"A","date":"2018-03-28T06:48:15.000Z","volume":4500,"label":" ","price":7.21},{"type":"A","date":"2018-03-28T06:48:24.000Z","volume":1500,"label":" ","price":7.21},{"type":"A","date":"2018-03-28T06:48:38.000Z","volume":1000,"label":" ","price":7.21},{"type":"A","date":"2018-03-28T06:48:55.000Z","volume":1500,"label":" ","price":7.21},{"type":"B","date":"2018-03-28T06:49:05.000Z","volume":5500,"label":" ","price":7.2},{"type":"B","date":"2018-03-28T06:49:05.000Z","volume":3500,"label":" ","price":7.19},{"type":"B","date":"2018-03-28T06:49:05.000Z","volume":21000,"label":"Y","price":7.18},{"type":"B","date":"2018-03-28T06:49:05.000Z","volume":20000,"label":" ","price":7.18},{"type":"B","date":"2018-03-28T06:49:07.000Z","volume":5500,"label":" ","price":7.18},{"type":"A","date":"2018-03-28T06:49:10.000Z","volume":1000,"label":" ","price":7.2},{"type":"B","date":"2018-03-28T06:49:12.000Z","volume":3500,"label":" ","price":7.18},{"type":"B","date":"2018-03-28T06:49:16.000Z","volume":6000,"label":" ","price":7.18},{"type":"B","date":"2018-03-28T06:49:22.000Z","volume":1500,"label":" ","price":7.17},{"type":"B","date":"2018-03-28T06:49:32.000Z","volume":1500,"label":" ","price":7.19},{"type":"B","date":"2018-03-28T06:49:32.000Z","volume":13500,"label":" ","price":7.17},{"type":"A","date":"2018-03-28T06:49:39.000Z","volume":1000,"label":" ","price":7.19},{"type":"A","date":"2018-03-28T06:49:56.000Z","volume":1500,"label":" ","price":7.19},{"type":"A","date":"2018-03-28T06:50:10.000Z","volume":1000,"label":" ","price":7.19},{"type":"A","date":"2018-03-28T06:50:25.000Z","volume":1500,"label":" ","price":7.19},{"type":"A","date":"2018-03-28T06:50:40.000Z","volume":1000,"label":" ","price":7.19},{"type":"A","date":"2018-03-28T06:50:57.000Z","volume":1500,"label":" ","price":7.19},{"type":"A","date":"2018-03-28T06:50:58.000Z","volume":1500,"label":" ","price":7.19},{"type":"A","date":"2018-03-28T06:51:12.000Z","volume":1000,"label":" ","price":7.19},{"type":"A","date":"2018-03-28T06:51:26.000Z","volume":1500,"label":" ","price":7.19},{"type":"A","date":"2018-03-28T06:51:41.000Z","volume":1000,"label":" ","price":7.19},{"type":"B","date":"2018-03-28T06:51:43.000Z","volume":5000,"label":" ","price":7.18},{"type":"A","date":"2018-03-28T06:51:44.000Z","volume":3000,"label":" ","price":7.19},{"type":"A","date":"2018-03-28T06:51:57.000Z","volume":1500,"label":" ","price":7.18},{"type":"A","date":"2018-03-28T06:52:02.000Z","volume":2000,"label":" ","price":7.18},{"type":"A","date":"2018-03-28T06:52:13.000Z","volume":1000,"label":" ","price":7.18},{"type":"A","date":"2018-03-28T06:52:19.000Z","volume":7500,"label":" ","price":7.18},{"type":"A","date":"2018-03-28T06:52:19.000Z","volume":1500,"label":" ","price":7.19},{"type":"A","date":"2018-03-28T06:52:28.000Z","volume":1500,"label":" ","price":7.2},{"type":"A","date":"2018-03-28T06:52:43.000Z","volume":1000,"label":" ","price":7.19},{"type":"A","date":"2018-03-28T06:52:57.000Z","volume":2500,"label":" ","price":7.19},{"type":"A","date":"2018-03-28T06:52:59.000Z","volume":1500,"label":" ","price":7.19},{"type":"A","date":"2018-03-28T06:52:59.000Z","volume":2500,"label":" ","price":7.19},{"type":"A","date":"2018-03-28T06:53:12.000Z","volume":2000,"label":" ","price":7.2},{"type":"A","date":"2018-03-28T06:53:27.000Z","volume":2500,"label":" ","price":7.21},{"type":"A","date":"2018-03-28T06:53:29.000Z","volume":1500,"label":" ","price":7.21},{"type":"A","date":"2018-03-28T06:53:42.000Z","volume":2000,"label":" ","price":7.21},{"type":"A","date":"2018-03-28T06:53:44.000Z","volume":1000,"label":" ","price":7.21},{"type":"A","date":"2018-03-28T06:54:00.000Z","volume":1500,"label":" ","price":7.21},{"type":"A","date":"2018-03-28T06:54:15.000Z","volume":1000,"label":" ","price":7.21},{"type":"A","date":"2018-03-28T06:54:30.000Z","volume":1500,"label":" ","price":7.21},{"type":"B","date":"2018-03-28T06:54:32.000Z","volume":9500,"label":" ","price":7.2},{"type":"A","date":"2018-03-28T06:54:45.000Z","volume":1000,"label":" ","price":7.21},{"type":"A","date":"2018-03-28T06:55:01.000Z","volume":1500,"label":" ","price":7.19},{"type":"A","date":"2018-03-28T06:55:05.000Z","volume":2000,"label":" ","price":7.19},{"type":"A","date":"2018-03-28T06:55:05.000Z","volume":4000,"label":" ","price":7.19},{"type":"A","date":"2018-03-28T06:55:16.000Z","volume":1000,"label":" ","price":7.21},{"type":"A","date":"2018-03-28T06:55:31.000Z","volume":1500,"label":" ","price":7.21},{"type":"A","date":"2018-03-28T06:55:46.000Z","volume":1000,"label":" ","price":7.21},{"type":"A","date":"2018-03-28T06:55:51.000Z","volume":4500,"label":" ","price":7.21},{"type":"A","date":"2018-03-28T06:56:02.000Z","volume":1500,"label":" ","price":7.22},{"type":"A","date":"2018-03-28T06:56:17.000Z","volume":1000,"label":" ","price":7.22},{"type":"B","date":"2018-03-28T06:56:23.000Z","volume":7500,"label":" ","price":7.19},{"type":"B","date":"2018-03-28T06:56:23.000Z","volume":2000,"label":"Y","price":7.18},{"type":"B","date":"2018-03-28T06:56:23.000Z","volume":10500,"label":" ","price":7.18},{"type":"A","date":"2018-03-28T06:56:32.000Z","volume":1500,"label":" ","price":7.2},{"type":"A","date":"2018-03-28T06:56:47.000Z","volume":1000,"label":" ","price":7.2},{"type":"B","date":"2018-03-28T06:56:50.000Z","volume":3500,"label":"Y","price":7.18},{"type":"B","date":"2018-03-28T06:56:50.000Z","volume":500,"label":" ","price":7.18},{"type":"A","date":"2018-03-28T06:57:03.000Z","volume":1500,"label":" ","price":7.19},{"type":"B","date":"2018-03-28T06:57:08.000Z","volume":8500,"label":" ","price":7.17},{"type":"A","date":"2018-03-28T06:57:11.000Z","volume":2000,"label":" ","price":7.18},{"type":"A","date":"2018-03-28T06:57:11.000Z","volume":10000,"label":" ","price":7.18},{"type":"A","date":"2018-03-28T06:57:18.000Z","volume":1000,"label":" ","price":7.23},{"type":"A","date":"2018-03-28T06:57:33.000Z","volume":1500,"label":" ","price":7.22},{"type":"B","date":"2018-03-28T06:57:44.000Z","volume":1500,"label":" ","price":7.18},{"type":"B","date":"2018-03-28T06:57:44.000Z","volume":1500,"label":" ","price":7.17},{"type":"B","date":"2018-03-28T06:57:44.000Z","volume":10000,"label":"Y","price":7.16},{"type":"B","date":"2018-03-28T06:57:44.000Z","volume":3000,"label":" ","price":7.16},{"type":"B","date":"2018-03-28T06:57:44.000Z","volume":3500,"label":" ","price":7.16},{"type":"A","date":"2018-03-28T06:57:46.000Z","volume":2000,"label":" ","price":7.16},{"type":"B","date":"2018-03-28T06:57:47.000Z","volume":2000,"label":" ","price":7.15},{"type":"A","date":"2018-03-28T06:57:48.000Z","volume":1000,"label":" ","price":7.15},{"type":"B","date":"2018-03-28T06:57:52.000Z","volume":500,"label":" ","price":7.14},{"type":"B","date":"2018-03-28T06:57:54.000Z","volume":6000,"label":" ","price":7.12},{"type":"A","date":"2018-03-28T06:58:01.000Z","volume":5000,"label":" ","price":7.13},{"type":"A","date":"2018-03-28T06:58:20.000Z","volume":1000,"label":" ","price":7.16},{"type":"A","date":"2018-03-28T06:58:35.000Z","volume":1500,"label":" ","price":7.16},{"type":"B","date":"2018-03-28T06:58:39.000Z","volume":5500,"label":" ","price":7.13},{"type":"B","date":"2018-03-28T06:58:40.000Z","volume":2000,"label":" ","price":7.13},{"type":"A","date":"2018-03-28T06:58:50.000Z","volume":1000,"label":" ","price":7.16},{"type":"A","date":"2018-03-28T06:59:06.000Z","volume":1500,"label":" ","price":7.16},{"type":"A","date":"2018-03-28T06:59:07.000Z","volume":2000,"label":"Y","price":7.16},{"type":"B","date":"2018-03-28T06:59:10.000Z","volume":2500,"label":" ","price":7.14},{"type":"A","date":"2018-03-28T06:59:21.000Z","volume":1000,"label":" ","price":7.16},{"type":"A","date":"2018-03-28T06:59:36.000Z","volume":1500,"label":" ","price":7.16},{"type":"A","date":"2018-03-28T06:59:40.000Z","volume":37500,"label":" ","price":7.16},{"type":"B","date":"2018-03-28T06:59:40.000Z","volume":5000,"label":" ","price":7.15},{"type":"B","date":"2018-03-28T06:59:40.000Z","volume":3000,"label":" ","price":7.15},{"type":"B","date":"2018-03-28T06:59:40.000Z","volume":5000,"label":" ","price":7.14},{"type":"B","date":"2018-03-28T06:59:41.000Z","volume":8000,"label":" ","price":7.15},{"type":"A","date":"2018-03-28T06:59:51.000Z","volume":1000,"label":" ","price":7.16},{"type":"B","date":"2018-03-28T06:59:55.000Z","volume":4500,"label":" ","price":7.14},{"type":"B","date":"2018-03-28T06:59:55.000Z","volume":1000,"label":" ","price":7.14},{"type":"A","date":"2018-03-28T07:00:01.000Z","volume":86000,"label":" ","price":7.16},{"type":"U","date":"2018-03-28T07:00:01.000Z","volume":4000,"label":" ","price":7.15},{"type":"U","date":"2018-03-28T07:00:01.000Z","volume":7000,"label":" ","price":7.14},{"type":"B","date":"2018-03-28T07:00:01.000Z","volume":8000,"label":" ","price":7.13},{"type":"B","date":"2018-03-28T07:00:01.000Z","volume":32500,"label":" ","price":7.13},{"type":"A","date":"2018-03-28T07:00:01.000Z","volume":3000,"label":" ","price":7.14},{"type":"A","date":"2018-03-28T07:00:22.000Z","volume":1000,"label":" ","price":7.21},{"type":"A","date":"2018-03-28T07:00:37.000Z","volume":1500,"label":" ","price":7.21},{"type":"A","date":"2018-03-28T07:00:52.000Z","volume":1000,"label":" ","price":7.21},{"type":"A","date":"2018-03-28T07:00:58.000Z","volume":2500,"label":" ","price":7.21},{"type":"A","date":"2018-03-28T07:01:08.000Z","volume":1500,"label":" ","price":7.21},{"type":"A","date":"2018-03-28T07:01:13.000Z","volume":2000,"label":" ","price":7.21},{"type":"B","date":"2018-03-28T07:01:21.000Z","volume":2000,"label":"Y","price":7.19},{"type":"B","date":"2018-03-28T07:01:21.000Z","volume":4000,"label":" ","price":7.19},{"type":"A","date":"2018-03-28T07:01:23.000Z","volume":1000,"label":" ","price":7.21},{"type":"A","date":"2018-03-28T07:01:28.000Z","volume":2500,"label":" ","price":7.21},{"type":"A","date":"2018-03-28T07:01:38.000Z","volume":1500,"label":" ","price":7.21},{"type":"A","date":"2018-03-28T07:01:43.000Z","volume":2000,"label":" ","price":7.21},{"type":"B","date":"2018-03-28T07:01:44.000Z","volume":9500,"label":" ","price":7.17},{"type":"B","date":"2018-03-28T07:01:44.000Z","volume":1500,"label":"Y","price":7.16},{"type":"B","date":"2018-03-28T07:01:44.000Z","volume":5500,"label":" ","price":7.16},{"type":"B","date":"2018-03-28T07:01:44.000Z","volume":500,"label":" ","price":7.15},{"type":"B","date":"2018-03-28T07:01:44.000Z","volume":3000,"label":" ","price":7.15},{"type":"A","date":"2018-03-28T07:01:53.000Z","volume":1000,"label":" ","price":7.21},{"type":"B","date":"2018-03-28T07:02:04.000Z","volume":9500,"label":" ","price":7.16},{"type":"A","date":"2018-03-28T07:02:09.000Z","volume":1500,"label":" ","price":7.18},{"type":"B","date":"2018-03-28T07:02:12.000Z","volume":3000,"label":" ","price":7.16},{"type":"B","date":"2018-03-28T07:02:14.000Z","volume":18500,"label":" ","price":7.16},{"type":"B","date":"2018-03-28T07:02:14.000Z","volume":16000,"label":" ","price":7.15},{"type":"B","date":"2018-03-28T07:02:14.000Z","volume":2000,"label":"Y","price":7.14},{"type":"B","date":"2018-03-28T07:02:14.000Z","volume":13500,"label":" ","price":7.13},{"type":"U","date":"2018-03-28T07:02:18.000Z","volume":5500,"label":" ","price":7.16},{"type":"A","date":"2018-03-28T07:02:24.000Z","volume":1000,"label":" ","price":7.18},{"type":"B","date":"2018-03-28T07:02:24.000Z","volume":2000,"label":" ","price":7.14},{"type":"B","date":"2018-03-28T07:02:24.000Z","volume":4500,"label":" ","price":7.14},{"type":"B","date":"2018-03-28T07:02:24.000Z","volume":6500,"label":" ","price":7.13},{"type":"A","date":"2018-03-28T07:02:24.000Z","volume":16000,"label":" ","price":7.14},{"type":"A","date":"2018-03-28T07:02:24.000Z","volume":3000,"label":" ","price":7.14},{"type":"A","date":"2018-03-28T07:02:39.000Z","volume":1500,"label":" ","price":7.21},{"type":"B","date":"2018-03-28T07:02:41.000Z","volume":6500,"label":" ","price":7.14},{"type":"B","date":"2018-03-28T07:02:41.000Z","volume":8000,"label":" ","price":7.13},{"type":"B","date":"2018-03-28T07:02:41.000Z","volume":5500,"label":" ","price":7.13},{"type":"B","date":"2018-03-28T07:02:48.000Z","volume":7500,"label":" ","price":7.13},{"type":"U","date":"2018-03-28T07:02:53.000Z","volume":500,"label":" ","price":7.14},{"type":"A","date":"2018-03-28T07:02:54.000Z","volume":1000,"label":" ","price":7.14},{"type":"B","date":"2018-03-28T07:02:58.000Z","volume":5000,"label":" ","price":7.12},{"type":"B","date":"2018-03-28T07:02:58.000Z","volume":500,"label":" ","price":7.12},{"type":"B","date":"2018-03-28T07:02:58.000Z","volume":500,"label":" ","price":7.12},{"type":"B","date":"2018-03-28T07:02:58.000Z","volume":3500,"label":" ","price":7.11},{"type":"A","date":"2018-03-28T07:02:59.000Z","volume":500,"label":" ","price":7.12},{"type":"A","date":"2018-03-28T07:03:10.000Z","volume":1500,"label":" ","price":7.2},{"type":"B","date":"2018-03-28T07:03:14.000Z","volume":5500,"label":" ","price":7.12},{"type":"B","date":"2018-03-28T07:03:14.000Z","volume":2500,"label":" ","price":7.11},{"type":"A","date":"2018-03-28T07:03:21.000Z","volume":10000,"label":" ","price":7.12},{"type":"A","date":"2018-03-28T07:03:21.000Z","volume":34500,"label":" ","price":7.12},{"type":"B","date":"2018-03-28T07:03:21.000Z","volume":3000,"label":" ","price":7.12},{"type":"B","date":"2018-03-28T07:03:21.000Z","volume":7000,"label":" ","price":7.11},{"type":"A","date":"2018-03-28T07:03:40.000Z","volume":1500,"label":" ","price":7.2},{"type":"B","date":"2018-03-28T07:03:45.000Z","volume":1000,"label":"Y","price":7.13},{"type":"B","date":"2018-03-28T07:03:45.000Z","volume":2000,"label":" ","price":7.13},{"type":"B","date":"2018-03-28T07:03:50.000Z","volume":1000,"label":" ","price":7.12},{"type":"B","date":"2018-03-28T07:03:50.000Z","volume":6500,"label":" ","price":7.11},{"type":"A","date":"2018-03-28T07:03:55.000Z","volume":1000,"label":" ","price":7.12},{"type":"B","date":"2018-03-28T07:03:55.000Z","volume":500,"label":" ","price":7.11},{"type":"B","date":"2018-03-28T07:03:59.000Z","volume":3000,"label":" ","price":7.11},{"type":"A","date":"2018-03-28T07:04:09.000Z","volume":2000,"label":" ","price":7.13},{"type":"B","date":"2018-03-28T07:04:20.000Z","volume":4000,"label":" ","price":7.14},{"type":"B","date":"2018-03-28T07:04:20.000Z","volume":1500,"label":" ","price":7.13},{"type":"B","date":"2018-03-28T07:04:21.000Z","volume":3000,"label":"Y","price":7.12},{"type":"A","date":"2018-03-28T07:04:26.000Z","volume":1000,"label":" ","price":7.12},{"type":"B","date":"2018-03-28T07:04:29.000Z","volume":4000,"label":" ","price":7.11},{"type":"B","date":"2018-03-28T07:04:29.000Z","volume":8500,"label":"Y","price":7.1},{"type":"B","date":"2018-03-28T07:04:29.000Z","volume":37500,"label":" ","price":7.1},{"type":"B","date":"2018-03-28T07:04:29.000Z","volume":5500,"label":" ","price":7.1},{"type":"B","date":"2018-03-28T07:04:30.000Z","volume":6000,"label":" ","price":7.1},{"type":"B","date":"2018-03-28T07:04:37.000Z","volume":17000,"label":" ","price":7.12},{"type":"B","date":"2018-03-28T07:04:37.000Z","volume":4000,"label":" ","price":7.1},{"type":"B","date":"2018-03-28T07:04:37.000Z","volume":500,"label":" ","price":7.09},{"type":"B","date":"2018-03-28T07:04:38.000Z","volume":37500,"label":" ","price":7.08},{"type":"B","date":"2018-03-28T07:04:44.000Z","volume":3000,"label":" ","price":7.09},{"type":"B","date":"2018-03-28T07:04:44.000Z","volume":3000,"label":" ","price":7.08},{"type":"B","date":"2018-03-28T07:04:44.000Z","volume":6000,"label":" ","price":7.07},{"type":"B","date":"2018-03-28T07:04:52.000Z","volume":2000,"label":" ","price":7.07},{"type":"A","date":"2018-03-28T07:04:56.000Z","volume":1000,"label":" ","price":7.07},{"type":"A","date":"2018-03-28T07:04:58.000Z","volume":1500,"label":" ","price":7.07},{"type":"B","date":"2018-03-28T07:04:58.000Z","volume":5500,"label":" ","price":7.06},{"type":"A","date":"2018-03-28T07:05:03.000Z","volume":30000,"label":" ","price":7.07},{"type":"B","date":"2018-03-28T07:05:03.000Z","volume":3000,"label":"Y","price":7.06},{"type":"B","date":"2018-03-28T07:05:03.000Z","volume":5000,"label":" ","price":7.06},{"type":"B","date":"2018-03-28T07:05:03.000Z","volume":11000,"label":" ","price":7.05},{"type":"A","date":"2018-03-28T07:05:12.000Z","volume":1500,"label":" ","price":7.07},{"type":"A","date":"2018-03-28T07:05:12.000Z","volume":14500,"label":" ","price":7.07},{"type":"B","date":"2018-03-28T07:05:12.000Z","volume":1500,"label":" ","price":7.06},{"type":"B","date":"2018-03-28T07:05:17.000Z","volume":1000,"label":"Y","price":7.06},{"type":"B","date":"2018-03-28T07:05:17.000Z","volume":2500,"label":" ","price":7.06},{"type":"A","date":"2018-03-28T07:05:18.000Z","volume":9000,"label":" ","price":7.06},{"type":"B","date":"2018-03-28T07:05:22.000Z","volume":9000,"label":" ","price":7.08},{"type":"B","date":"2018-03-28T07:05:22.000Z","volume":3000,"label":" ","price":7.06},{"type":"B","date":"2018-03-28T07:05:22.000Z","volume":8000,"label":" ","price":7.05},{"type":"A","date":"2018-03-28T07:05:28.000Z","volume":1000,"label":" ","price":7.06},{"type":"A","date":"2018-03-28T07:05:28.000Z","volume":1000,"label":" ","price":7.06},{"type":"A","date":"2018-03-28T07:05:29.000Z","volume":1000,"label":" ","price":7.06},{"type":"B","date":"2018-03-28T07:05:31.000Z","volume":500,"label":"Y","price":7.05},{"type":"B","date":"2018-03-28T07:05:31.000Z","volume":22500,"label":" ","price":7.05},{"type":"B","date":"2018-03-28T07:05:31.000Z","volume":13500,"label":" ","price":7.03},{"type":"B","date":"2018-03-28T07:05:36.000Z","volume":3500,"label":" ","price":7.02},{"type":"A","date":"2018-03-28T07:05:43.000Z","volume":1500,"label":" ","price":7.05},{"type":"A","date":"2018-03-28T07:05:43.000Z","volume":5500,"label":" ","price":7.05},{"type":"B","date":"2018-03-28T07:05:43.000Z","volume":3500,"label":" ","price":7.05},{"type":"B","date":"2018-03-28T07:05:43.000Z","volume":2500,"label":" ","price":7.03},{"type":"A","date":"2018-03-28T07:05:58.000Z","volume":1000,"label":" ","price":7.06},{"type":"B","date":"2018-03-28T07:06:06.000Z","volume":5000,"label":"Y","price":7.05},{"type":"B","date":"2018-03-28T07:06:06.000Z","volume":4000,"label":" ","price":7.05},{"type":"B","date":"2018-03-28T07:06:06.000Z","volume":3000,"label":" ","price":7.03},{"type":"B","date":"2018-03-28T07:06:06.000Z","volume":3500,"label":" ","price":7.02},{"type":"A","date":"2018-03-28T07:06:14.000Z","volume":1500,"label":" ","price":7.05},{"type":"A","date":"2018-03-28T07:06:22.000Z","volume":21500,"label":" ","price":7.05},{"type":"B","date":"2018-03-28T07:06:23.000Z","volume":1000,"label":"Y","price":7.03},{"type":"B","date":"2018-03-28T07:06:23.000Z","volume":5000,"label":" ","price":7.03},{"type":"B","date":"2018-03-28T07:06:23.000Z","volume":3500,"label":" ","price":7.03},{"type":"A","date":"2018-03-28T07:06:27.000Z","volume":1500,"label":" ","price":7.03},{"type":"B","date":"2018-03-28T07:06:35.000Z","volume":1000,"label":" ","price":7.05},{"type":"A","date":"2018-03-28T07:06:43.000Z","volume":1000,"label":"Y","price":7.05},{"type":"A","date":"2018-03-28T07:06:43.000Z","volume":1500,"label":" ","price":7.05},{"type":"A","date":"2018-03-28T07:06:58.000Z","volume":1000,"label":" ","price":7.05},{"type":"A","date":"2018-03-28T07:06:59.000Z","volume":2000,"label":" ","price":7.05},{"type":"B","date":"2018-03-28T07:06:59.000Z","volume":1000,"label":" ","price":7.04},{"type":"B","date":"2018-03-28T07:06:59.000Z","volume":3000,"label":" ","price":7.03},{"type":"A","date":"2018-03-28T07:07:01.000Z","volume":1500,"label":" ","price":7.04},{"type":"B","date":"2018-03-28T07:07:14.000Z","volume":1000,"label":"Y","price":7.04},{"type":"B","date":"2018-03-28T07:07:14.000Z","volume":3500,"label":" ","price":7.04},{"type":"A","date":"2018-03-28T07:07:14.000Z","volume":1500,"label":" ","price":7.05},{"type":"A","date":"2018-03-28T07:07:19.000Z","volume":29000,"label":" ","price":7.05},{"type":"B","date":"2018-03-28T07:07:19.000Z","volume":1000,"label":"Y","price":7.04},{"type":"B","date":"2018-03-28T07:07:19.000Z","volume":3500,"label":" ","price":7.04},{"type":"B","date":"2018-03-28T07:07:21.000Z","volume":6500,"label":" ","price":7.03},{"type":"A","date":"2018-03-28T07:07:23.000Z","volume":10000,"label":" ","price":7.05},{"type":"A","date":"2018-03-28T07:07:23.000Z","volume":2500,"label":" ","price":7.05},{"type":"B","date":"2018-03-28T07:07:23.000Z","volume":5000,"label":" ","price":7.03},{"type":"B","date":"2018-03-28T07:07:23.000Z","volume":5000,"label":" ","price":7.03},{"type":"B","date":"2018-03-28T07:07:23.000Z","volume":5000,"label":" ","price":7.02},{"type":"A","date":"2018-03-28T07:07:23.000Z","volume":1000,"label":"Y","price":7.03},{"type":"A","date":"2018-03-28T07:07:29.000Z","volume":1000,"label":" ","price":7.05},{"type":"B","date":"2018-03-28T07:07:34.000Z","volume":2500,"label":" ","price":7.03},{"type":"B","date":"2018-03-28T07:07:43.000Z","volume":11500,"label":" ","price":7.02},{"type":"B","date":"2018-03-28T07:07:43.000Z","volume":8000,"label":" ","price":7.01},{"type":"A","date":"2018-03-28T07:07:44.000Z","volume":2000,"label":"Y","price":7.02},{"type":"A","date":"2018-03-28T07:07:44.000Z","volume":1500,"label":" ","price":7.02},{"type":"A","date":"2018-03-28T07:07:45.000Z","volume":5000,"label":"Y","price":7.02},{"type":"A","date":"2018-03-28T07:07:45.000Z","volume":1000,"label":" ","price":7.02},{"type":"B","date":"2018-03-28T07:07:45.000Z","volume":8500,"label":" ","price":7.01},{"type":"A","date":"2018-03-28T07:07:49.000Z","volume":500,"label":" ","price":7.02},{"type":"B","date":"2018-03-28T07:07:49.000Z","volume":3000,"label":" ","price":7.02},{"type":"B","date":"2018-03-28T07:07:49.000Z","volume":45000,"label":"Y","price":7.01},{"type":"B","date":"2018-03-28T07:07:49.000Z","volume":2000,"label":" ","price":7.01},{"type":"B","date":"2018-03-28T07:07:49.000Z","volume":2000,"label":"Y","price":7.01},{"type":"B","date":"2018-03-28T07:07:49.000Z","volume":14000,"label":" ","price":7},{"type":"B","date":"2018-03-28T07:07:49.000Z","volume":15000,"label":" ","price":7},{"type":"A","date":"2018-03-28T07:07:50.000Z","volume":31000,"label":" ","price":7.03},{"type":"A","date":"2018-03-28T07:07:50.000Z","volume":2500,"label":" ","price":7.05},{"type":"B","date":"2018-03-28T07:07:50.000Z","volume":13000,"label":" ","price":7.05},{"type":"B","date":"2018-03-28T07:08:05.000Z","volume":13500,"label":" ","price":7.06},{"type":"B","date":"2018-03-28T07:08:05.000Z","volume":5000,"label":" ","price":7.05},{"type":"A","date":"2018-03-28T07:08:05.000Z","volume":4000,"label":" ","price":7.05},{"type":"B","date":"2018-03-28T07:08:05.000Z","volume":500,"label":" ","price":7.02},{"type":"A","date":"2018-03-28T07:08:08.000Z","volume":3000,"label":" ","price":7.02},{"type":"A","date":"2018-03-28T07:08:15.000Z","volume":1500,"label":" ","price":7.03},{"type":"A","date":"2018-03-28T07:08:18.000Z","volume":11500,"label":" ","price":7.03},{"type":"A","date":"2018-03-28T07:08:22.000Z","volume":27500,"label":" ","price":7.05},{"type":"B","date":"2018-03-28T07:08:22.000Z","volume":1000,"label":" ","price":7.07},{"type":"A","date":"2018-03-28T07:08:30.000Z","volume":1000,"label":" ","price":7.11},{"type":"B","date":"2018-03-28T07:08:44.000Z","volume":7000,"label":" ","price":7.07},{"type":"A","date":"2018-03-28T07:08:45.000Z","volume":1500,"label":" ","price":7.07},{"type":"A","date":"2018-03-28T07:08:53.000Z","volume":500,"label":" ","price":7.07},{"type":"A","date":"2018-03-28T07:08:59.000Z","volume":1000,"label":" ","price":7.07},{"type":"A","date":"2018-03-28T07:09:10.000Z","volume":5000,"label":" ","price":7.1},{"type":"A","date":"2018-03-28T07:09:14.000Z","volume":2000,"label":" ","price":7.1},{"type":"A","date":"2018-03-28T07:09:16.000Z","volume":1500,"label":" ","price":7.1},{"type":"A","date":"2018-03-28T07:09:21.000Z","volume":3000,"label":" ","price":7.1},{"type":"A","date":"2018-03-28T07:09:29.000Z","volume":2500,"label":" ","price":7.1},{"type":"A","date":"2018-03-28T07:09:29.000Z","volume":5000,"label":" ","price":7.1},{"type":"A","date":"2018-03-28T07:09:31.000Z","volume":1000,"label":" ","price":7.1},{"type":"A","date":"2018-03-28T07:09:32.000Z","volume":2000,"label":" ","price":7.1},{"type":"A","date":"2018-03-28T07:09:39.000Z","volume":25000,"label":" ","price":7.1},{"type":"A","date":"2018-03-28T07:09:44.000Z","volume":2000,"label":" ","price":7.1},{"type":"A","date":"2018-03-28T07:09:46.000Z","volume":2000,"label":" ","price":7.1},{"type":"A","date":"2018-03-28T07:09:46.000Z","volume":1500,"label":" ","price":7.1},{"type":"A","date":"2018-03-28T07:09:51.000Z","volume":2000,"label":" ","price":7.1},{"type":"A","date":"2018-03-28T07:09:56.000Z","volume":16000,"label":" ","price":7.1},{"type":"A","date":"2018-03-28T07:10:03.000Z","volume":6000,"label":" ","price":7.11},{"type":"A","date":"2018-03-28T07:10:07.000Z","volume":5000,"label":" ","price":7.11},{"type":"A","date":"2018-03-28T07:10:12.000Z","volume":500,"label":" ","price":7.11},{"type":"A","date":"2018-03-28T07:10:33.000Z","volume":1500,"label":" ","price":7.11},{"type":"A","date":"2018-03-28T07:11:04.000Z","volume":4000,"label":" ","price":7.11},{"type":"A","date":"2018-03-28T07:11:10.000Z","volume":8000,"label":" ","price":7.11},{"type":"A","date":"2018-03-28T07:11:17.000Z","volume":2500,"label":" ","price":7.11},{"type":"B","date":"2018-03-28T07:11:28.000Z","volume":20000,"label":" ","price":7.11},{"type":"B","date":"2018-03-28T07:11:34.000Z","volume":5000,"label":" ","price":7.11},{"type":"B","date":"2018-03-28T07:11:36.000Z","volume":4000,"label":"Y","price":7.11},{"type":"B","date":"2018-03-28T07:11:36.000Z","volume":10000,"label":" ","price":7.11},{"type":"A","date":"2018-03-28T07:11:47.000Z","volume":2000,"label":"Y","price":7.11},{"type":"A","date":"2018-03-28T07:11:58.000Z","volume":1500,"label":"Y","price":7.11},{"type":"A","date":"2018-03-28T07:12:04.000Z","volume":1500,"label":" ","price":7.11},{"type":"A","date":"2018-03-28T07:12:08.000Z","volume":1000,"label":" ","price":7.11},{"type":"A","date":"2018-03-28T07:12:38.000Z","volume":5500,"label":" ","price":7.11},{"type":"A","date":"2018-03-28T07:12:50.000Z","volume":1000,"label":" ","price":7.11},{"type":"A","date":"2018-03-28T07:13:09.000Z","volume":3000,"label":" ","price":7.11},{"type":"A","date":"2018-03-28T07:13:33.000Z","volume":500,"label":" ","price":7.11},{"type":"A","date":"2018-03-28T07:13:50.000Z","volume":2000,"label":" ","price":7.11},{"type":"A","date":"2018-03-28T07:14:02.000Z","volume":2000,"label":" ","price":7.11},{"type":"A","date":"2018-03-28T07:14:04.000Z","volume":14000,"label":" ","price":7.11},{"type":"A","date":"2018-03-28T07:14:09.000Z","volume":4500,"label":" ","price":7.11},{"type":"B","date":"2018-03-28T07:14:12.000Z","volume":500,"label":" ","price":7.1},{"type":"A","date":"2018-03-28T07:14:31.000Z","volume":2000,"label":" ","price":7.11},{"type":"A","date":"2018-03-28T07:14:41.000Z","volume":1000,"label":" ","price":7.11},{"type":"A","date":"2018-03-28T07:15:08.000Z","volume":6500,"label":" ","price":7.11},{"type":"A","date":"2018-03-28T07:15:12.000Z","volume":10000,"label":" ","price":7.11},{"type":"A","date":"2018-03-28T07:15:44.000Z","volume":500,"label":" ","price":7.11},{"type":"A","date":"2018-03-28T07:15:49.000Z","volume":15000,"label":" ","price":7.11},{"type":"A","date":"2018-03-28T07:16:02.000Z","volume":500,"label":" ","price":7.11},{"type":"A","date":"2018-03-28T07:16:07.000Z","volume":2000,"label":" ","price":7.11},{"type":"A","date":"2018-03-28T07:16:14.000Z","volume":8000,"label":" ","price":7.11},{"type":"A","date":"2018-03-28T07:16:19.000Z","volume":3000,"label":" ","price":7.11},{"type":"A","date":"2018-03-28T07:16:22.000Z","volume":8000,"label":" ","price":7.11},{"type":"A","date":"2018-03-28T07:16:22.000Z","volume":3500,"label":" ","price":7.11},{"type":"A","date":"2018-03-28T07:16:25.000Z","volume":15000,"label":" ","price":7.11},{"type":"A","date":"2018-03-28T07:16:25.000Z","volume":5000,"label":" ","price":7.11},{"type":"A","date":"2018-03-28T07:16:25.000Z","volume":4000,"label":"Y","price":7.11},{"type":"A","date":"2018-03-28T07:16:25.000Z","volume":4500,"label":" ","price":7.11},{"type":"A","date":"2018-03-28T07:16:42.000Z","volume":2000,"label":" ","price":7.12},{"type":"A","date":"2018-03-28T07:16:54.000Z","volume":10000,"label":" ","price":7.12},{"type":"A","date":"2018-03-28T07:16:58.000Z","volume":30000,"label":" ","price":7.12},{"type":"A","date":"2018-03-28T07:16:58.000Z","volume":1500,"label":" ","price":7.12},{"type":"A","date":"2018-03-28T07:17:54.000Z","volume":1500,"label":" ","price":7.13},{"type":"A","date":"2018-03-28T07:18:09.000Z","volume":3500,"label":" ","price":7.13},{"type":"A","date":"2018-03-28T07:18:43.000Z","volume":5000,"label":" ","price":7.13},{"type":"A","date":"2018-03-28T07:18:59.000Z","volume":1000,"label":"Y","price":7.13},{"type":"A","date":"2018-03-28T07:19:13.000Z","volume":20000,"label":" ","price":7.13},{"type":"A","date":"2018-03-28T07:19:22.000Z","volume":8500,"label":" ","price":7.13},{"type":"A","date":"2018-03-28T07:19:22.000Z","volume":500,"label":" ","price":7.13},{"type":"A","date":"2018-03-28T07:19:31.000Z","volume":20000,"label":" ","price":7.13},{"type":"A","date":"2018-03-28T07:19:31.000Z","volume":27000,"label":" ","price":7.13},{"type":"A","date":"2018-03-28T07:19:31.000Z","volume":7000,"label":" ","price":7.13},{"type":"A","date":"2018-03-28T07:19:31.000Z","volume":7000,"label":"Y","price":7.13},{"type":"A","date":"2018-03-28T07:19:31.000Z","volume":5000,"label":" ","price":7.13},{"type":"A","date":"2018-03-28T07:19:58.000Z","volume":2000,"label":" ","price":7.17},{"type":"B","date":"2018-03-28T07:21:03.000Z","volume":5000,"label":"Y","price":7.14},{"type":"B","date":"2018-03-28T07:21:03.000Z","volume":59500,"label":" ","price":7.14},{"type":"B","date":"2018-03-28T07:21:03.000Z","volume":15500,"label":" ","price":7.13},{"type":"B","date":"2018-03-28T07:21:06.000Z","volume":7000,"label":" ","price":7.13},{"type":"B","date":"2018-03-28T07:21:13.000Z","volume":58000,"label":" ","price":7.12},{"type":"B","date":"2018-03-28T07:21:52.000Z","volume":500,"label":" ","price":7.12},{"type":"B","date":"2018-03-28T07:21:52.000Z","volume":5000,"label":" ","price":7.11},{"type":"A","date":"2018-03-28T07:22:18.000Z","volume":1000,"label":" ","price":7.12},{"type":"B","date":"2018-03-28T07:22:28.000Z","volume":2000,"label":" ","price":7.11},{"type":"A","date":"2018-03-28T07:22:42.000Z","volume":500,"label":" ","price":7.12},{"type":"A","date":"2018-03-28T07:22:58.000Z","volume":500,"label":" ","price":7.12},{"type":"A","date":"2018-03-28T07:23:22.000Z","volume":16000,"label":" ","price":7.12},{"type":"A","date":"2018-03-28T07:24:06.000Z","volume":10000,"label":" ","price":7.12},{"type":"A","date":"2018-03-28T07:24:44.000Z","volume":30000,"label":" ","price":7.12},{"type":"A","date":"2018-03-28T07:24:47.000Z","volume":15500,"label":" ","price":7.12},{"type":"A","date":"2018-03-28T07:24:48.000Z","volume":1000,"label":" ","price":7.12},{"type":"A","date":"2018-03-28T07:24:57.000Z","volume":32000,"label":" ","price":7.12},{"type":"A","date":"2018-03-28T07:25:22.000Z","volume":8000,"label":" ","price":7.12},{"type":"A","date":"2018-03-28T07:25:41.000Z","volume":2000,"label":" ","price":7.12},{"type":"B","date":"2018-03-28T07:25:50.000Z","volume":13500,"label":"Y","price":7.11},{"type":"B","date":"2018-03-28T07:25:50.000Z","volume":24000,"label":" ","price":7.11},{"type":"A","date":"2018-03-28T07:27:40.000Z","volume":10000,"label":" ","price":7.12},{"type":"A","date":"2018-03-28T07:28:22.000Z","volume":500,"label":" ","price":7.12},{"type":"A","date":"2018-03-28T07:28:22.000Z","volume":500,"label":" ","price":7.12},{"type":"A","date":"2018-03-28T07:28:31.000Z","volume":1500,"label":" ","price":7.12},{"type":"A","date":"2018-03-28T07:28:41.000Z","volume":6000,"label":" ","price":7.12},{"type":"A","date":"2018-03-28T07:28:49.000Z","volume":1500,"label":" ","price":7.12},{"type":"B","date":"2018-03-28T07:29:20.000Z","volume":5000,"label":" ","price":7.11},{"type":"B","date":"2018-03-28T07:29:49.000Z","volume":2500,"label":"Y","price":7.11},{"type":"B","date":"2018-03-28T07:29:49.000Z","volume":7500,"label":" ","price":7.11},{"type":"A","date":"2018-03-28T07:29:54.000Z","volume":20000,"label":" ","price":7.12},{"type":"A","date":"2018-03-28T07:30:02.000Z","volume":14500,"label":" ","price":7.12},{"type":"A","date":"2018-03-28T07:30:04.000Z","volume":1000,"label":" ","price":7.12},{"type":"A","date":"2018-03-28T07:30:06.000Z","volume":4000,"label":" ","price":7.12},{"type":"A","date":"2018-03-28T07:31:01.000Z","volume":100000,"label":" ","price":7.12},{"type":"A","date":"2018-03-28T07:31:01.000Z","volume":10000,"label":" ","price":7.12},{"type":"A","date":"2018-03-28T07:31:01.000Z","volume":5000,"label":"Y","price":7.12},{"type":"A","date":"2018-03-28T07:31:07.000Z","volume":4000,"label":"Y","price":7.12},{"type":"A","date":"2018-03-28T07:31:07.000Z","volume":3500,"label":"Y","price":7.12},{"type":"A","date":"2018-03-28T07:31:11.000Z","volume":4000,"label":" ","price":7.12},{"type":"A","date":"2018-03-28T07:31:11.000Z","volume":1000,"label":"Y","price":7.12},{"type":"A","date":"2018-03-28T07:31:17.000Z","volume":40500,"label":" ","price":7.13},{"type":"A","date":"2018-03-28T07:31:47.000Z","volume":500,"label":"Y","price":7.13},{"type":"A","date":"2018-03-28T07:32:48.000Z","volume":6000,"label":"Y","price":7.13},{"type":"A","date":"2018-03-28T07:33:12.000Z","volume":5500,"label":" ","price":7.13},{"type":"A","date":"2018-03-28T07:33:24.000Z","volume":14000,"label":" ","price":7.13},{"type":"A","date":"2018-03-28T07:33:32.000Z","volume":1000,"label":"Y","price":7.13},{"type":"A","date":"2018-03-28T07:34:15.000Z","volume":7500,"label":" ","price":7.13},{"type":"A","date":"2018-03-28T07:34:19.000Z","volume":3500,"label":" ","price":7.13},{"type":"A","date":"2018-03-28T07:34:33.000Z","volume":20000,"label":" ","price":7.13},{"type":"A","date":"2018-03-28T07:34:48.000Z","volume":3000,"label":" ","price":7.13},{"type":"A","date":"2018-03-28T07:34:58.000Z","volume":1000,"label":"Y","price":7.13},{"type":"B","date":"2018-03-28T07:35:28.000Z","volume":5500,"label":" ","price":7.12},{"type":"A","date":"2018-03-28T07:35:35.000Z","volume":2000,"label":" ","price":7.13},{"type":"A","date":"2018-03-28T07:35:45.000Z","volume":500,"label":" ","price":7.13},{"type":"A","date":"2018-03-28T07:35:55.000Z","volume":500,"label":"Y","price":7.13},{"type":"A","date":"2018-03-28T07:36:00.000Z","volume":1500,"label":"Y","price":7.13},{"type":"A","date":"2018-03-28T07:36:01.000Z","volume":500,"label":"Y","price":7.13},{"type":"A","date":"2018-03-28T07:36:01.000Z","volume":11500,"label":" ","price":7.13},{"type":"A","date":"2018-03-28T07:36:08.000Z","volume":1000,"label":" ","price":7.13},{"type":"A","date":"2018-03-28T07:36:12.000Z","volume":20000,"label":" ","price":7.13},{"type":"A","date":"2018-03-28T07:36:22.000Z","volume":4000,"label":" ","price":7.13},{"type":"A","date":"2018-03-28T07:36:32.000Z","volume":5000,"label":" ","price":7.13},{"type":"A","date":"2018-03-28T07:36:49.000Z","volume":7500,"label":" ","price":7.13},{"type":"A","date":"2018-03-28T07:37:10.000Z","volume":3500,"label":"Y","price":7.13},{"type":"A","date":"2018-03-28T07:37:17.000Z","volume":1500,"label":" ","price":7.13},{"type":"A","date":"2018-03-28T07:37:45.000Z","volume":500,"label":" ","price":7.13},{"type":"A","date":"2018-03-28T07:37:56.000Z","volume":35000,"label":" ","price":7.13},{"type":"A","date":"2018-03-28T07:37:56.000Z","volume":10500,"label":" ","price":7.13},{"type":"A","date":"2018-03-28T07:37:56.000Z","volume":10000,"label":" ","price":7.13},{"type":"A","date":"2018-03-28T07:37:58.000Z","volume":4000,"label":" ","price":7.13},{"type":"A","date":"2018-03-28T07:38:05.000Z","volume":2000,"label":" ","price":7.13},{"type":"A","date":"2018-03-28T07:39:32.000Z","volume":1500,"label":"Y","price":7.13},{"type":"A","date":"2018-03-28T07:39:32.000Z","volume":2000,"label":" ","price":7.13},{"type":"A","date":"2018-03-28T07:39:35.000Z","volume":2000,"label":" ","price":7.13},{"type":"A","date":"2018-03-28T07:39:45.000Z","volume":500,"label":" ","price":7.13},{"type":"B","date":"2018-03-28T07:39:59.000Z","volume":2000,"label":"Y","price":7.12},{"type":"B","date":"2018-03-28T07:39:59.000Z","volume":41500,"label":" ","price":7.12},{"type":"A","date":"2018-03-28T07:39:59.000Z","volume":11500,"label":" ","price":7.13},{"type":"B","date":"2018-03-28T07:41:13.000Z","volume":10000,"label":" ","price":7.12},{"type":"B","date":"2018-03-28T07:41:24.000Z","volume":5500,"label":" ","price":7.12},{"type":"B","date":"2018-03-28T07:41:39.000Z","volume":16000,"label":" ","price":7.12},{"type":"B","date":"2018-03-28T07:41:39.000Z","volume":47500,"label":" ","price":7.12},{"type":"B","date":"2018-03-28T07:42:41.000Z","volume":47500,"label":" ","price":7.11},{"type":"B","date":"2018-03-28T07:42:59.000Z","volume":10000,"label":" ","price":7.1},{"type":"B","date":"2018-03-28T07:43:05.000Z","volume":10000,"label":" ","price":7.1},{"type":"B","date":"2018-03-28T07:43:11.000Z","volume":10000,"label":" ","price":7.1},{"type":"A","date":"2018-03-28T07:43:12.000Z","volume":500,"label":" ","price":7.11},{"type":"B","date":"2018-03-28T07:43:21.000Z","volume":1500,"label":" ","price":7.1},{"type":"B","date":"2018-03-28T07:44:28.000Z","volume":5500,"label":" ","price":7.1},{"type":"A","date":"2018-03-28T07:44:57.000Z","volume":15500,"label":" ","price":7.11},{"type":"A","date":"2018-03-28T07:45:22.000Z","volume":66500,"label":" ","price":7.11},{"type":"A","date":"2018-03-28T07:45:22.000Z","volume":25000,"label":" ","price":7.11},{"type":"A","date":"2018-03-28T07:45:46.000Z","volume":9500,"label":" ","price":7.11},{"type":"A","date":"2018-03-28T07:46:22.000Z","volume":10000,"label":" ","price":7.11},{"type":"B","date":"2018-03-28T07:46:33.000Z","volume":500,"label":" ","price":7.1},{"type":"B","date":"2018-03-28T07:46:37.000Z","volume":14000,"label":"Y","price":7.1},{"type":"B","date":"2018-03-28T07:46:37.000Z","volume":40500,"label":" ","price":7.1},{"type":"B","date":"2018-03-28T07:46:37.000Z","volume":7000,"label":" ","price":7.1},{"type":"B","date":"2018-03-28T07:46:38.000Z","volume":1000,"label":" ","price":7.1},{"type":"A","date":"2018-03-28T07:46:40.000Z","volume":1000,"label":" ","price":7.1},{"type":"A","date":"2018-03-28T07:46:45.000Z","volume":1500,"label":" ","price":7.1},{"type":"A","date":"2018-03-28T07:46:55.000Z","volume":4000,"label":" ","price":7.1},{"type":"A","date":"2018-03-28T07:47:00.000Z","volume":4000,"label":" ","price":7.1},{"type":"A","date":"2018-03-28T07:47:01.000Z","volume":1000,"label":" ","price":7.1},{"type":"A","date":"2018-03-28T07:47:06.000Z","volume":2000,"label":" ","price":7.1},{"type":"A","date":"2018-03-28T07:47:06.000Z","volume":2500,"label":" ","price":7.1},{"type":"A","date":"2018-03-28T07:47:11.000Z","volume":23000,"label":" ","price":7.1},{"type":"B","date":"2018-03-28T07:47:22.000Z","volume":50000,"label":" ","price":7.09},{"type":"A","date":"2018-03-28T07:47:27.000Z","volume":4500,"label":" ","price":7.1},{"type":"A","date":"2018-03-28T07:47:27.000Z","volume":3500,"label":" ","price":7.1},{"type":"A","date":"2018-03-28T07:47:27.000Z","volume":2500,"label":" ","price":7.1},{"type":"A","date":"2018-03-28T07:48:12.000Z","volume":46000,"label":" ","price":7.1},{"type":"A","date":"2018-03-28T07:48:46.000Z","volume":11000,"label":" ","price":7.1},{"type":"A","date":"2018-03-28T07:48:46.000Z","volume":25000,"label":" ","price":7.1},{"type":"A","date":"2018-03-28T07:48:52.000Z","volume":14000,"label":" ","price":7.1},{"type":"U","date":"2018-03-28T07:49:27.000Z","volume":7000,"label":" ","price":7.12},{"type":"B","date":"2018-03-28T07:50:33.000Z","volume":9000,"label":"Y","price":7.1},{"type":"B","date":"2018-03-28T07:50:33.000Z","volume":1000,"label":" ","price":7.1},{"type":"A","date":"2018-03-28T07:50:57.000Z","volume":500,"label":" ","price":7.12},{"type":"B","date":"2018-03-28T07:51:00.000Z","volume":10000,"label":" ","price":7.1},{"type":"A","date":"2018-03-28T07:51:01.000Z","volume":5000,"label":" ","price":7.12},{"type":"A","date":"2018-03-28T07:51:43.000Z","volume":500,"label":" ","price":7.12},{"type":"A","date":"2018-03-28T07:51:52.000Z","volume":9000,"label":" ","price":7.12},{"type":"A","date":"2018-03-28T07:51:57.000Z","volume":7000,"label":" ","price":7.12},{"type":"B","date":"2018-03-28T07:52:04.000Z","volume":7000,"label":"Y","price":7.1},{"type":"B","date":"2018-03-28T07:52:04.000Z","volume":26500,"label":" ","price":7.1},{"type":"A","date":"2018-03-28T07:52:22.000Z","volume":5500,"label":"Y","price":7.12},{"type":"A","date":"2018-03-28T07:52:22.000Z","volume":25500,"label":" ","price":7.12},{"type":"A","date":"2018-03-28T07:52:22.000Z","volume":1000,"label":" ","price":7.12},{"type":"A","date":"2018-03-28T07:52:22.000Z","volume":18500,"label":" ","price":7.12},{"type":"A","date":"2018-03-28T07:52:32.000Z","volume":6000,"label":" ","price":7.12},{"type":"A","date":"2018-03-28T07:52:32.000Z","volume":500,"label":"Y","price":7.12},{"type":"A","date":"2018-03-28T07:52:32.000Z","volume":5000,"label":" ","price":7.12},{"type":"A","date":"2018-03-28T07:52:36.000Z","volume":3500,"label":" ","price":7.12},{"type":"A","date":"2018-03-28T07:52:36.000Z","volume":3000,"label":" ","price":7.13},{"type":"A","date":"2018-03-28T07:52:43.000Z","volume":500,"label":" ","price":7.13},{"type":"A","date":"2018-03-28T07:52:51.000Z","volume":3000,"label":"Y","price":7.13},{"type":"A","date":"2018-03-28T07:52:51.000Z","volume":44000,"label":" ","price":7.13},{"type":"A","date":"2018-03-28T07:52:51.000Z","volume":2500,"label":" ","price":7.13},{"type":"A","date":"2018-03-28T07:52:52.000Z","volume":6500,"label":"Y","price":7.13},{"type":"A","date":"2018-03-28T07:52:52.000Z","volume":5500,"label":" ","price":7.13},{"type":"A","date":"2018-03-28T07:53:13.000Z","volume":500,"label":" ","price":7.15},{"type":"A","date":"2018-03-28T07:53:43.000Z","volume":1500,"label":" ","price":7.15},{"type":"B","date":"2018-03-28T07:54:06.000Z","volume":2500,"label":"Y","price":7.13},{"type":"B","date":"2018-03-28T07:54:06.000Z","volume":26500,"label":" ","price":7.13},{"type":"A","date":"2018-03-28T07:54:06.000Z","volume":8000,"label":" ","price":7.15},{"type":"A","date":"2018-03-28T07:54:06.000Z","volume":1000,"label":" ","price":7.16},{"type":"U","date":"2018-03-28T07:54:08.000Z","volume":2000,"label":" ","price":7.15},{"type":"A","date":"2018-03-28T07:54:13.000Z","volume":1000,"label":" ","price":7.16},{"type":"A","date":"2018-03-28T07:54:15.000Z","volume":1000,"label":" ","price":7.16},{"type":"A","date":"2018-03-28T07:54:43.000Z","volume":1500,"label":" ","price":7.16},{"type":"U","date":"2018-03-28T07:55:04.000Z","volume":2000,"label":" ","price":7.15},{"type":"B","date":"2018-03-28T07:55:06.000Z","volume":7000,"label":"Y","price":7.14},{"type":"B","date":"2018-03-28T07:55:06.000Z","volume":28500,"label":" ","price":7.14},{"type":"B","date":"2018-03-28T07:55:07.000Z","volume":23500,"label":" ","price":7.14},{"type":"B","date":"2018-03-28T07:55:07.000Z","volume":34000,"label":" ","price":7.13},{"type":"A","date":"2018-03-28T07:55:07.000Z","volume":27500,"label":" ","price":7.13},{"type":"B","date":"2018-03-28T07:55:25.000Z","volume":5000,"label":" ","price":7.12},{"type":"B","date":"2018-03-28T07:56:11.000Z","volume":6500,"label":"Y","price":7.12},{"type":"B","date":"2018-03-28T07:56:11.000Z","volume":27500,"label":" ","price":7.12},{"type":"A","date":"2018-03-28T07:56:11.000Z","volume":5500,"label":" ","price":7.13},{"type":"B","date":"2018-03-28T07:56:11.000Z","volume":13000,"label":"Y","price":7.12},{"type":"B","date":"2018-03-28T07:56:11.000Z","volume":26500,"label":" ","price":7.12},{"type":"A","date":"2018-03-28T07:56:12.000Z","volume":500,"label":"Y","price":7.12},{"type":"A","date":"2018-03-28T07:56:13.000Z","volume":2500,"label":"Y","price":7.12},{"type":"A","date":"2018-03-28T07:56:13.000Z","volume":9000,"label":" ","price":7.12},{"type":"A","date":"2018-03-28T07:56:21.000Z","volume":3500,"label":" ","price":7.13},{"type":"A","date":"2018-03-28T07:56:22.000Z","volume":103000,"label":" ","price":7.13},{"type":"A","date":"2018-03-28T07:56:22.000Z","volume":25000,"label":" ","price":7.13},{"type":"A","date":"2018-03-28T07:56:22.000Z","volume":3500,"label":" ","price":7.13},{"type":"A","date":"2018-03-28T07:56:23.000Z","volume":5500,"label":" ","price":7.16},{"type":"A","date":"2018-03-28T07:56:40.000Z","volume":2000,"label":" ","price":7.16},{"type":"A","date":"2018-03-28T07:56:55.000Z","volume":2000,"label":" ","price":7.16},{"type":"A","date":"2018-03-28T07:57:12.000Z","volume":3000,"label":"Y","price":7.16},{"type":"A","date":"2018-03-28T07:57:13.000Z","volume":3000,"label":" ","price":7.16},{"type":"B","date":"2018-03-28T07:57:54.000Z","volume":1000,"label":" ","price":7.14},{"type":"B","date":"2018-03-28T07:57:54.000Z","volume":1000,"label":" ","price":7.14},{"type":"A","date":"2018-03-28T07:57:55.000Z","volume":500,"label":" ","price":7.16},{"type":"A","date":"2018-03-28T07:57:58.000Z","volume":500,"label":" ","price":7.16},{"type":"A","date":"2018-03-28T07:58:06.000Z","volume":4000,"label":" ","price":7.16},{"type":"A","date":"2018-03-28T07:58:07.000Z","volume":500,"label":" ","price":7.16},{"type":"A","date":"2018-03-28T07:58:10.000Z","volume":1500,"label":" ","price":7.16},{"type":"U","date":"2018-03-28T07:58:20.000Z","volume":10000,"label":" ","price":7.15},{"type":"A","date":"2018-03-28T07:58:20.000Z","volume":12500,"label":" ","price":7.16},{"type":"A","date":"2018-03-28T07:58:20.000Z","volume":2000,"label":" ","price":7.16},{"type":"A","date":"2018-03-28T07:58:22.000Z","volume":9500,"label":" ","price":7.16},{"type":"A","date":"2018-03-28T07:58:29.000Z","volume":4500,"label":" ","price":7.16},{"type":"A","date":"2018-03-28T07:58:31.000Z","volume":2000,"label":" ","price":7.16},{"type":"A","date":"2018-03-28T07:58:36.000Z","volume":2000,"label":" ","price":7.16},{"type":"A","date":"2018-03-28T07:58:38.000Z","volume":500,"label":" ","price":7.16},{"type":"A","date":"2018-03-28T07:58:53.000Z","volume":6500,"label":" ","price":7.16},{"type":"A","date":"2018-03-28T07:59:02.000Z","volume":5000,"label":" ","price":7.16},{"type":"A","date":"2018-03-28T07:59:06.000Z","volume":1000,"label":" ","price":7.16},{"type":"A","date":"2018-03-28T07:59:13.000Z","volume":2000,"label":" ","price":7.16},{"type":"A","date":"2018-03-28T07:59:28.000Z","volume":6500,"label":" ","price":7.16},{"type":"A","date":"2018-03-28T07:59:30.000Z","volume":2500,"label":" ","price":7.16},{"type":"A","date":"2018-03-28T07:59:30.000Z","volume":1000,"label":" ","price":7.16},{"type":"A","date":"2018-03-28T07:59:30.000Z","volume":500,"label":" ","price":7.16},{"type":"A","date":"2018-03-28T07:59:41.000Z","volume":4000,"label":" ","price":7.16},{"type":"A","date":"2018-03-28T07:59:49.000Z","volume":25000,"label":" ","price":7.16},{"type":"B","date":"2018-03-28T07:59:49.000Z","volume":20000,"label":" ","price":7.15},{"type":"A","date":"2018-03-28T07:59:55.000Z","volume":2500,"label":" ","price":7.19},{"type":"A","date":"2018-03-28T07:59:55.000Z","volume":500,"label":" ","price":7.19},{"type":"A","date":"2018-03-28T07:59:55.000Z","volume":500,"label":" ","price":7.19},{"type":"A","date":"2018-03-28T07:59:58.000Z","volume":500,"label":" ","price":7.19},{"type":"U","date":"2018-03-28T08:08:42.000Z","volume":108500,"label":"U","price":7.18}]