[{"type":"B","date":"2018-04-18T01:30:01.000Z","volume":1000,"label":" ","price":10.88},{"type":"B","date":"2018-04-18T01:30:03.000Z","volume":3000,"label":" ","price":10.8},{"type":"B","date":"2018-04-18T01:30:03.000Z","volume":5000,"label":" ","price":10.8},{"type":"B","date":"2018-04-18T01:30:14.000Z","volume":3000,"label":" ","price":10.78},{"type":"B","date":"2018-04-18T01:30:14.000Z","volume":2000,"label":" ","price":10.74},{"type":"B","date":"2018-04-18T01:30:52.000Z","volume":1000,"label":" ","price":10.76},{"type":"A","date":"2018-04-18T01:30:55.000Z","volume":2000,"label":" ","price":10.86},{"type":"A","date":"2018-04-18T01:31:12.000Z","volume":9000,"label":" ","price":10.86},{"type":"A","date":"2018-04-18T01:31:17.000Z","volume":3000,"label":" ","price":10.86},{"type":"A","date":"2018-04-18T01:31:17.000Z","volume":7000,"label":" ","price":10.88},{"type":"B","date":"2018-04-18T01:31:18.000Z","volume":2000,"label":" ","price":10.86},{"type":"A","date":"2018-04-18T01:31:51.000Z","volume":5000,"label":"Y","price":10.9},{"type":"A","date":"2018-04-18T01:31:51.000Z","volume":5000,"label":" ","price":10.9},{"type":"B","date":"2018-04-18T01:31:53.000Z","volume":4000,"label":" ","price":10.8},{"type":"A","date":"2018-04-18T01:33:08.000Z","volume":2000,"label":" ","price":10.86},{"type":"A","date":"2018-04-18T01:33:21.000Z","volume":1000,"label":" ","price":10.86},{"type":"A","date":"2018-04-18T01:33:21.000Z","volume":1000,"label":" ","price":10.86},{"type":"A","date":"2018-04-18T01:33:47.000Z","volume":3000,"label":" ","price":10.88},{"type":"A","date":"2018-04-18T01:33:56.000Z","volume":1000,"label":" ","price":10.86},{"type":"A","date":"2018-04-18T01:33:56.000Z","volume":2000,"label":" ","price":10.86},{"type":"B","date":"2018-04-18T01:34:12.000Z","volume":2000,"label":" ","price":10.8},{"type":"B","date":"2018-04-18T01:35:07.000Z","volume":10000,"label":" ","price":10.8},{"type":"B","date":"2018-04-18T01:35:07.000Z","volume":40000,"label":" ","price":10.8},{"type":"B","date":"2018-04-18T01:35:23.000Z","volume":1000,"label":" ","price":10.78},{"type":"B","date":"2018-04-18T01:35:23.000Z","volume":9000,"label":" ","price":10.78},{"type":"U","date":"2018-04-18T01:35:36.000Z","volume":10000,"label":" ","price":10.8},{"type":"B","date":"2018-04-18T01:35:37.000Z","volume":2000,"label":" ","price":10.76},{"type":"B","date":"2018-04-18T01:35:40.000Z","volume":1000,"label":" ","price":10.74},{"type":"B","date":"2018-04-18T01:35:48.000Z","volume":6000,"label":" ","price":10.72},{"type":"B","date":"2018-04-18T01:35:48.000Z","volume":29000,"label":" ","price":10.7},{"type":"B","date":"2018-04-18T01:35:48.000Z","volume":2000,"label":" ","price":10.7},{"type":"B","date":"2018-04-18T01:36:14.000Z","volume":1000,"label":" ","price":10.68},{"type":"B","date":"2018-04-18T01:36:18.000Z","volume":2000,"label":" ","price":10.68},{"type":"B","date":"2018-04-18T01:36:18.000Z","volume":33000,"label":" ","price":10.68},{"type":"B","date":"2018-04-18T01:36:22.000Z","volume":2000,"label":" ","price":10.68},{"type":"A","date":"2018-04-18T01:36:29.000Z","volume":2000,"label":" ","price":10.68},{"type":"A","date":"2018-04-18T01:37:15.000Z","volume":5000,"label":" ","price":10.68},{"type":"A","date":"2018-04-18T01:38:17.000Z","volume":9000,"label":" ","price":10.68},{"type":"B","date":"2018-04-18T01:40:10.000Z","volume":9000,"label":" ","price":10.62},{"type":"B","date":"2018-04-18T01:40:40.000Z","volume":10000,"label":" ","price":10.6},{"type":"B","date":"2018-04-18T01:41:03.000Z","volume":3000,"label":" ","price":10.6},{"type":"B","date":"2018-04-18T01:41:12.000Z","volume":1000,"label":" ","price":10.6},{"type":"B","date":"2018-04-18T01:41:25.000Z","volume":10000,"label":" ","price":10.6},{"type":"U","date":"2018-04-18T01:41:47.000Z","volume":2000,"label":" ","price":10.6},{"type":"U","date":"2018-04-18T01:41:47.000Z","volume":2000,"label":" ","price":10.6},{"type":"B","date":"2018-04-18T01:42:48.000Z","volume":6000,"label":" ","price":10.58},{"type":"B","date":"2018-04-18T01:42:52.000Z","volume":10000,"label":" ","price":10.56},{"type":"B","date":"2018-04-18T01:42:52.000Z","volume":10000,"label":" ","price":10.56},{"type":"B","date":"2018-04-18T01:43:01.000Z","volume":1000,"label":" ","price":10.54},{"type":"A","date":"2018-04-18T01:43:14.000Z","volume":3000,"label":" ","price":10.56},{"type":"B","date":"2018-04-18T01:43:14.000Z","volume":7000,"label":" ","price":10.56},{"type":"A","date":"2018-04-18T01:43:14.000Z","volume":7000,"label":" ","price":10.58},{"type":"B","date":"2018-04-18T01:43:37.000Z","volume":7000,"label":" ","price":10.54},{"type":"B","date":"2018-04-18T01:43:37.000Z","volume":3000,"label":" ","price":10.52},{"type":"A","date":"2018-04-18T01:43:49.000Z","volume":1000,"label":" ","price":10.54},{"type":"B","date":"2018-04-18T01:43:53.000Z","volume":1000,"label":" ","price":10.56},{"type":"B","date":"2018-04-18T01:43:53.000Z","volume":5000,"label":" ","price":10.52},{"type":"B","date":"2018-04-18T01:43:53.000Z","volume":5000,"label":" ","price":10.52},{"type":"B","date":"2018-04-18T01:43:53.000Z","volume":2000,"label":" ","price":10.52},{"type":"B","date":"2018-04-18T01:44:06.000Z","volume":5000,"label":" ","price":10.5},{"type":"B","date":"2018-04-18T01:44:09.000Z","volume":10000,"label":" ","price":10.5},{"type":"B","date":"2018-04-18T01:44:09.000Z","volume":3000,"label":" ","price":10.5},{"type":"A","date":"2018-04-18T01:44:28.000Z","volume":11000,"label":" ","price":10.5},{"type":"A","date":"2018-04-18T01:44:45.000Z","volume":3000,"label":" ","price":10.52},{"type":"A","date":"2018-04-18T01:44:57.000Z","volume":1000,"label":" ","price":10.52},{"type":"A","date":"2018-04-18T01:46:04.000Z","volume":12000,"label":" ","price":10.52},{"type":"A","date":"2018-04-18T01:46:04.000Z","volume":18000,"label":" ","price":10.54},{"type":"A","date":"2018-04-18T01:46:08.000Z","volume":10000,"label":" ","price":10.54},{"type":"A","date":"2018-04-18T01:46:09.000Z","volume":2000,"label":" ","price":10.54},{"type":"B","date":"2018-04-18T01:46:24.000Z","volume":1000,"label":" ","price":10.54},{"type":"B","date":"2018-04-18T01:46:24.000Z","volume":5000,"label":" ","price":10.52},{"type":"B","date":"2018-04-18T01:46:24.000Z","volume":4000,"label":" ","price":10.5},{"type":"B","date":"2018-04-18T01:47:33.000Z","volume":3000,"label":" ","price":10.5},{"type":"A","date":"2018-04-18T01:47:52.000Z","volume":10000,"label":" ","price":10.54},{"type":"A","date":"2018-04-18T01:48:12.000Z","volume":3000,"label":" ","price":10.56},{"type":"B","date":"2018-04-18T01:49:19.000Z","volume":7000,"label":" ","price":10.52},{"type":"B","date":"2018-04-18T01:49:19.000Z","volume":1000,"label":" ","price":10.52},{"type":"U","date":"2018-04-18T01:49:32.000Z","volume":2000,"label":" ","price":10.52},{"type":"A","date":"2018-04-18T01:49:35.000Z","volume":1000,"label":" ","price":10.52},{"type":"B","date":"2018-04-18T01:49:46.000Z","volume":3000,"label":" ","price":10.52},{"type":"B","date":"2018-04-18T01:49:46.000Z","volume":2000,"label":" ","price":10.52},{"type":"B","date":"2018-04-18T01:49:46.000Z","volume":18000,"label":" ","price":10.5},{"type":"U","date":"2018-04-18T01:49:47.000Z","volume":1000,"label":" ","price":10.52},{"type":"B","date":"2018-04-18T01:49:48.000Z","volume":6000,"label":" ","price":10.48},{"type":"B","date":"2018-04-18T01:51:05.000Z","volume":10000,"label":" ","price":10.42},{"type":"B","date":"2018-04-18T01:51:05.000Z","volume":5000,"label":" ","price":10.4},{"type":"B","date":"2018-04-18T01:51:05.000Z","volume":5000,"label":" ","price":10.4},{"type":"A","date":"2018-04-18T01:51:05.000Z","volume":2000,"label":" ","price":10.42},{"type":"B","date":"2018-04-18T01:51:19.000Z","volume":8000,"label":" ","price":10.4},{"type":"B","date":"2018-04-18T01:51:27.000Z","volume":5000,"label":" ","price":10.4},{"type":"B","date":"2018-04-18T01:51:29.000Z","volume":2000,"label":" ","price":10.4},{"type":"B","date":"2018-04-18T01:51:34.000Z","volume":6000,"label":" ","price":10.4},{"type":"A","date":"2018-04-18T01:51:44.000Z","volume":4000,"label":" ","price":10.4},{"type":"A","date":"2018-04-18T01:52:04.000Z","volume":10000,"label":" ","price":10.42},{"type":"A","date":"2018-04-18T01:52:10.000Z","volume":5000,"label":" ","price":10.42},{"type":"B","date":"2018-04-18T01:52:16.000Z","volume":2000,"label":" ","price":10.4},{"type":"A","date":"2018-04-18T01:52:33.000Z","volume":4000,"label":" ","price":10.42},{"type":"B","date":"2018-04-18T01:52:35.000Z","volume":6000,"label":" ","price":10.4},{"type":"B","date":"2018-04-18T01:52:35.000Z","volume":32000,"label":" ","price":10.38},{"type":"B","date":"2018-04-18T01:52:35.000Z","volume":12000,"label":" ","price":10.34},{"type":"B","date":"2018-04-18T01:52:42.000Z","volume":8000,"label":" ","price":10.34},{"type":"B","date":"2018-04-18T01:52:42.000Z","volume":1000,"label":" ","price":10.3},{"type":"B","date":"2018-04-18T01:53:18.000Z","volume":2000,"label":" ","price":10.32},{"type":"B","date":"2018-04-18T01:53:18.000Z","volume":3000,"label":" ","price":10.3},{"type":"U","date":"2018-04-18T01:53:35.000Z","volume":2000,"label":" ","price":10.34},{"type":"B","date":"2018-04-18T01:53:37.000Z","volume":3000,"label":" ","price":10.3},{"type":"B","date":"2018-04-18T01:53:45.000Z","volume":2000,"label":" ","price":10.3},{"type":"B","date":"2018-04-18T01:53:57.000Z","volume":1000,"label":" ","price":10.3},{"type":"B","date":"2018-04-18T01:54:01.000Z","volume":1000,"label":" ","price":10.3},{"type":"U","date":"2018-04-18T01:54:05.000Z","volume":2000,"label":" ","price":10.32},{"type":"B","date":"2018-04-18T01:54:39.000Z","volume":2000,"label":" ","price":10.32},{"type":"B","date":"2018-04-18T01:54:44.000Z","volume":14000,"label":" ","price":10.3},{"type":"B","date":"2018-04-18T01:54:51.000Z","volume":3000,"label":" ","price":10.3},{"type":"B","date":"2018-04-18T01:54:56.000Z","volume":1000,"label":" ","price":10.3},{"type":"B","date":"2018-04-18T01:55:10.000Z","volume":1000,"label":" ","price":10.3},{"type":"B","date":"2018-04-18T01:55:31.000Z","volume":5000,"label":" ","price":10.3},{"type":"A","date":"2018-04-18T01:55:35.000Z","volume":18000,"label":" ","price":10.34},{"type":"B","date":"2018-04-18T01:55:53.000Z","volume":4000,"label":" ","price":10.32},{"type":"B","date":"2018-04-18T01:56:10.000Z","volume":1000,"label":" ","price":10.34},{"type":"B","date":"2018-04-18T01:56:11.000Z","volume":2000,"label":"Y","price":10.34},{"type":"B","date":"2018-04-18T01:56:26.000Z","volume":1000,"label":"Y","price":10.32},{"type":"B","date":"2018-04-18T01:56:26.000Z","volume":9000,"label":" ","price":10.3},{"type":"B","date":"2018-04-18T01:56:36.000Z","volume":8000,"label":" ","price":10.3},{"type":"B","date":"2018-04-18T01:56:36.000Z","volume":5000,"label":" ","price":10.28},{"type":"B","date":"2018-04-18T01:56:36.000Z","volume":2000,"label":" ","price":10.28},{"type":"B","date":"2018-04-18T01:56:39.000Z","volume":2000,"label":" ","price":10.26},{"type":"A","date":"2018-04-18T01:56:44.000Z","volume":10000,"label":" ","price":10.3},{"type":"B","date":"2018-04-18T01:56:45.000Z","volume":2000,"label":" ","price":10.26},{"type":"U","date":"2018-04-18T01:56:47.000Z","volume":1000,"label":" ","price":10.24},{"type":"A","date":"2018-04-18T01:56:52.000Z","volume":12000,"label":" ","price":10.28},{"type":"U","date":"2018-04-18T01:56:54.000Z","volume":1000,"label":" ","price":10.24},{"type":"A","date":"2018-04-18T01:56:55.000Z","volume":2000,"label":" ","price":10.28},{"type":"A","date":"2018-04-18T01:56:56.000Z","volume":4000,"label":" ","price":10.3},{"type":"U","date":"2018-04-18T01:56:58.000Z","volume":1000,"label":" ","price":10.3},{"type":"B","date":"2018-04-18T01:57:08.000Z","volume":3000,"label":" ","price":10.3},{"type":"B","date":"2018-04-18T01:57:08.000Z","volume":6000,"label":" ","price":10.28},{"type":"B","date":"2018-04-18T01:57:11.000Z","volume":1000,"label":" ","price":10.28},{"type":"B","date":"2018-04-18T01:57:34.000Z","volume":2000,"label":" ","price":10.3},{"type":"A","date":"2018-04-18T01:57:47.000Z","volume":5000,"label":" ","price":10.34},{"type":"B","date":"2018-04-18T01:58:17.000Z","volume":1000,"label":" ","price":10.3},{"type":"B","date":"2018-04-18T01:58:28.000Z","volume":12000,"label":" ","price":10.3},{"type":"B","date":"2018-04-18T01:58:28.000Z","volume":4000,"label":" ","price":10.28},{"type":"B","date":"2018-04-18T01:58:28.000Z","volume":4000,"label":" ","price":10.26},{"type":"B","date":"2018-04-18T01:58:31.000Z","volume":1000,"label":" ","price":10.24},{"type":"B","date":"2018-04-18T01:58:31.000Z","volume":2000,"label":" ","price":10.24},{"type":"A","date":"2018-04-18T01:58:38.000Z","volume":5000,"label":" ","price":10.26},{"type":"A","date":"2018-04-18T01:58:38.000Z","volume":5000,"label":" ","price":10.28},{"type":"A","date":"2018-04-18T01:58:40.000Z","volume":1000,"label":" ","price":10.26},{"type":"A","date":"2018-04-18T01:59:07.000Z","volume":10000,"label":" ","price":10.26},{"type":"A","date":"2018-04-18T01:59:09.000Z","volume":1000,"label":" ","price":10.24},{"type":"B","date":"2018-04-18T01:59:14.000Z","volume":7000,"label":" ","price":10.22},{"type":"B","date":"2018-04-18T01:59:14.000Z","volume":1000,"label":" ","price":10.22},{"type":"B","date":"2018-04-18T01:59:17.000Z","volume":1000,"label":" ","price":10.2},{"type":"B","date":"2018-04-18T01:59:17.000Z","volume":3000,"label":" ","price":10.2},{"type":"B","date":"2018-04-18T01:59:28.000Z","volume":6000,"label":" ","price":10.2},{"type":"B","date":"2018-04-18T01:59:30.000Z","volume":1000,"label":" ","price":10.2},{"type":"A","date":"2018-04-18T01:59:31.000Z","volume":2000,"label":" ","price":10.22},{"type":"B","date":"2018-04-18T01:59:40.000Z","volume":45000,"label":" ","price":10.2},{"type":"B","date":"2018-04-18T01:59:40.000Z","volume":5000,"label":" ","price":10.18},{"type":"A","date":"2018-04-18T01:59:42.000Z","volume":6000,"label":" ","price":10.18},{"type":"A","date":"2018-04-18T01:59:42.000Z","volume":54000,"label":" ","price":10.2},{"type":"A","date":"2018-04-18T01:59:42.000Z","volume":15000,"label":" ","price":10.2},{"type":"B","date":"2018-04-18T01:59:44.000Z","volume":1000,"label":" ","price":10.2},{"type":"A","date":"2018-04-18T01:59:46.000Z","volume":3000,"label":" ","price":10.22},{"type":"U","date":"2018-04-18T01:59:47.000Z","volume":19000,"label":" ","price":10.22},{"type":"B","date":"2018-04-18T02:00:02.000Z","volume":1000,"label":" ","price":10.22},{"type":"B","date":"2018-04-18T02:00:02.000Z","volume":2000,"label":" ","price":10.18},{"type":"B","date":"2018-04-18T02:00:23.000Z","volume":3000,"label":" ","price":10.22},{"type":"A","date":"2018-04-18T02:00:25.000Z","volume":12000,"label":" ","price":10.22},{"type":"A","date":"2018-04-18T02:00:25.000Z","volume":11000,"label":" ","price":10.28},{"type":"B","date":"2018-04-18T02:00:41.000Z","volume":5000,"label":" ","price":10.28},{"type":"B","date":"2018-04-18T02:00:46.000Z","volume":18000,"label":" ","price":10.28},{"type":"B","date":"2018-04-18T02:01:30.000Z","volume":50000,"label":" ","price":10.28},{"type":"B","date":"2018-04-18T02:01:30.000Z","volume":16000,"label":" ","price":10.28},{"type":"B","date":"2018-04-18T02:01:31.000Z","volume":8000,"label":" ","price":10.22},{"type":"B","date":"2018-04-18T02:01:31.000Z","volume":2000,"label":" ","price":10.2},{"type":"B","date":"2018-04-18T02:02:13.000Z","volume":25000,"label":" ","price":10.22},{"type":"B","date":"2018-04-18T02:02:13.000Z","volume":18000,"label":"Y","price":10.2},{"type":"B","date":"2018-04-18T02:02:13.000Z","volume":2000,"label":" ","price":10.2},{"type":"U","date":"2018-04-18T02:02:49.000Z","volume":2000,"label":" ","price":10.28},{"type":"A","date":"2018-04-18T02:03:08.000Z","volume":20000,"label":" ","price":10.3},{"type":"A","date":"2018-04-18T02:03:13.000Z","volume":4000,"label":" ","price":10.32},{"type":"B","date":"2018-04-18T02:03:28.000Z","volume":1000,"label":" ","price":10.3},{"type":"A","date":"2018-04-18T02:03:42.000Z","volume":20000,"label":" ","price":10.34},{"type":"B","date":"2018-04-18T02:04:00.000Z","volume":1000,"label":" ","price":10.28},{"type":"A","date":"2018-04-18T02:04:09.000Z","volume":4000,"label":" ","price":10.36},{"type":"A","date":"2018-04-18T02:04:29.000Z","volume":3000,"label":" ","price":10.36},{"type":"A","date":"2018-04-18T02:04:29.000Z","volume":11000,"label":" ","price":10.38},{"type":"A","date":"2018-04-18T02:04:49.000Z","volume":5000,"label":" ","price":10.4},{"type":"A","date":"2018-04-18T02:04:49.000Z","volume":29000,"label":" ","price":10.4},{"type":"B","date":"2018-04-18T02:05:44.000Z","volume":5000,"label":" ","price":10.4},{"type":"B","date":"2018-04-18T02:05:44.000Z","volume":5000,"label":" ","price":10.38},{"type":"B","date":"2018-04-18T02:05:56.000Z","volume":6000,"label":" ","price":10.38},{"type":"B","date":"2018-04-18T02:05:56.000Z","volume":14000,"label":" ","price":10.36},{"type":"B","date":"2018-04-18T02:07:05.000Z","volume":5000,"label":" ","price":10.38},{"type":"B","date":"2018-04-18T02:07:30.000Z","volume":1000,"label":" ","price":10.38},{"type":"A","date":"2018-04-18T02:07:33.000Z","volume":2000,"label":" ","price":10.38},{"type":"A","date":"2018-04-18T02:07:33.000Z","volume":14000,"label":" ","price":10.38},{"type":"B","date":"2018-04-18T02:08:05.000Z","volume":3000,"label":" ","price":10.36},{"type":"B","date":"2018-04-18T02:08:12.000Z","volume":45000,"label":" ","price":10.36},{"type":"A","date":"2018-04-18T02:08:21.000Z","volume":5000,"label":" ","price":10.36},{"type":"B","date":"2018-04-18T02:08:30.000Z","volume":9000,"label":" ","price":10.32},{"type":"B","date":"2018-04-18T02:08:30.000Z","volume":5000,"label":" ","price":10.3},{"type":"B","date":"2018-04-18T02:08:30.000Z","volume":17000,"label":" ","price":10.3},{"type":"A","date":"2018-04-18T02:08:34.000Z","volume":2000,"label":" ","price":10.32},{"type":"B","date":"2018-04-18T02:08:46.000Z","volume":30000,"label":" ","price":10.28},{"type":"A","date":"2018-04-18T02:09:09.000Z","volume":3000,"label":" ","price":10.28},{"type":"A","date":"2018-04-18T02:09:28.000Z","volume":17000,"label":" ","price":10.28},{"type":"U","date":"2018-04-18T02:09:36.000Z","volume":10000,"label":" ","price":10.3},{"type":"B","date":"2018-04-18T02:09:49.000Z","volume":2000,"label":" ","price":10.28},{"type":"B","date":"2018-04-18T02:10:00.000Z","volume":2000,"label":" ","price":10.28},{"type":"B","date":"2018-04-18T02:10:15.000Z","volume":10000,"label":" ","price":10.28},{"type":"B","date":"2018-04-18T02:10:55.000Z","volume":1000,"label":" ","price":10.26},{"type":"B","date":"2018-04-18T02:10:58.000Z","volume":10000,"label":" ","price":10.26},{"type":"B","date":"2018-04-18T02:10:58.000Z","volume":10000,"label":" ","price":10.26},{"type":"B","date":"2018-04-18T02:11:09.000Z","volume":9000,"label":" ","price":10.24},{"type":"A","date":"2018-04-18T02:11:11.000Z","volume":1000,"label":" ","price":10.24},{"type":"B","date":"2018-04-18T02:11:11.000Z","volume":2000,"label":" ","price":10.26},{"type":"B","date":"2018-04-18T02:11:43.000Z","volume":3000,"label":"Y","price":10.26},{"type":"B","date":"2018-04-18T02:11:43.000Z","volume":4000,"label":" ","price":10.26},{"type":"A","date":"2018-04-18T02:11:50.000Z","volume":3000,"label":" ","price":10.26},{"type":"A","date":"2018-04-18T02:11:50.000Z","volume":3000,"label":" ","price":10.28},{"type":"A","date":"2018-04-18T02:11:50.000Z","volume":1000,"label":" ","price":10.26},{"type":"A","date":"2018-04-18T02:11:56.000Z","volume":2000,"label":" ","price":10.26},{"type":"B","date":"2018-04-18T02:11:56.000Z","volume":4000,"label":" ","price":10.24},{"type":"B","date":"2018-04-18T02:11:56.000Z","volume":1000,"label":" ","price":10.24},{"type":"B","date":"2018-04-18T02:11:58.000Z","volume":5000,"label":" ","price":10.22},{"type":"B","date":"2018-04-18T02:12:16.000Z","volume":10000,"label":" ","price":10.22},{"type":"A","date":"2018-04-18T02:12:24.000Z","volume":1000,"label":" ","price":10.24},{"type":"A","date":"2018-04-18T02:12:24.000Z","volume":1000,"label":" ","price":10.26},{"type":"A","date":"2018-04-18T02:13:27.000Z","volume":2000,"label":" ","price":10.26},{"type":"B","date":"2018-04-18T02:13:31.000Z","volume":4000,"label":" ","price":10.22},{"type":"B","date":"2018-04-18T02:13:31.000Z","volume":2000,"label":"Y","price":10.2},{"type":"B","date":"2018-04-18T02:13:31.000Z","volume":4000,"label":" ","price":10.2},{"type":"B","date":"2018-04-18T02:14:33.000Z","volume":3000,"label":" ","price":10.24},{"type":"B","date":"2018-04-18T02:14:38.000Z","volume":13000,"label":" ","price":10.22},{"type":"B","date":"2018-04-18T02:14:38.000Z","volume":2000,"label":" ","price":10.2},{"type":"B","date":"2018-04-18T02:14:51.000Z","volume":26000,"label":" ","price":10.2},{"type":"B","date":"2018-04-18T02:14:55.000Z","volume":1000,"label":" ","price":10.2},{"type":"U","date":"2018-04-18T02:14:56.000Z","volume":5000,"label":" ","price":10.22},{"type":"B","date":"2018-04-18T02:14:56.000Z","volume":4000,"label":" ","price":10.2},{"type":"B","date":"2018-04-18T02:15:03.000Z","volume":75000,"label":" ","price":10.2},{"type":"B","date":"2018-04-18T02:15:04.000Z","volume":5000,"label":" ","price":10.18},{"type":"B","date":"2018-04-18T02:15:04.000Z","volume":5000,"label":" ","price":10.18},{"type":"B","date":"2018-04-18T02:15:04.000Z","volume":5000,"label":" ","price":10.18},{"type":"B","date":"2018-04-18T02:15:04.000Z","volume":5000,"label":" ","price":10.18},{"type":"B","date":"2018-04-18T02:15:14.000Z","volume":7000,"label":" ","price":10.16},{"type":"B","date":"2018-04-18T02:15:28.000Z","volume":17000,"label":" ","price":10.14},{"type":"B","date":"2018-04-18T02:15:28.000Z","volume":29000,"label":" ","price":10.12},{"type":"B","date":"2018-04-18T02:15:28.000Z","volume":146000,"label":" ","price":10.1},{"type":"B","date":"2018-04-18T02:15:28.000Z","volume":5000,"label":" ","price":10.08},{"type":"B","date":"2018-04-18T02:15:30.000Z","volume":4000,"label":" ","price":10.06},{"type":"A","date":"2018-04-18T02:15:34.000Z","volume":1000,"label":" ","price":10.08},{"type":"B","date":"2018-04-18T02:15:51.000Z","volume":18000,"label":" ","price":10.04},{"type":"B","date":"2018-04-18T02:15:51.000Z","volume":84000,"label":" ","price":10.02},{"type":"B","date":"2018-04-18T02:15:51.000Z","volume":184000,"label":" ","price":10},{"type":"B","date":"2018-04-18T02:15:51.000Z","volume":5000,"label":" ","price":9.98},{"type":"B","date":"2018-04-18T02:15:51.000Z","volume":11000,"label":" ","price":9.98},{"type":"B","date":"2018-04-18T02:15:52.000Z","volume":1000,"label":" ","price":9.9},{"type":"B","date":"2018-04-18T02:15:59.000Z","volume":12000,"label":" ","price":9.9},{"type":"B","date":"2018-04-18T02:15:59.000Z","volume":3000,"label":" ","price":9.9},{"type":"B","date":"2018-04-18T02:16:00.000Z","volume":4000,"label":" ","price":9.83},{"type":"A","date":"2018-04-18T02:16:08.000Z","volume":2000,"label":" ","price":9.98},{"type":"A","date":"2018-04-18T02:16:17.000Z","volume":5000,"label":"Y","price":9.98},{"type":"A","date":"2018-04-18T02:16:17.000Z","volume":14000,"label":" ","price":9.98},{"type":"A","date":"2018-04-18T02:16:25.000Z","volume":1000,"label":" ","price":10},{"type":"A","date":"2018-04-18T02:16:28.000Z","volume":6000,"label":" ","price":10},{"type":"A","date":"2018-04-18T02:16:28.000Z","volume":7000,"label":" ","price":10},{"type":"B","date":"2018-04-18T02:16:47.000Z","volume":3000,"label":" ","price":10},{"type":"B","date":"2018-04-18T02:16:48.000Z","volume":5000,"label":" ","price":10},{"type":"B","date":"2018-04-18T02:16:51.000Z","volume":1000,"label":" ","price":10},{"type":"B","date":"2018-04-18T02:16:56.000Z","volume":3000,"label":" ","price":10},{"type":"B","date":"2018-04-18T02:17:02.000Z","volume":1000,"label":" ","price":10},{"type":"U","date":"2018-04-18T02:17:16.000Z","volume":4000,"label":" ","price":10},{"type":"A","date":"2018-04-18T02:17:46.000Z","volume":1000,"label":" ","price":10.08},{"type":"A","date":"2018-04-18T02:18:21.000Z","volume":5000,"label":" ","price":10.08},{"type":"B","date":"2018-04-18T02:18:24.000Z","volume":4000,"label":" ","price":10.08},{"type":"B","date":"2018-04-18T02:19:32.000Z","volume":5000,"label":" ","price":10.08},{"type":"B","date":"2018-04-18T02:19:32.000Z","volume":16000,"label":" ","price":10.08},{"type":"A","date":"2018-04-18T02:19:34.000Z","volume":5000,"label":" ","price":10.1},{"type":"A","date":"2018-04-18T02:20:12.000Z","volume":1000,"label":" ","price":10.08},{"type":"A","date":"2018-04-18T02:20:30.000Z","volume":2000,"label":" ","price":10.08},{"type":"A","date":"2018-04-18T02:21:04.000Z","volume":10000,"label":" ","price":10.08},{"type":"A","date":"2018-04-18T02:21:12.000Z","volume":2000,"label":" ","price":10.04},{"type":"B","date":"2018-04-18T02:21:35.000Z","volume":5000,"label":" ","price":10.02},{"type":"B","date":"2018-04-18T02:21:35.000Z","volume":4000,"label":"Y","price":10.02},{"type":"B","date":"2018-04-18T02:21:35.000Z","volume":42000,"label":" ","price":10.02},{"type":"U","date":"2018-04-18T02:21:53.000Z","volume":5000,"label":" ","price":10.04},{"type":"U","date":"2018-04-18T02:21:53.000Z","volume":1000,"label":" ","price":10.04},{"type":"A","date":"2018-04-18T02:22:07.000Z","volume":7000,"label":" ","price":10.06},{"type":"U","date":"2018-04-18T02:22:16.000Z","volume":2000,"label":" ","price":10.04},{"type":"A","date":"2018-04-18T02:22:27.000Z","volume":4000,"label":"Y","price":10.04},{"type":"B","date":"2018-04-18T02:22:30.000Z","volume":3000,"label":" ","price":10.04},{"type":"B","date":"2018-04-18T02:22:30.000Z","volume":47000,"label":" ","price":10},{"type":"U","date":"2018-04-18T02:22:30.000Z","volume":1000,"label":" ","price":10.06},{"type":"B","date":"2018-04-18T02:22:50.000Z","volume":5000,"label":" ","price":10},{"type":"B","date":"2018-04-18T02:22:50.000Z","volume":4000,"label":" ","price":10},{"type":"B","date":"2018-04-18T02:22:50.000Z","volume":5000,"label":" ","price":10},{"type":"B","date":"2018-04-18T02:22:50.000Z","volume":5000,"label":" ","price":10},{"type":"B","date":"2018-04-18T02:22:50.000Z","volume":2000,"label":" ","price":10},{"type":"B","date":"2018-04-18T02:22:56.000Z","volume":4000,"label":" ","price":9.99},{"type":"B","date":"2018-04-18T02:23:08.000Z","volume":1000,"label":" ","price":10},{"type":"B","date":"2018-04-18T02:23:23.000Z","volume":2000,"label":" ","price":10},{"type":"B","date":"2018-04-18T02:23:37.000Z","volume":5000,"label":" ","price":10},{"type":"B","date":"2018-04-18T02:23:38.000Z","volume":1000,"label":" ","price":10},{"type":"B","date":"2018-04-18T02:23:59.000Z","volume":5000,"label":" ","price":10},{"type":"B","date":"2018-04-18T02:24:11.000Z","volume":1000,"label":" ","price":10},{"type":"B","date":"2018-04-18T02:24:39.000Z","volume":5000,"label":" ","price":10},{"type":"A","date":"2018-04-18T02:24:40.000Z","volume":5000,"label":" ","price":10.02},{"type":"A","date":"2018-04-18T02:24:52.000Z","volume":6000,"label":" ","price":10.02},{"type":"A","date":"2018-04-18T02:25:16.000Z","volume":1000,"label":" ","price":10.02},{"type":"A","date":"2018-04-18T02:25:34.000Z","volume":10000,"label":" ","price":10.04},{"type":"B","date":"2018-04-18T02:25:50.000Z","volume":2000,"label":" ","price":10.02},{"type":"A","date":"2018-04-18T02:26:29.000Z","volume":1000,"label":" ","price":10.02},{"type":"B","date":"2018-04-18T02:26:57.000Z","volume":10000,"label":" ","price":10},{"type":"A","date":"2018-04-18T02:27:17.000Z","volume":1000,"label":" ","price":10.04},{"type":"A","date":"2018-04-18T02:28:28.000Z","volume":1000,"label":" ","price":10.04},{"type":"B","date":"2018-04-18T02:28:38.000Z","volume":9000,"label":" ","price":10.02},{"type":"A","date":"2018-04-18T02:28:41.000Z","volume":4000,"label":" ","price":10.02},{"type":"A","date":"2018-04-18T02:29:03.000Z","volume":5000,"label":" ","price":10.02},{"type":"A","date":"2018-04-18T02:29:03.000Z","volume":2000,"label":" ","price":10.02},{"type":"B","date":"2018-04-18T02:29:12.000Z","volume":6000,"label":" ","price":10},{"type":"A","date":"2018-04-18T02:29:23.000Z","volume":20000,"label":" ","price":10.04},{"type":"B","date":"2018-04-18T02:29:23.000Z","volume":5000,"label":" ","price":10},{"type":"B","date":"2018-04-18T02:29:52.000Z","volume":2000,"label":" ","price":10},{"type":"A","date":"2018-04-18T02:30:22.000Z","volume":5000,"label":" ","price":10.04},{"type":"A","date":"2018-04-18T02:30:38.000Z","volume":10000,"label":" ","price":10.08},{"type":"A","date":"2018-04-18T02:30:38.000Z","volume":6000,"label":" ","price":10.08},{"type":"U","date":"2018-04-18T02:30:45.000Z","volume":5000,"label":" ","price":10.08},{"type":"B","date":"2018-04-18T02:31:07.000Z","volume":1000,"label":" ","price":10},{"type":"A","date":"2018-04-18T02:31:24.000Z","volume":2000,"label":"Y","price":10.08},{"type":"A","date":"2018-04-18T02:31:42.000Z","volume":4000,"label":" ","price":10.08},{"type":"B","date":"2018-04-18T02:32:53.000Z","volume":1000,"label":" ","price":10.06},{"type":"B","date":"2018-04-18T02:33:57.000Z","volume":4000,"label":" ","price":10.02},{"type":"B","date":"2018-04-18T02:34:15.000Z","volume":2000,"label":" ","price":10.06},{"type":"A","date":"2018-04-18T02:34:36.000Z","volume":3000,"label":" ","price":10.06},{"type":"B","date":"2018-04-18T02:34:38.000Z","volume":4000,"label":" ","price":10.02},{"type":"B","date":"2018-04-18T02:34:38.000Z","volume":123000,"label":" ","price":10},{"type":"B","date":"2018-04-18T02:34:39.000Z","volume":5000,"label":" ","price":9.98},{"type":"B","date":"2018-04-18T02:34:39.000Z","volume":3000,"label":" ","price":9.98},{"type":"B","date":"2018-04-18T02:34:39.000Z","volume":6000,"label":" ","price":9.97},{"type":"A","date":"2018-04-18T02:34:46.000Z","volume":4000,"label":" ","price":9.99},{"type":"A","date":"2018-04-18T02:34:46.000Z","volume":6000,"label":" ","price":10},{"type":"A","date":"2018-04-18T02:34:47.000Z","volume":4000,"label":" ","price":9.99},{"type":"A","date":"2018-04-18T02:34:47.000Z","volume":6000,"label":" ","price":10},{"type":"A","date":"2018-04-18T02:34:55.000Z","volume":2000,"label":" ","price":9.99},{"type":"A","date":"2018-04-18T02:35:17.000Z","volume":2000,"label":" ","price":9.99},{"type":"A","date":"2018-04-18T02:35:30.000Z","volume":4000,"label":" ","price":9.99},{"type":"A","date":"2018-04-18T02:35:30.000Z","volume":16000,"label":" ","price":10},{"type":"A","date":"2018-04-18T02:35:42.000Z","volume":5000,"label":" ","price":10},{"type":"A","date":"2018-04-18T02:35:53.000Z","volume":50000,"label":" ","price":10},{"type":"U","date":"2018-04-18T02:36:49.000Z","volume":3000,"label":" ","price":9.98},{"type":"A","date":"2018-04-18T02:36:51.000Z","volume":2000,"label":" ","price":10},{"type":"B","date":"2018-04-18T02:37:16.000Z","volume":4000,"label":" ","price":9.95},{"type":"B","date":"2018-04-18T02:37:16.000Z","volume":7000,"label":" ","price":9.94},{"type":"B","date":"2018-04-18T02:37:24.000Z","volume":20000,"label":" ","price":9.93},{"type":"B","date":"2018-04-18T02:37:24.000Z","volume":19000,"label":" ","price":9.92},{"type":"B","date":"2018-04-18T02:37:45.000Z","volume":20000,"label":" ","price":9.91},{"type":"B","date":"2018-04-18T02:37:51.000Z","volume":1000,"label":" ","price":9.91},{"type":"B","date":"2018-04-18T02:37:53.000Z","volume":3000,"label":" ","price":9.91},{"type":"A","date":"2018-04-18T02:38:12.000Z","volume":5000,"label":" ","price":9.93},{"type":"A","date":"2018-04-18T02:38:15.000Z","volume":1000,"label":" ","price":9.93},{"type":"B","date":"2018-04-18T02:38:22.000Z","volume":15000,"label":" ","price":9.93},{"type":"B","date":"2018-04-18T02:38:22.000Z","volume":1000,"label":" ","price":9.93},{"type":"B","date":"2018-04-18T02:38:37.000Z","volume":8000,"label":" ","price":9.91},{"type":"B","date":"2018-04-18T02:38:39.000Z","volume":4000,"label":" ","price":9.93},{"type":"B","date":"2018-04-18T02:38:41.000Z","volume":5000,"label":" ","price":9.93},{"type":"B","date":"2018-04-18T02:38:42.000Z","volume":1000,"label":" ","price":9.93},{"type":"B","date":"2018-04-18T02:38:53.000Z","volume":1000,"label":"Y","price":9.93},{"type":"A","date":"2018-04-18T02:38:59.000Z","volume":3000,"label":" ","price":9.94},{"type":"B","date":"2018-04-18T02:39:04.000Z","volume":20000,"label":" ","price":9.93},{"type":"B","date":"2018-04-18T02:39:06.000Z","volume":1000,"label":" ","price":9.91},{"type":"A","date":"2018-04-18T02:39:08.000Z","volume":1000,"label":" ","price":9.94},{"type":"B","date":"2018-04-18T02:39:17.000Z","volume":2000,"label":" ","price":9.91},{"type":"B","date":"2018-04-18T02:39:36.000Z","volume":18000,"label":" ","price":9.91},{"type":"B","date":"2018-04-18T02:39:39.000Z","volume":107000,"label":" ","price":9.9},{"type":"B","date":"2018-04-18T02:39:39.000Z","volume":1000,"label":" ","price":9.88},{"type":"B","date":"2018-04-18T02:40:00.000Z","volume":20000,"label":" ","price":9.88},{"type":"B","date":"2018-04-18T02:40:08.000Z","volume":1000,"label":" ","price":9.89},{"type":"U","date":"2018-04-18T02:40:26.000Z","volume":2000,"label":" ","price":9.89},{"type":"B","date":"2018-04-18T02:40:45.000Z","volume":3000,"label":" ","price":9.89},{"type":"A","date":"2018-04-18T02:40:46.000Z","volume":5000,"label":" ","price":9.91},{"type":"A","date":"2018-04-18T02:40:46.000Z","volume":9000,"label":" ","price":9.91},{"type":"A","date":"2018-04-18T02:40:46.000Z","volume":1000,"label":" ","price":9.93},{"type":"B","date":"2018-04-18T02:40:50.000Z","volume":2000,"label":" ","price":9.9},{"type":"B","date":"2018-04-18T02:40:50.000Z","volume":25000,"label":" ","price":9.88},{"type":"B","date":"2018-04-18T02:40:50.000Z","volume":11000,"label":" ","price":9.87},{"type":"B","date":"2018-04-18T02:40:50.000Z","volume":20000,"label":" ","price":9.86},{"type":"A","date":"2018-04-18T02:41:04.000Z","volume":1000,"label":" ","price":9.86},{"type":"A","date":"2018-04-18T02:41:04.000Z","volume":60000,"label":" ","price":9.86},{"type":"A","date":"2018-04-18T02:41:06.000Z","volume":60000,"label":" ","price":9.86},{"type":"A","date":"2018-04-18T02:41:06.000Z","volume":109000,"label":" ","price":9.86},{"type":"A","date":"2018-04-18T02:41:06.000Z","volume":8000,"label":" ","price":9.86},{"type":"A","date":"2018-04-18T02:41:06.000Z","volume":4000,"label":" ","price":9.86},{"type":"B","date":"2018-04-18T02:41:22.000Z","volume":10000,"label":" ","price":9.86},{"type":"B","date":"2018-04-18T02:41:30.000Z","volume":4000,"label":" ","price":9.86},{"type":"B","date":"2018-04-18T02:41:30.000Z","volume":6000,"label":"Y","price":9.85},{"type":"U","date":"2018-04-18T02:41:36.000Z","volume":2000,"label":" ","price":9.86},{"type":"A","date":"2018-04-18T02:41:38.000Z","volume":2000,"label":" ","price":9.9},{"type":"A","date":"2018-04-18T02:41:51.000Z","volume":10000,"label":" ","price":9.93},{"type":"A","date":"2018-04-18T02:42:15.000Z","volume":1000,"label":" ","price":9.93},{"type":"B","date":"2018-04-18T02:42:31.000Z","volume":9000,"label":" ","price":9.9},{"type":"A","date":"2018-04-18T02:42:31.000Z","volume":16000,"label":" ","price":9.9},{"type":"B","date":"2018-04-18T02:42:45.000Z","volume":3000,"label":" ","price":9.88},{"type":"B","date":"2018-04-18T02:42:52.000Z","volume":2000,"label":" ","price":9.89},{"type":"B","date":"2018-04-18T02:42:52.000Z","volume":15000,"label":" ","price":9.88},{"type":"B","date":"2018-04-18T02:42:52.000Z","volume":12000,"label":" ","price":9.87},{"type":"B","date":"2018-04-18T02:42:52.000Z","volume":1000,"label":" ","price":9.87},{"type":"A","date":"2018-04-18T02:43:04.000Z","volume":3000,"label":" ","price":9.93},{"type":"B","date":"2018-04-18T02:43:06.000Z","volume":3000,"label":" ","price":9.87},{"type":"B","date":"2018-04-18T02:43:06.000Z","volume":1000,"label":" ","price":9.86},{"type":"B","date":"2018-04-18T02:43:10.000Z","volume":2000,"label":" ","price":9.87},{"type":"B","date":"2018-04-18T02:43:13.000Z","volume":4000,"label":" ","price":9.87},{"type":"A","date":"2018-04-18T02:43:24.000Z","volume":23000,"label":" ","price":9.87},{"type":"U","date":"2018-04-18T02:43:36.000Z","volume":3000,"label":" ","price":9.88},{"type":"A","date":"2018-04-18T02:43:52.000Z","volume":2000,"label":"Y","price":9.9},{"type":"B","date":"2018-04-18T02:44:04.000Z","volume":10000,"label":" ","price":9.88},{"type":"B","date":"2018-04-18T02:44:07.000Z","volume":3000,"label":" ","price":9.88},{"type":"B","date":"2018-04-18T02:44:07.000Z","volume":5000,"label":" ","price":9.88},{"type":"B","date":"2018-04-18T02:44:10.000Z","volume":10000,"label":" ","price":9.88},{"type":"A","date":"2018-04-18T02:44:13.000Z","volume":5000,"label":" ","price":9.88},{"type":"A","date":"2018-04-18T02:44:18.000Z","volume":1000,"label":" ","price":9.9},{"type":"A","date":"2018-04-18T02:44:20.000Z","volume":40000,"label":" ","price":9.9},{"type":"B","date":"2018-04-18T02:44:49.000Z","volume":5000,"label":" ","price":9.86},{"type":"B","date":"2018-04-18T02:44:49.000Z","volume":1000,"label":" ","price":9.86},{"type":"B","date":"2018-04-18T02:45:03.000Z","volume":12000,"label":" ","price":9.86},{"type":"B","date":"2018-04-18T02:45:03.000Z","volume":5000,"label":" ","price":9.86},{"type":"B","date":"2018-04-18T02:45:24.000Z","volume":5000,"label":"Y","price":9.85},{"type":"B","date":"2018-04-18T02:45:24.000Z","volume":4000,"label":" ","price":9.85},{"type":"A","date":"2018-04-18T02:45:33.000Z","volume":1000,"label":" ","price":9.88},{"type":"B","date":"2018-04-18T02:45:44.000Z","volume":2000,"label":" ","price":9.85},{"type":"A","date":"2018-04-18T02:46:16.000Z","volume":3000,"label":" ","price":9.88},{"type":"A","date":"2018-04-18T02:46:27.000Z","volume":6000,"label":" ","price":9.88},{"type":"A","date":"2018-04-18T02:46:27.000Z","volume":8000,"label":" ","price":9.88},{"type":"A","date":"2018-04-18T02:46:43.000Z","volume":40000,"label":" ","price":9.9},{"type":"A","date":"2018-04-18T02:46:51.000Z","volume":1000,"label":" ","price":9.9},{"type":"A","date":"2018-04-18T02:46:59.000Z","volume":3000,"label":" ","price":9.9},{"type":"A","date":"2018-04-18T02:47:19.000Z","volume":8000,"label":" ","price":9.9},{"type":"A","date":"2018-04-18T02:47:19.000Z","volume":5000,"label":" ","price":9.9},{"type":"A","date":"2018-04-18T02:47:19.000Z","volume":8000,"label":" ","price":9.9},{"type":"A","date":"2018-04-18T02:47:54.000Z","volume":5000,"label":" ","price":9.94},{"type":"A","date":"2018-04-18T02:47:58.000Z","volume":4000,"label":" ","price":9.95},{"type":"A","date":"2018-04-18T02:48:00.000Z","volume":14000,"label":" ","price":9.95},{"type":"A","date":"2018-04-18T02:48:35.000Z","volume":5000,"label":" ","price":9.97},{"type":"B","date":"2018-04-18T02:49:03.000Z","volume":5000,"label":" ","price":9.95},{"type":"A","date":"2018-04-18T02:49:19.000Z","volume":3000,"label":" ","price":9.97},{"type":"B","date":"2018-04-18T02:50:32.000Z","volume":1000,"label":"Y","price":9.96},{"type":"B","date":"2018-04-18T02:50:32.000Z","volume":1000,"label":" ","price":9.96},{"type":"B","date":"2018-04-18T02:50:45.000Z","volume":11000,"label":" ","price":9.95},{"type":"B","date":"2018-04-18T02:50:45.000Z","volume":9000,"label":" ","price":9.94},{"type":"B","date":"2018-04-18T02:50:49.000Z","volume":2000,"label":" ","price":9.94},{"type":"B","date":"2018-04-18T02:51:18.000Z","volume":3000,"label":" ","price":9.92},{"type":"B","date":"2018-04-18T02:51:18.000Z","volume":7000,"label":" ","price":9.9},{"type":"B","date":"2018-04-18T02:51:36.000Z","volume":20000,"label":" ","price":9.9},{"type":"A","date":"2018-04-18T02:52:22.000Z","volume":3000,"label":" ","price":9.95},{"type":"A","date":"2018-04-18T02:52:58.000Z","volume":3000,"label":" ","price":9.93},{"type":"A","date":"2018-04-18T02:53:00.000Z","volume":2000,"label":" ","price":9.93},{"type":"A","date":"2018-04-18T02:53:00.000Z","volume":3000,"label":" ","price":9.95},{"type":"B","date":"2018-04-18T02:53:17.000Z","volume":3000,"label":" ","price":9.91},{"type":"A","date":"2018-04-18T02:53:34.000Z","volume":9000,"label":" ","price":9.95},{"type":"A","date":"2018-04-18T02:53:34.000Z","volume":1000,"label":" ","price":9.95},{"type":"B","date":"2018-04-18T02:53:59.000Z","volume":2000,"label":"Y","price":9.91},{"type":"B","date":"2018-04-18T02:53:59.000Z","volume":26000,"label":" ","price":9.91},{"type":"B","date":"2018-04-18T02:53:59.000Z","volume":2000,"label":"Y","price":9.9},{"type":"B","date":"2018-04-18T02:53:59.000Z","volume":148000,"label":" ","price":9.9},{"type":"B","date":"2018-04-18T02:53:59.000Z","volume":16000,"label":" ","price":9.88},{"type":"B","date":"2018-04-18T02:53:59.000Z","volume":7000,"label":" ","price":9.87},{"type":"B","date":"2018-04-18T02:53:59.000Z","volume":45000,"label":" ","price":9.86},{"type":"B","date":"2018-04-18T02:53:59.000Z","volume":5000,"label":"Y","price":9.85},{"type":"B","date":"2018-04-18T02:53:59.000Z","volume":44000,"label":" ","price":9.85},{"type":"B","date":"2018-04-18T02:53:59.000Z","volume":5000,"label":"Y","price":9.84},{"type":"U","date":"2018-04-18T02:54:19.000Z","volume":1000,"label":" ","price":9.91},{"type":"U","date":"2018-04-18T02:54:23.000Z","volume":3000,"label":" ","price":9.91},{"type":"A","date":"2018-04-18T02:54:49.000Z","volume":4000,"label":" ","price":9.9},{"type":"A","date":"2018-04-18T02:55:00.000Z","volume":5000,"label":" ","price":9.9},{"type":"A","date":"2018-04-18T02:55:00.000Z","volume":1000,"label":" ","price":9.91},{"type":"B","date":"2018-04-18T02:55:09.000Z","volume":12000,"label":" ","price":9.87},{"type":"B","date":"2018-04-18T02:55:09.000Z","volume":2000,"label":"Y","price":9.86},{"type":"B","date":"2018-04-18T02:55:09.000Z","volume":5000,"label":" ","price":9.86},{"type":"B","date":"2018-04-18T02:55:09.000Z","volume":5000,"label":" ","price":9.85},{"type":"B","date":"2018-04-18T02:55:09.000Z","volume":5000,"label":" ","price":9.85},{"type":"B","date":"2018-04-18T02:55:09.000Z","volume":1000,"label":" ","price":9.85},{"type":"A","date":"2018-04-18T02:55:09.000Z","volume":1000,"label":" ","price":9.86},{"type":"B","date":"2018-04-18T02:56:07.000Z","volume":10000,"label":" ","price":9.86},{"type":"B","date":"2018-04-18T02:56:07.000Z","volume":5000,"label":" ","price":9.85},{"type":"B","date":"2018-04-18T02:56:07.000Z","volume":5000,"label":" ","price":9.85},{"type":"A","date":"2018-04-18T02:56:29.000Z","volume":6000,"label":" ","price":9.86},{"type":"A","date":"2018-04-18T02:56:44.000Z","volume":10000,"label":" ","price":9.9},{"type":"A","date":"2018-04-18T02:56:44.000Z","volume":12000,"label":" ","price":9.9},{"type":"A","date":"2018-04-18T02:56:44.000Z","volume":1000,"label":" ","price":9.91},{"type":"B","date":"2018-04-18T02:56:44.000Z","volume":8000,"label":" ","price":9.9},{"type":"A","date":"2018-04-18T02:56:58.000Z","volume":3000,"label":" ","price":9.86},{"type":"A","date":"2018-04-18T02:57:35.000Z","volume":2000,"label":" ","price":9.94},{"type":"B","date":"2018-04-18T02:57:39.000Z","volume":2000,"label":" ","price":9.9},{"type":"A","date":"2018-04-18T02:57:49.000Z","volume":1000,"label":" ","price":9.95},{"type":"A","date":"2018-04-18T02:57:57.000Z","volume":20000,"label":" ","price":9.96},{"type":"A","date":"2018-04-18T02:58:00.000Z","volume":1000,"label":" ","price":9.97},{"type":"A","date":"2018-04-18T02:58:07.000Z","volume":1000,"label":" ","price":10},{"type":"A","date":"2018-04-18T02:58:16.000Z","volume":4000,"label":" ","price":10},{"type":"B","date":"2018-04-18T02:58:45.000Z","volume":20000,"label":" ","price":9.98},{"type":"B","date":"2018-04-18T02:58:45.000Z","volume":17000,"label":" ","price":9.96},{"type":"A","date":"2018-04-18T02:58:55.000Z","volume":6000,"label":" ","price":9.95},{"type":"A","date":"2018-04-18T02:58:55.000Z","volume":44000,"label":" ","price":9.96},{"type":"A","date":"2018-04-18T02:58:57.000Z","volume":1000,"label":" ","price":9.96},{"type":"A","date":"2018-04-18T02:58:57.000Z","volume":3000,"label":" ","price":9.96},{"type":"A","date":"2018-04-18T02:58:59.000Z","volume":10000,"label":" ","price":9.96},{"type":"A","date":"2018-04-18T02:59:35.000Z","volume":6000,"label":" ","price":9.96},{"type":"A","date":"2018-04-18T02:59:35.000Z","volume":5000,"label":" ","price":9.98},{"type":"A","date":"2018-04-18T02:59:35.000Z","volume":3000,"label":" ","price":10},{"type":"A","date":"2018-04-18T02:59:57.000Z","volume":5000,"label":" ","price":10},{"type":"A","date":"2018-04-18T03:00:24.000Z","volume":2000,"label":" ","price":10},{"type":"A","date":"2018-04-18T03:00:30.000Z","volume":10000,"label":" ","price":10},{"type":"A","date":"2018-04-18T03:00:42.000Z","volume":5000,"label":" ","price":10},{"type":"A","date":"2018-04-18T03:00:43.000Z","volume":1000,"label":" ","price":10},{"type":"A","date":"2018-04-18T03:00:43.000Z","volume":35000,"label":" ","price":10},{"type":"A","date":"2018-04-18T03:00:50.000Z","volume":10000,"label":" ","price":10},{"type":"A","date":"2018-04-18T03:01:02.000Z","volume":1000,"label":" ","price":10},{"type":"A","date":"2018-04-18T03:01:04.000Z","volume":2000,"label":" ","price":10},{"type":"A","date":"2018-04-18T03:01:08.000Z","volume":36000,"label":" ","price":10},{"type":"A","date":"2018-04-18T03:01:08.000Z","volume":15000,"label":" ","price":10.02},{"type":"A","date":"2018-04-18T03:01:16.000Z","volume":1000,"label":" ","price":10.04},{"type":"A","date":"2018-04-18T03:01:23.000Z","volume":5000,"label":" ","price":10.04},{"type":"A","date":"2018-04-18T03:01:23.000Z","volume":19000,"label":" ","price":10.04},{"type":"A","date":"2018-04-18T03:01:25.000Z","volume":1000,"label":" ","price":10.06},{"type":"B","date":"2018-04-18T03:01:27.000Z","volume":1000,"label":" ","price":10.04},{"type":"A","date":"2018-04-18T03:01:29.000Z","volume":10000,"label":" ","price":10.04},{"type":"A","date":"2018-04-18T03:01:33.000Z","volume":1000,"label":" ","price":10.04},{"type":"A","date":"2018-04-18T03:01:39.000Z","volume":10000,"label":" ","price":10.04},{"type":"B","date":"2018-04-18T03:01:40.000Z","volume":40000,"label":" ","price":10},{"type":"B","date":"2018-04-18T03:01:51.000Z","volume":20000,"label":" ","price":10},{"type":"B","date":"2018-04-18T03:01:51.000Z","volume":21000,"label":" ","price":10},{"type":"A","date":"2018-04-18T03:01:51.000Z","volume":1000,"label":" ","price":10},{"type":"A","date":"2018-04-18T03:01:51.000Z","volume":1000,"label":" ","price":10},{"type":"B","date":"2018-04-18T03:02:18.000Z","volume":5000,"label":" ","price":10},{"type":"B","date":"2018-04-18T03:02:18.000Z","volume":3000,"label":" ","price":10},{"type":"A","date":"2018-04-18T03:02:26.000Z","volume":4000,"label":" ","price":10},{"type":"A","date":"2018-04-18T03:02:30.000Z","volume":2000,"label":" ","price":10},{"type":"A","date":"2018-04-18T03:02:33.000Z","volume":6000,"label":" ","price":10},{"type":"B","date":"2018-04-18T03:02:46.000Z","volume":4000,"label":" ","price":10},{"type":"B","date":"2018-04-18T03:03:16.000Z","volume":1000,"label":" ","price":10},{"type":"A","date":"2018-04-18T03:03:58.000Z","volume":2000,"label":" ","price":10.02},{"type":"B","date":"2018-04-18T03:04:05.000Z","volume":8000,"label":" ","price":10},{"type":"B","date":"2018-04-18T03:04:05.000Z","volume":2000,"label":" ","price":10},{"type":"B","date":"2018-04-18T03:04:05.000Z","volume":5000,"label":" ","price":10},{"type":"B","date":"2018-04-18T03:04:05.000Z","volume":1000,"label":" ","price":10},{"type":"B","date":"2018-04-18T03:04:05.000Z","volume":5000,"label":" ","price":10},{"type":"B","date":"2018-04-18T03:04:05.000Z","volume":5000,"label":" ","price":10},{"type":"B","date":"2018-04-18T03:04:05.000Z","volume":5000,"label":" ","price":10},{"type":"B","date":"2018-04-18T03:04:05.000Z","volume":2000,"label":" ","price":10},{"type":"B","date":"2018-04-18T03:04:05.000Z","volume":2000,"label":" ","price":10},{"type":"B","date":"2018-04-18T03:04:05.000Z","volume":1000,"label":" ","price":10},{"type":"B","date":"2018-04-18T03:04:15.000Z","volume":1000,"label":" ","price":9.95},{"type":"A","date":"2018-04-18T03:04:16.000Z","volume":4000,"label":" ","price":10},{"type":"B","date":"2018-04-18T03:04:41.000Z","volume":10000,"label":" ","price":9.95},{"type":"B","date":"2018-04-18T03:04:41.000Z","volume":2000,"label":" ","price":9.95},{"type":"B","date":"2018-04-18T03:04:41.000Z","volume":10000,"label":" ","price":9.95},{"type":"B","date":"2018-04-18T03:04:47.000Z","volume":2000,"label":" ","price":9.94},{"type":"B","date":"2018-04-18T03:04:53.000Z","volume":1000,"label":" ","price":9.94},{"type":"U","date":"2018-04-18T03:06:15.000Z","volume":2000,"label":" ","price":9.96},{"type":"A","date":"2018-04-18T03:06:59.000Z","volume":11000,"label":" ","price":9.98},{"type":"A","date":"2018-04-18T03:08:36.000Z","volume":2000,"label":" ","price":9.98},{"type":"A","date":"2018-04-18T03:08:40.000Z","volume":6000,"label":" ","price":9.98},{"type":"A","date":"2018-04-18T03:08:40.000Z","volume":1000,"label":" ","price":9.99},{"type":"B","date":"2018-04-18T03:08:58.000Z","volume":30000,"label":" ","price":9.98},{"type":"B","date":"2018-04-18T03:08:58.000Z","volume":3000,"label":" ","price":9.98},{"type":"B","date":"2018-04-18T03:08:58.000Z","volume":11000,"label":" ","price":9.98},{"type":"B","date":"2018-04-18T03:08:58.000Z","volume":2000,"label":" ","price":9.94},{"type":"A","date":"2018-04-18T03:09:07.000Z","volume":2000,"label":" ","price":9.97},{"type":"A","date":"2018-04-18T03:09:07.000Z","volume":18000,"label":" ","price":9.98},{"type":"B","date":"2018-04-18T03:09:07.000Z","volume":2000,"label":" ","price":9.94},{"type":"A","date":"2018-04-18T03:09:18.000Z","volume":4000,"label":" ","price":9.97},{"type":"A","date":"2018-04-18T03:09:18.000Z","volume":2000,"label":" ","price":9.98},{"type":"A","date":"2018-04-18T03:09:18.000Z","volume":10000,"label":" ","price":9.98},{"type":"A","date":"2018-04-18T03:11:05.000Z","volume":3000,"label":" ","price":9.98},{"type":"A","date":"2018-04-18T03:11:33.000Z","volume":2000,"label":" ","price":9.98},{"type":"A","date":"2018-04-18T03:12:29.000Z","volume":5000,"label":" ","price":9.98},{"type":"A","date":"2018-04-18T03:12:31.000Z","volume":9000,"label":" ","price":9.98},{"type":"U","date":"2018-04-18T03:12:41.000Z","volume":1000,"label":" ","price":9.97},{"type":"A","date":"2018-04-18T03:12:55.000Z","volume":10000,"label":" ","price":9.98},{"type":"A","date":"2018-04-18T03:12:56.000Z","volume":2000,"label":" ","price":9.97},{"type":"B","date":"2018-04-18T03:13:16.000Z","volume":3000,"label":" ","price":9.97},{"type":"B","date":"2018-04-18T03:13:16.000Z","volume":1000,"label":" ","price":9.97},{"type":"A","date":"2018-04-18T03:14:31.000Z","volume":11000,"label":"Y","price":9.98},{"type":"A","date":"2018-04-18T03:14:31.000Z","volume":5000,"label":" ","price":9.98},{"type":"A","date":"2018-04-18T03:14:31.000Z","volume":1000,"label":"Y","price":9.99},{"type":"B","date":"2018-04-18T03:14:33.000Z","volume":4000,"label":" ","price":9.98},{"type":"B","date":"2018-04-18T03:17:21.000Z","volume":7000,"label":" ","price":9.99},{"type":"B","date":"2018-04-18T03:17:28.000Z","volume":3000,"label":" ","price":9.98},{"type":"B","date":"2018-04-18T03:17:33.000Z","volume":45000,"label":" ","price":9.98},{"type":"B","date":"2018-04-18T03:17:33.000Z","volume":3000,"label":" ","price":9.98},{"type":"A","date":"2018-04-18T03:17:53.000Z","volume":1000,"label":" ","price":9.99},{"type":"U","date":"2018-04-18T03:18:00.000Z","volume":3000,"label":" ","price":9.98},{"type":"B","date":"2018-04-18T03:18:08.000Z","volume":6000,"label":" ","price":9.96},{"type":"B","date":"2018-04-18T03:18:14.000Z","volume":10000,"label":" ","price":9.95},{"type":"B","date":"2018-04-18T03:18:14.000Z","volume":5000,"label":" ","price":9.95},{"type":"A","date":"2018-04-18T03:18:15.000Z","volume":13000,"label":" ","price":9.98},{"type":"A","date":"2018-04-18T03:20:11.000Z","volume":1000,"label":" ","price":9.98},{"type":"A","date":"2018-04-18T03:20:49.000Z","volume":3000,"label":" ","price":9.98},{"type":"A","date":"2018-04-18T03:22:22.000Z","volume":6000,"label":" ","price":9.98},{"type":"A","date":"2018-04-18T03:22:40.000Z","volume":4000,"label":"Y","price":9.98},{"type":"B","date":"2018-04-18T03:22:46.000Z","volume":4000,"label":" ","price":9.95},{"type":"B","date":"2018-04-18T03:23:23.000Z","volume":10000,"label":" ","price":9.95},{"type":"B","date":"2018-04-18T03:23:44.000Z","volume":2000,"label":" ","price":9.95},{"type":"B","date":"2018-04-18T03:23:51.000Z","volume":10000,"label":" ","price":9.95},{"type":"B","date":"2018-04-18T03:24:38.000Z","volume":2000,"label":" ","price":9.94},{"type":"B","date":"2018-04-18T03:25:14.000Z","volume":5000,"label":" ","price":9.94},{"type":"A","date":"2018-04-18T03:26:10.000Z","volume":3000,"label":" ","price":9.97},{"type":"A","date":"2018-04-18T03:26:46.000Z","volume":4000,"label":" ","price":9.97},{"type":"A","date":"2018-04-18T03:28:07.000Z","volume":2000,"label":" ","price":9.97},{"type":"A","date":"2018-04-18T03:28:34.000Z","volume":1000,"label":" ","price":9.97},{"type":"A","date":"2018-04-18T03:28:34.000Z","volume":1000,"label":" ","price":9.97},{"type":"A","date":"2018-04-18T03:29:09.000Z","volume":36000,"label":" ","price":9.98},{"type":"B","date":"2018-04-18T03:29:30.000Z","volume":4000,"label":" ","price":9.98},{"type":"A","date":"2018-04-18T03:30:16.000Z","volume":19000,"label":" ","price":9.98},{"type":"A","date":"2018-04-18T03:30:32.000Z","volume":10000,"label":" ","price":9.99},{"type":"A","date":"2018-04-18T03:30:33.000Z","volume":1000,"label":" ","price":9.99},{"type":"A","date":"2018-04-18T03:30:58.000Z","volume":10000,"label":" ","price":10},{"type":"A","date":"2018-04-18T03:31:09.000Z","volume":10000,"label":" ","price":10},{"type":"U","date":"2018-04-18T03:31:56.000Z","volume":3093,"label":"X","price":9.965},{"type":"A","date":"2018-04-18T03:32:13.000Z","volume":3000,"label":"Y","price":10},{"type":"A","date":"2018-04-18T03:32:28.000Z","volume":30000,"label":" ","price":10},{"type":"A","date":"2018-04-18T03:32:37.000Z","volume":1000,"label":" ","price":10},{"type":"A","date":"2018-04-18T03:32:37.000Z","volume":2000,"label":"Y","price":10},{"type":"A","date":"2018-04-18T03:32:37.000Z","volume":2000,"label":" ","price":10},{"type":"A","date":"2018-04-18T03:32:50.000Z","volume":3000,"label":" ","price":10.04},{"type":"A","date":"2018-04-18T03:33:47.000Z","volume":5000,"label":" ","price":10.04},{"type":"B","date":"2018-04-18T03:34:11.000Z","volume":8000,"label":" ","price":10},{"type":"A","date":"2018-04-18T03:34:11.000Z","volume":2000,"label":" ","price":10},{"type":"B","date":"2018-04-18T03:34:20.000Z","volume":3000,"label":" ","price":10.02},{"type":"B","date":"2018-04-18T03:35:02.000Z","volume":3000,"label":" ","price":10},{"type":"B","date":"2018-04-18T03:35:45.000Z","volume":10000,"label":" ","price":10},{"type":"B","date":"2018-04-18T03:36:35.000Z","volume":5000,"label":" ","price":10},{"type":"B","date":"2018-04-18T03:36:35.000Z","volume":5000,"label":" ","price":10},{"type":"B","date":"2018-04-18T03:36:35.000Z","volume":4000,"label":"Y","price":10},{"type":"A","date":"2018-04-18T03:37:24.000Z","volume":4000,"label":" ","price":10.02},{"type":"A","date":"2018-04-18T03:38:15.000Z","volume":5000,"label":" ","price":10.02},{"type":"B","date":"2018-04-18T03:38:15.000Z","volume":1000,"label":" ","price":10.02},{"type":"U","date":"2018-04-18T03:38:27.000Z","volume":2000,"label":" ","price":10.02},{"type":"A","date":"2018-04-18T03:38:50.000Z","volume":10000,"label":" ","price":10.02},{"type":"B","date":"2018-04-18T03:40:08.000Z","volume":14000,"label":" ","price":10},{"type":"A","date":"2018-04-18T03:41:40.000Z","volume":6000,"label":"Y","price":10},{"type":"A","date":"2018-04-18T03:41:40.000Z","volume":2000,"label":" ","price":10},{"type":"A","date":"2018-04-18T03:42:19.000Z","volume":5000,"label":" ","price":10.02},{"type":"A","date":"2018-04-18T03:42:46.000Z","volume":21000,"label":" ","price":10.04},{"type":"B","date":"2018-04-18T03:44:18.000Z","volume":12000,"label":" ","price":10.02},{"type":"B","date":"2018-04-18T03:44:37.000Z","volume":8000,"label":"Y","price":10.02},{"type":"B","date":"2018-04-18T03:46:25.000Z","volume":10000,"label":" ","price":10.02},{"type":"B","date":"2018-04-18T03:46:45.000Z","volume":20000,"label":" ","price":10.02},{"type":"B","date":"2018-04-18T03:46:45.000Z","volume":5000,"label":" ","price":10},{"type":"B","date":"2018-04-18T03:46:46.000Z","volume":5000,"label":" ","price":10},{"type":"B","date":"2018-04-18T03:46:46.000Z","volume":11000,"label":" ","price":10},{"type":"B","date":"2018-04-18T03:46:48.000Z","volume":25000,"label":" ","price":9.99},{"type":"B","date":"2018-04-18T03:46:48.000Z","volume":4000,"label":" ","price":9.99},{"type":"A","date":"2018-04-18T03:47:29.000Z","volume":2000,"label":" ","price":10.02},{"type":"A","date":"2018-04-18T03:47:55.000Z","volume":5000,"label":" ","price":10.02},{"type":"B","date":"2018-04-18T03:48:19.000Z","volume":3000,"label":" ","price":9.98},{"type":"B","date":"2018-04-18T03:48:19.000Z","volume":17000,"label":" ","price":9.97},{"type":"A","date":"2018-04-18T03:48:41.000Z","volume":3000,"label":" ","price":9.98},{"type":"B","date":"2018-04-18T03:48:56.000Z","volume":7000,"label":" ","price":9.96},{"type":"B","date":"2018-04-18T03:49:07.000Z","volume":10000,"label":" ","price":9.95},{"type":"A","date":"2018-04-18T03:49:15.000Z","volume":14000,"label":" ","price":9.95},{"type":"B","date":"2018-04-18T03:49:58.000Z","volume":7000,"label":" ","price":9.95},{"type":"A","date":"2018-04-18T03:49:58.000Z","volume":1000,"label":" ","price":9.95},{"type":"B","date":"2018-04-18T03:50:14.000Z","volume":25000,"label":" ","price":9.94},{"type":"B","date":"2018-04-18T03:50:32.000Z","volume":29000,"label":" ","price":9.94},{"type":"B","date":"2018-04-18T03:50:32.000Z","volume":2000,"label":" ","price":9.94},{"type":"A","date":"2018-04-18T03:50:33.000Z","volume":1000,"label":" ","price":9.95},{"type":"A","date":"2018-04-18T03:50:34.000Z","volume":10000,"label":" ","price":9.95},{"type":"B","date":"2018-04-18T03:50:50.000Z","volume":5000,"label":" ","price":9.93},{"type":"B","date":"2018-04-18T03:51:42.000Z","volume":10000,"label":" ","price":9.93},{"type":"A","date":"2018-04-18T03:51:53.000Z","volume":7000,"label":" ","price":9.95},{"type":"U","date":"2018-04-18T03:52:07.000Z","volume":1000,"label":" ","price":9.99},{"type":"A","date":"2018-04-18T03:53:50.000Z","volume":10000,"label":" ","price":10.02},{"type":"A","date":"2018-04-18T03:54:21.000Z","volume":5000,"label":" ","price":10.02},{"type":"U","date":"2018-04-18T03:54:51.000Z","volume":5000,"label":" ","price":10.04},{"type":"A","date":"2018-04-18T03:55:44.000Z","volume":10000,"label":" ","price":10.06},{"type":"A","date":"2018-04-18T03:57:08.000Z","volume":1000,"label":" ","price":10.06},{"type":"B","date":"2018-04-18T03:58:16.000Z","volume":10000,"label":" ","price":10.02},{"type":"B","date":"2018-04-18T03:58:16.000Z","volume":31000,"label":" ","price":10.02},{"type":"A","date":"2018-04-18T03:58:34.000Z","volume":1000,"label":" ","price":10.02},{"type":"B","date":"2018-04-18T05:00:00.000Z","volume":1000,"label":" ","price":10.02},{"type":"B","date":"2018-04-18T05:00:00.000Z","volume":16000,"label":" ","price":10},{"type":"A","date":"2018-04-18T05:00:00.000Z","volume":6000,"label":" ","price":10},{"type":"A","date":"2018-04-18T05:00:00.000Z","volume":4000,"label":" ","price":10},{"type":"A","date":"2018-04-18T05:00:00.000Z","volume":3000,"label":" ","price":10},{"type":"A","date":"2018-04-18T05:00:00.000Z","volume":1000,"label":" ","price":10},{"type":"A","date":"2018-04-18T05:00:00.000Z","volume":10000,"label":" ","price":10},{"type":"A","date":"2018-04-18T05:00:00.000Z","volume":1000,"label":" ","price":10.02},{"type":"A","date":"2018-04-18T05:00:00.000Z","volume":4000,"label":" ","price":10.02},{"type":"A","date":"2018-04-18T05:00:01.000Z","volume":2000,"label":" ","price":10.02},{"type":"A","date":"2018-04-18T05:00:02.000Z","volume":8000,"label":" ","price":10.02},{"type":"A","date":"2018-04-18T05:00:02.000Z","volume":2000,"label":" ","price":10.04},{"type":"B","date":"2018-04-18T05:00:04.000Z","volume":1000,"label":" ","price":10},{"type":"A","date":"2018-04-18T05:00:04.000Z","volume":3000,"label":"Y","price":10.02},{"type":"A","date":"2018-04-18T05:00:04.000Z","volume":1000,"label":" ","price":10.02},{"type":"A","date":"2018-04-18T05:00:04.000Z","volume":1000,"label":" ","price":10.02},{"type":"A","date":"2018-04-18T05:00:06.000Z","volume":4000,"label":" ","price":10.02},{"type":"B","date":"2018-04-18T05:00:06.000Z","volume":6000,"label":" ","price":10.02},{"type":"A","date":"2018-04-18T05:00:06.000Z","volume":1000,"label":" ","price":10},{"type":"A","date":"2018-04-18T05:00:09.000Z","volume":2000,"label":" ","price":10},{"type":"A","date":"2018-04-18T05:00:14.000Z","volume":12000,"label":" ","price":10},{"type":"A","date":"2018-04-18T05:00:14.000Z","volume":3000,"label":" ","price":10.04},{"type":"A","date":"2018-04-18T05:00:29.000Z","volume":2000,"label":" ","price":10.04},{"type":"A","date":"2018-04-18T05:00:29.000Z","volume":2000,"label":"Y","price":10.04},{"type":"B","date":"2018-04-18T05:02:02.000Z","volume":2000,"label":" ","price":10.02},{"type":"A","date":"2018-04-18T05:06:11.000Z","volume":2000,"label":" ","price":10.02},{"type":"A","date":"2018-04-18T05:06:29.000Z","volume":22000,"label":" ","price":10.02},{"type":"A","date":"2018-04-18T05:06:31.000Z","volume":2000,"label":"Y","price":10.04},{"type":"A","date":"2018-04-18T05:06:31.000Z","volume":6000,"label":" ","price":10.04},{"type":"A","date":"2018-04-18T05:07:23.000Z","volume":2000,"label":" ","price":10.04},{"type":"B","date":"2018-04-18T05:07:23.000Z","volume":5000,"label":" ","price":10.02},{"type":"A","date":"2018-04-18T05:07:23.000Z","volume":15000,"label":" ","price":10.02},{"type":"A","date":"2018-04-18T05:07:37.000Z","volume":8000,"label":" ","price":10.04},{"type":"A","date":"2018-04-18T05:07:37.000Z","volume":7000,"label":" ","price":10.06},{"type":"B","date":"2018-04-18T05:07:40.000Z","volume":1000,"label":" ","price":10.04},{"type":"B","date":"2018-04-18T05:07:42.000Z","volume":3000,"label":" ","price":10.04},{"type":"A","date":"2018-04-18T05:08:10.000Z","volume":4000,"label":" ","price":10.04},{"type":"A","date":"2018-04-18T05:09:48.000Z","volume":1000,"label":" ","price":10.04},{"type":"B","date":"2018-04-18T05:10:39.000Z","volume":2000,"label":" ","price":10.02},{"type":"A","date":"2018-04-18T05:10:39.000Z","volume":1000,"label":" ","price":10.04},{"type":"A","date":"2018-04-18T05:12:40.000Z","volume":8000,"label":" ","price":10.06},{"type":"A","date":"2018-04-18T05:12:40.000Z","volume":1000,"label":" ","price":10.06},{"type":"A","date":"2018-04-18T05:12:56.000Z","volume":79000,"label":" ","price":10.06},{"type":"B","date":"2018-04-18T05:12:56.000Z","volume":1000,"label":" ","price":10.04},{"type":"A","date":"2018-04-18T05:12:57.000Z","volume":23000,"label":" ","price":10.06},{"type":"A","date":"2018-04-18T05:13:00.000Z","volume":4000,"label":" ","price":10.08},{"type":"A","date":"2018-04-18T05:13:00.000Z","volume":2000,"label":" ","price":10.1},{"type":"A","date":"2018-04-18T05:13:20.000Z","volume":6000,"label":" ","price":10.08},{"type":"A","date":"2018-04-18T05:13:20.000Z","volume":23000,"label":" ","price":10.1},{"type":"A","date":"2018-04-18T05:13:35.000Z","volume":37000,"label":" ","price":10.1},{"type":"A","date":"2018-04-18T05:13:35.000Z","volume":17000,"label":" ","price":10.1},{"type":"A","date":"2018-04-18T05:14:28.000Z","volume":12000,"label":" ","price":10.1},{"type":"A","date":"2018-04-18T05:14:28.000Z","volume":11000,"label":" ","price":10.1},{"type":"A","date":"2018-04-18T05:14:32.000Z","volume":1000,"label":"Y","price":10.1},{"type":"A","date":"2018-04-18T05:14:32.000Z","volume":7000,"label":" ","price":10.1},{"type":"A","date":"2018-04-18T05:14:36.000Z","volume":9000,"label":" ","price":10.12},{"type":"A","date":"2018-04-18T05:15:26.000Z","volume":5000,"label":" ","price":10.12},{"type":"A","date":"2018-04-18T05:15:43.000Z","volume":1000,"label":" ","price":10.12},{"type":"A","date":"2018-04-18T05:15:46.000Z","volume":1000,"label":" ","price":10.12},{"type":"A","date":"2018-04-18T05:15:47.000Z","volume":10000,"label":" ","price":10.12},{"type":"A","date":"2018-04-18T05:16:29.000Z","volume":6000,"label":" ","price":10.14},{"type":"A","date":"2018-04-18T05:16:57.000Z","volume":4000,"label":" ","price":10.14},{"type":"A","date":"2018-04-18T05:17:31.000Z","volume":2000,"label":" ","price":10.16},{"type":"A","date":"2018-04-18T05:17:49.000Z","volume":5000,"label":" ","price":10.16},{"type":"A","date":"2018-04-18T05:17:53.000Z","volume":1000,"label":" ","price":10.16},{"type":"B","date":"2018-04-18T05:18:32.000Z","volume":4000,"label":" ","price":10.14},{"type":"B","date":"2018-04-18T05:18:32.000Z","volume":2000,"label":" ","price":10.12},{"type":"A","date":"2018-04-18T05:18:41.000Z","volume":5000,"label":" ","price":10.16},{"type":"A","date":"2018-04-18T05:18:47.000Z","volume":1000,"label":" ","price":10.16},{"type":"A","date":"2018-04-18T05:19:09.000Z","volume":10000,"label":" ","price":10.18},{"type":"A","date":"2018-04-18T05:19:10.000Z","volume":6000,"label":" ","price":10.18},{"type":"A","date":"2018-04-18T05:19:17.000Z","volume":1000,"label":" ","price":10.16},{"type":"A","date":"2018-04-18T05:19:23.000Z","volume":2000,"label":" ","price":10.16},{"type":"A","date":"2018-04-18T05:19:23.000Z","volume":1000,"label":" ","price":10.16},{"type":"B","date":"2018-04-18T05:19:37.000Z","volume":1000,"label":" ","price":10.16},{"type":"A","date":"2018-04-18T05:19:57.000Z","volume":9000,"label":" ","price":10.18},{"type":"A","date":"2018-04-18T05:20:37.000Z","volume":9000,"label":" ","price":10.18},{"type":"A","date":"2018-04-18T05:20:41.000Z","volume":8000,"label":" ","price":10.2},{"type":"B","date":"2018-04-18T05:21:02.000Z","volume":28000,"label":" ","price":10.18},{"type":"B","date":"2018-04-18T05:21:02.000Z","volume":6000,"label":" ","price":10.16},{"type":"B","date":"2018-04-18T05:21:02.000Z","volume":7000,"label":" ","price":10.16},{"type":"A","date":"2018-04-18T05:21:09.000Z","volume":2000,"label":" ","price":10.18},{"type":"B","date":"2018-04-18T05:21:46.000Z","volume":2000,"label":" ","price":10.16},{"type":"A","date":"2018-04-18T05:21:50.000Z","volume":1000,"label":" ","price":10.18},{"type":"A","date":"2018-04-18T05:22:14.000Z","volume":5000,"label":" ","price":10.18},{"type":"A","date":"2018-04-18T05:22:44.000Z","volume":2000,"label":" ","price":10.18},{"type":"B","date":"2018-04-18T05:23:33.000Z","volume":10000,"label":" ","price":10.14},{"type":"B","date":"2018-04-18T05:23:44.000Z","volume":17000,"label":" ","price":10.12},{"type":"B","date":"2018-04-18T05:23:44.000Z","volume":19000,"label":" ","price":10.1},{"type":"B","date":"2018-04-18T05:24:54.000Z","volume":4000,"label":" ","price":10.08},{"type":"B","date":"2018-04-18T05:25:06.000Z","volume":1000,"label":" ","price":10.06},{"type":"A","date":"2018-04-18T05:26:15.000Z","volume":8000,"label":" ","price":10.1},{"type":"A","date":"2018-04-18T05:26:42.000Z","volume":4000,"label":" ","price":10.08},{"type":"A","date":"2018-04-18T05:27:05.000Z","volume":9000,"label":" ","price":10.08},{"type":"A","date":"2018-04-18T05:27:06.000Z","volume":5000,"label":" ","price":10.08},{"type":"B","date":"2018-04-18T05:28:49.000Z","volume":2000,"label":" ","price":10.08},{"type":"B","date":"2018-04-18T05:29:23.000Z","volume":10000,"label":" ","price":10.08},{"type":"A","date":"2018-04-18T05:29:39.000Z","volume":10000,"label":" ","price":10.08},{"type":"A","date":"2018-04-18T05:29:40.000Z","volume":10000,"label":" ","price":10.08},{"type":"A","date":"2018-04-18T05:30:49.000Z","volume":15000,"label":" ","price":10.08},{"type":"A","date":"2018-04-18T05:31:02.000Z","volume":5000,"label":" ","price":10.08},{"type":"A","date":"2018-04-18T05:32:31.000Z","volume":1000,"label":" ","price":10.1},{"type":"A","date":"2018-04-18T05:32:57.000Z","volume":1000,"label":" ","price":10.1},{"type":"A","date":"2018-04-18T05:34:02.000Z","volume":1000,"label":"Y","price":10.1},{"type":"A","date":"2018-04-18T05:35:35.000Z","volume":7000,"label":" ","price":10.1},{"type":"A","date":"2018-04-18T05:35:41.000Z","volume":20000,"label":" ","price":10.12},{"type":"A","date":"2018-04-18T05:36:09.000Z","volume":4000,"label":" ","price":10.12},{"type":"A","date":"2018-04-18T05:36:56.000Z","volume":2000,"label":" ","price":10.16},{"type":"A","date":"2018-04-18T05:36:56.000Z","volume":2000,"label":" ","price":10.16},{"type":"B","date":"2018-04-18T05:37:03.000Z","volume":9000,"label":" ","price":10.12},{"type":"A","date":"2018-04-18T05:37:11.000Z","volume":15000,"label":" ","price":10.12},{"type":"A","date":"2018-04-18T05:37:17.000Z","volume":2000,"label":" ","price":10.12},{"type":"A","date":"2018-04-18T05:37:21.000Z","volume":10000,"label":" ","price":10.12},{"type":"A","date":"2018-04-18T05:37:43.000Z","volume":6000,"label":" ","price":10.12},{"type":"A","date":"2018-04-18T05:39:10.000Z","volume":10000,"label":" ","price":10.16},{"type":"A","date":"2018-04-18T05:39:28.000Z","volume":3000,"label":" ","price":10.16},{"type":"A","date":"2018-04-18T05:39:28.000Z","volume":11000,"label":" ","price":10.18},{"type":"A","date":"2018-04-18T05:39:30.000Z","volume":2000,"label":" ","price":10.2},{"type":"B","date":"2018-04-18T05:39:46.000Z","volume":3000,"label":" ","price":10.16},{"type":"B","date":"2018-04-18T05:40:14.000Z","volume":3000,"label":" ","price":10.16},{"type":"A","date":"2018-04-18T05:40:21.000Z","volume":10000,"label":" ","price":10.18},{"type":"B","date":"2018-04-18T05:40:42.000Z","volume":10000,"label":" ","price":10.16},{"type":"B","date":"2018-04-18T05:41:17.000Z","volume":3000,"label":" ","price":10.16},{"type":"A","date":"2018-04-18T05:41:22.000Z","volume":1000,"label":" ","price":10.16},{"type":"A","date":"2018-04-18T05:41:27.000Z","volume":1000,"label":" ","price":10.16},{"type":"A","date":"2018-04-18T05:41:30.000Z","volume":5000,"label":" ","price":10.16},{"type":"A","date":"2018-04-18T05:41:55.000Z","volume":3000,"label":" ","price":10.16},{"type":"A","date":"2018-04-18T05:42:14.000Z","volume":3000,"label":" ","price":10.18},{"type":"A","date":"2018-04-18T05:42:33.000Z","volume":4000,"label":" ","price":10.2},{"type":"A","date":"2018-04-18T05:42:36.000Z","volume":23000,"label":" ","price":10.2},{"type":"U","date":"2018-04-18T05:42:36.000Z","volume":3000,"label":"X","price":10.19},{"type":"A","date":"2018-04-18T05:43:59.000Z","volume":2000,"label":" ","price":10.2},{"type":"A","date":"2018-04-18T05:44:01.000Z","volume":2000,"label":" ","price":10.2},{"type":"A","date":"2018-04-18T05:44:19.000Z","volume":1000,"label":" ","price":10.22},{"type":"A","date":"2018-04-18T05:44:53.000Z","volume":3000,"label":" ","price":10.22},{"type":"A","date":"2018-04-18T05:45:08.000Z","volume":10000,"label":" ","price":10.24},{"type":"A","date":"2018-04-18T05:45:08.000Z","volume":1000,"label":" ","price":10.24},{"type":"A","date":"2018-04-18T05:45:08.000Z","volume":10000,"label":" ","price":10.24},{"type":"A","date":"2018-04-18T05:45:08.000Z","volume":2000,"label":" ","price":10.26},{"type":"A","date":"2018-04-18T05:45:08.000Z","volume":1000,"label":" ","price":10.26},{"type":"B","date":"2018-04-18T05:45:23.000Z","volume":1000,"label":" ","price":10.26},{"type":"A","date":"2018-04-18T05:45:25.000Z","volume":1000,"label":" ","price":10.28},{"type":"A","date":"2018-04-18T05:45:26.000Z","volume":16000,"label":" ","price":10.28},{"type":"A","date":"2018-04-18T05:45:26.000Z","volume":3000,"label":" ","price":10.3},{"type":"A","date":"2018-04-18T05:45:30.000Z","volume":27000,"label":" ","price":10.3},{"type":"B","date":"2018-04-18T05:45:33.000Z","volume":5000,"label":" ","price":10.28},{"type":"A","date":"2018-04-18T05:45:34.000Z","volume":4000,"label":" ","price":10.3},{"type":"B","date":"2018-04-18T05:45:35.000Z","volume":6000,"label":" ","price":10.28},{"type":"B","date":"2018-04-18T05:45:35.000Z","volume":4000,"label":" ","price":10.26},{"type":"A","date":"2018-04-18T05:45:39.000Z","volume":10000,"label":" ","price":10.28},{"type":"A","date":"2018-04-18T05:45:45.000Z","volume":10000,"label":" ","price":10.28},{"type":"A","date":"2018-04-18T05:45:52.000Z","volume":8000,"label":" ","price":10.28},{"type":"A","date":"2018-04-18T05:46:10.000Z","volume":2000,"label":" ","price":10.28},{"type":"A","date":"2018-04-18T05:46:22.000Z","volume":2000,"label":" ","price":10.28},{"type":"A","date":"2018-04-18T05:46:41.000Z","volume":10000,"label":" ","price":10.28},{"type":"A","date":"2018-04-18T05:46:42.000Z","volume":2000,"label":" ","price":10.28},{"type":"A","date":"2018-04-18T05:46:55.000Z","volume":1000,"label":" ","price":10.28},{"type":"A","date":"2018-04-18T05:47:03.000Z","volume":7000,"label":" ","price":10.28},{"type":"A","date":"2018-04-18T05:47:03.000Z","volume":3000,"label":" ","price":10.28},{"type":"A","date":"2018-04-18T05:47:03.000Z","volume":3000,"label":" ","price":10.32},{"type":"A","date":"2018-04-18T05:47:32.000Z","volume":1000,"label":" ","price":10.3},{"type":"B","date":"2018-04-18T05:47:39.000Z","volume":1000,"label":" ","price":10.28},{"type":"A","date":"2018-04-18T05:47:40.000Z","volume":1000,"label":" ","price":10.3},{"type":"A","date":"2018-04-18T05:48:33.000Z","volume":2000,"label":" ","price":10.3},{"type":"B","date":"2018-04-18T05:49:08.000Z","volume":10000,"label":" ","price":10.28},{"type":"A","date":"2018-04-18T05:49:08.000Z","volume":3000,"label":" ","price":10.3},{"type":"U","date":"2018-04-18T05:49:08.000Z","volume":1000,"label":"X","price":10.29},{"type":"A","date":"2018-04-18T05:49:26.000Z","volume":5000,"label":" ","price":10.3},{"type":"A","date":"2018-04-18T05:49:26.000Z","volume":1000,"label":" ","price":10.3},{"type":"B","date":"2018-04-18T05:49:33.000Z","volume":45000,"label":" ","price":10.28},{"type":"A","date":"2018-04-18T05:49:33.000Z","volume":4000,"label":" ","price":10.28},{"type":"A","date":"2018-04-18T05:49:33.000Z","volume":8000,"label":" ","price":10.28},{"type":"B","date":"2018-04-18T05:49:40.000Z","volume":3000,"label":" ","price":10.26},{"type":"B","date":"2018-04-18T05:49:40.000Z","volume":8000,"label":" ","price":10.26},{"type":"B","date":"2018-04-18T05:49:47.000Z","volume":1000,"label":" ","price":10.26},{"type":"A","date":"2018-04-18T05:49:53.000Z","volume":2000,"label":" ","price":10.26},{"type":"B","date":"2018-04-18T05:51:25.000Z","volume":5000,"label":" ","price":10.22},{"type":"B","date":"2018-04-18T05:51:48.000Z","volume":9000,"label":" ","price":10.24},{"type":"B","date":"2018-04-18T05:52:53.000Z","volume":14000,"label":" ","price":10.24},{"type":"B","date":"2018-04-18T05:52:53.000Z","volume":5000,"label":" ","price":10.22},{"type":"B","date":"2018-04-18T05:52:53.000Z","volume":5000,"label":" ","price":10.22},{"type":"A","date":"2018-04-18T05:53:54.000Z","volume":10000,"label":" ","price":10.24},{"type":"B","date":"2018-04-18T05:54:20.000Z","volume":11000,"label":" ","price":10.22},{"type":"B","date":"2018-04-18T05:55:55.000Z","volume":2000,"label":" ","price":10.22},{"type":"A","date":"2018-04-18T05:56:32.000Z","volume":2000,"label":" ","price":10.24},{"type":"A","date":"2018-04-18T05:57:18.000Z","volume":6000,"label":" ","price":10.24},{"type":"B","date":"2018-04-18T05:58:54.000Z","volume":2000,"label":"Y","price":10.22},{"type":"B","date":"2018-04-18T05:59:17.000Z","volume":2000,"label":" ","price":10.22},{"type":"A","date":"2018-04-18T06:00:14.000Z","volume":1000,"label":" ","price":10.24},{"type":"A","date":"2018-04-18T06:00:25.000Z","volume":3000,"label":" ","price":10.24},{"type":"A","date":"2018-04-18T06:05:03.000Z","volume":10000,"label":" ","price":10.24},{"type":"A","date":"2018-04-18T06:05:06.000Z","volume":1000,"label":"Y","price":10.24},{"type":"A","date":"2018-04-18T06:05:06.000Z","volume":17000,"label":" ","price":10.24},{"type":"A","date":"2018-04-18T06:05:30.000Z","volume":5000,"label":" ","price":10.26},{"type":"A","date":"2018-04-18T06:05:48.000Z","volume":3000,"label":" ","price":10.28},{"type":"A","date":"2018-04-18T06:07:32.000Z","volume":28000,"label":" ","price":10.3},{"type":"B","date":"2018-04-18T06:09:40.000Z","volume":20000,"label":" ","price":10.3},{"type":"B","date":"2018-04-18T06:09:40.000Z","volume":6000,"label":" ","price":10.3},{"type":"B","date":"2018-04-18T06:10:18.000Z","volume":3000,"label":" ","price":10.3},{"type":"B","date":"2018-04-18T06:10:29.000Z","volume":17000,"label":" ","price":10.3},{"type":"B","date":"2018-04-18T06:10:29.000Z","volume":44000,"label":" ","price":10.28},{"type":"A","date":"2018-04-18T06:10:42.000Z","volume":1000,"label":" ","price":10.28},{"type":"B","date":"2018-04-18T06:11:11.000Z","volume":5000,"label":" ","price":10.26},{"type":"B","date":"2018-04-18T06:11:11.000Z","volume":5000,"label":" ","price":10.26},{"type":"B","date":"2018-04-18T06:11:11.000Z","volume":5000,"label":" ","price":10.26},{"type":"A","date":"2018-04-18T06:12:57.000Z","volume":9000,"label":" ","price":10.26},{"type":"B","date":"2018-04-18T06:14:15.000Z","volume":9000,"label":" ","price":10.26},{"type":"B","date":"2018-04-18T06:14:20.000Z","volume":5000,"label":" ","price":10.26},{"type":"A","date":"2018-04-18T06:15:17.000Z","volume":39000,"label":" ","price":10.28},{"type":"A","date":"2018-04-18T06:15:20.000Z","volume":10000,"label":" ","price":10.28},{"type":"B","date":"2018-04-18T06:18:31.000Z","volume":6000,"label":" ","price":10.28},{"type":"B","date":"2018-04-18T06:18:32.000Z","volume":44000,"label":" ","price":10.28},{"type":"B","date":"2018-04-18T06:18:32.000Z","volume":5000,"label":" ","price":10.26},{"type":"B","date":"2018-04-18T06:18:32.000Z","volume":31000,"label":" ","price":10.26},{"type":"B","date":"2018-04-18T06:18:32.000Z","volume":2000,"label":"Y","price":10.26},{"type":"B","date":"2018-04-18T06:18:32.000Z","volume":21000,"label":" ","price":10.26},{"type":"B","date":"2018-04-18T06:18:34.000Z","volume":7000,"label":" ","price":10.24},{"type":"A","date":"2018-04-18T06:20:38.000Z","volume":10000,"label":" ","price":10.28},{"type":"A","date":"2018-04-18T06:20:50.000Z","volume":1000,"label":" ","price":10.28},{"type":"B","date":"2018-04-18T06:21:33.000Z","volume":2000,"label":" ","price":10.22},{"type":"B","date":"2018-04-18T06:22:08.000Z","volume":36000,"label":" ","price":10.24},{"type":"B","date":"2018-04-18T06:22:08.000Z","volume":89000,"label":" ","price":10.22},{"type":"B","date":"2018-04-18T06:22:08.000Z","volume":25000,"label":" ","price":10.2},{"type":"B","date":"2018-04-18T06:22:18.000Z","volume":1000,"label":" ","price":10.24},{"type":"U","date":"2018-04-18T06:22:18.000Z","volume":5000,"label":" ","price":10.24},{"type":"A","date":"2018-04-18T06:22:48.000Z","volume":1000,"label":" ","price":10.26},{"type":"A","date":"2018-04-18T06:24:17.000Z","volume":5000,"label":" ","price":10.26},{"type":"A","date":"2018-04-18T06:24:35.000Z","volume":5000,"label":" ","price":10.26},{"type":"A","date":"2018-04-18T06:24:35.000Z","volume":11000,"label":" ","price":10.26},{"type":"A","date":"2018-04-18T06:25:11.000Z","volume":7000,"label":" ","price":10.28},{"type":"A","date":"2018-04-18T06:25:21.000Z","volume":2000,"label":" ","price":10.3},{"type":"U","date":"2018-04-18T06:25:33.000Z","volume":4000,"label":"X","price":10.28},{"type":"A","date":"2018-04-18T06:25:40.000Z","volume":22000,"label":" ","price":10.3},{"type":"A","date":"2018-04-18T06:29:04.000Z","volume":1000,"label":"Y","price":10.3},{"type":"A","date":"2018-04-18T06:29:04.000Z","volume":9000,"label":" ","price":10.3},{"type":"A","date":"2018-04-18T06:29:04.000Z","volume":2000,"label":" ","price":10.3},{"type":"B","date":"2018-04-18T06:29:42.000Z","volume":2000,"label":" ","price":10.28},{"type":"A","date":"2018-04-18T06:29:42.000Z","volume":1000,"label":" ","price":10.3},{"type":"A","date":"2018-04-18T06:29:55.000Z","volume":12000,"label":" ","price":10.3},{"type":"A","date":"2018-04-18T06:29:55.000Z","volume":3000,"label":" ","price":10.3},{"type":"A","date":"2018-04-18T06:30:52.000Z","volume":12000,"label":" ","price":10.3},{"type":"A","date":"2018-04-18T06:30:52.000Z","volume":4000,"label":" ","price":10.3},{"type":"B","date":"2018-04-18T06:31:09.000Z","volume":66000,"label":" ","price":10.28},{"type":"A","date":"2018-04-18T06:31:09.000Z","volume":4000,"label":" ","price":10.3},{"type":"A","date":"2018-04-18T06:31:09.000Z","volume":1000,"label":" ","price":10.3},{"type":"U","date":"2018-04-18T06:31:17.000Z","volume":2000,"label":"X","price":10.29},{"type":"A","date":"2018-04-18T06:32:01.000Z","volume":10000,"label":" ","price":10.3},{"type":"B","date":"2018-04-18T06:32:02.000Z","volume":5000,"label":" ","price":10.28},{"type":"A","date":"2018-04-18T06:32:17.000Z","volume":1000,"label":"Y","price":10.3},{"type":"A","date":"2018-04-18T06:32:17.000Z","volume":18000,"label":" ","price":10.3},{"type":"B","date":"2018-04-18T06:32:18.000Z","volume":2000,"label":" ","price":10.3},{"type":"A","date":"2018-04-18T06:32:32.000Z","volume":1000,"label":" ","price":10.32},{"type":"B","date":"2018-04-18T06:33:30.000Z","volume":3000,"label":" ","price":10.3},{"type":"A","date":"2018-04-18T06:33:32.000Z","volume":2000,"label":" ","price":10.3},{"type":"A","date":"2018-04-18T06:35:36.000Z","volume":3000,"label":" ","price":10.32},{"type":"A","date":"2018-04-18T06:36:19.000Z","volume":15000,"label":" ","price":10.32},{"type":"B","date":"2018-04-18T06:37:49.000Z","volume":2000,"label":" ","price":10.32},{"type":"A","date":"2018-04-18T06:38:04.000Z","volume":2000,"label":"Y","price":10.34},{"type":"A","date":"2018-04-18T06:38:04.000Z","volume":9000,"label":" ","price":10.34},{"type":"A","date":"2018-04-18T06:38:04.000Z","volume":4000,"label":" ","price":10.34},{"type":"B","date":"2018-04-18T06:38:18.000Z","volume":30000,"label":" ","price":10.32},{"type":"B","date":"2018-04-18T06:38:24.000Z","volume":10000,"label":" ","price":10.32},{"type":"B","date":"2018-04-18T06:38:32.000Z","volume":5000,"label":" ","price":10.32},{"type":"A","date":"2018-04-18T06:38:38.000Z","volume":50000,"label":" ","price":10.32},{"type":"A","date":"2018-04-18T06:38:51.000Z","volume":1000,"label":" ","price":10.32},{"type":"A","date":"2018-04-18T06:39:12.000Z","volume":7000,"label":" ","price":10.32},{"type":"A","date":"2018-04-18T06:39:12.000Z","volume":10000,"label":" ","price":10.34},{"type":"B","date":"2018-04-18T06:40:01.000Z","volume":2000,"label":" ","price":10.3},{"type":"A","date":"2018-04-18T06:42:13.000Z","volume":5000,"label":" ","price":10.32},{"type":"A","date":"2018-04-18T06:44:13.000Z","volume":1000,"label":" ","price":10.32},{"type":"A","date":"2018-04-18T06:44:29.000Z","volume":10000,"label":" ","price":10.32},{"type":"B","date":"2018-04-18T06:45:12.000Z","volume":50000,"label":" ","price":10.3},{"type":"B","date":"2018-04-18T06:45:28.000Z","volume":10000,"label":" ","price":10.3},{"type":"B","date":"2018-04-18T06:45:31.000Z","volume":4000,"label":" ","price":10.3},{"type":"B","date":"2018-04-18T06:45:37.000Z","volume":5000,"label":" ","price":10.3},{"type":"B","date":"2018-04-18T06:45:38.000Z","volume":5000,"label":" ","price":10.3},{"type":"B","date":"2018-04-18T06:45:38.000Z","volume":5000,"label":" ","price":10.3},{"type":"B","date":"2018-04-18T06:45:38.000Z","volume":5000,"label":" ","price":10.3},{"type":"B","date":"2018-04-18T06:45:38.000Z","volume":5000,"label":" ","price":10.3},{"type":"B","date":"2018-04-18T06:45:38.000Z","volume":5000,"label":" ","price":10.3},{"type":"B","date":"2018-04-18T06:45:38.000Z","volume":5000,"label":" ","price":10.3},{"type":"B","date":"2018-04-18T06:45:55.000Z","volume":5000,"label":" ","price":10.3},{"type":"B","date":"2018-04-18T06:45:55.000Z","volume":41000,"label":" ","price":10.3},{"type":"A","date":"2018-04-18T06:45:59.000Z","volume":2000,"label":" ","price":10.3},{"type":"B","date":"2018-04-18T06:47:55.000Z","volume":4000,"label":" ","price":10.28},{"type":"B","date":"2018-04-18T06:47:56.000Z","volume":5000,"label":" ","price":10.28},{"type":"B","date":"2018-04-18T06:47:56.000Z","volume":5000,"label":" ","price":10.28},{"type":"B","date":"2018-04-18T06:47:56.000Z","volume":30000,"label":" ","price":10.28},{"type":"B","date":"2018-04-18T06:48:59.000Z","volume":1000,"label":" ","price":10.26},{"type":"B","date":"2018-04-18T06:49:42.000Z","volume":11000,"label":" ","price":10.26},{"type":"B","date":"2018-04-18T06:49:46.000Z","volume":2000,"label":" ","price":10.24},{"type":"A","date":"2018-04-18T06:49:58.000Z","volume":10000,"label":" ","price":10.24},{"type":"B","date":"2018-04-18T06:50:23.000Z","volume":20000,"label":" ","price":10.2},{"type":"A","date":"2018-04-18T06:50:30.000Z","volume":2000,"label":" ","price":10.24},{"type":"A","date":"2018-04-18T06:53:40.000Z","volume":1000,"label":" ","price":10.24},{"type":"A","date":"2018-04-18T06:53:40.000Z","volume":15000,"label":" ","price":10.24},{"type":"A","date":"2018-04-18T06:53:46.000Z","volume":4000,"label":" ","price":10.26},{"type":"B","date":"2018-04-18T06:54:28.000Z","volume":10000,"label":" ","price":10.24},{"type":"B","date":"2018-04-18T06:54:29.000Z","volume":5000,"label":" ","price":10.24},{"type":"A","date":"2018-04-18T06:54:51.000Z","volume":1000,"label":" ","price":10.26},{"type":"A","date":"2018-04-18T06:55:33.000Z","volume":2000,"label":" ","price":10.26},{"type":"B","date":"2018-04-18T06:56:05.000Z","volume":10000,"label":" ","price":10.24},{"type":"B","date":"2018-04-18T06:56:08.000Z","volume":1000,"label":" ","price":10.24},{"type":"B","date":"2018-04-18T06:56:51.000Z","volume":4000,"label":" ","price":10.24},{"type":"B","date":"2018-04-18T06:57:02.000Z","volume":20000,"label":" ","price":10.24},{"type":"B","date":"2018-04-18T06:57:04.000Z","volume":3000,"label":" ","price":10.24},{"type":"B","date":"2018-04-18T06:57:22.000Z","volume":3000,"label":" ","price":10.24},{"type":"B","date":"2018-04-18T06:57:23.000Z","volume":8000,"label":" ","price":10.24},{"type":"B","date":"2018-04-18T06:57:23.000Z","volume":3000,"label":" ","price":10.24},{"type":"B","date":"2018-04-18T06:58:26.000Z","volume":5000,"label":" ","price":10.22},{"type":"B","date":"2018-04-18T06:59:19.000Z","volume":10000,"label":" ","price":10.22},{"type":"B","date":"2018-04-18T06:59:33.000Z","volume":4000,"label":" ","price":10.22},{"type":"B","date":"2018-04-18T06:59:44.000Z","volume":10000,"label":" ","price":10.22},{"type":"B","date":"2018-04-18T06:59:44.000Z","volume":36000,"label":" ","price":10.22},{"type":"B","date":"2018-04-18T06:59:44.000Z","volume":5000,"label":" ","price":10.22},{"type":"B","date":"2018-04-18T06:59:49.000Z","volume":4000,"label":" ","price":10.22},{"type":"B","date":"2018-04-18T07:01:14.000Z","volume":5000,"label":" ","price":10.22},{"type":"B","date":"2018-04-18T07:01:39.000Z","volume":1000,"label":" ","price":10.22},{"type":"B","date":"2018-04-18T07:02:29.000Z","volume":6000,"label":" ","price":10.22},{"type":"B","date":"2018-04-18T07:02:29.000Z","volume":2000,"label":" ","price":10.22},{"type":"B","date":"2018-04-18T07:06:51.000Z","volume":5000,"label":" ","price":10.22},{"type":"A","date":"2018-04-18T07:09:07.000Z","volume":1000,"label":"Y","price":10.24},{"type":"A","date":"2018-04-18T07:09:07.000Z","volume":36000,"label":" ","price":10.24},{"type":"B","date":"2018-04-18T07:09:07.000Z","volume":1000,"label":" ","price":10.24},{"type":"B","date":"2018-04-18T07:09:07.000Z","volume":1000,"label":" ","price":10.24},{"type":"B","date":"2018-04-18T07:09:07.000Z","volume":1000,"label":" ","price":10.24},{"type":"B","date":"2018-04-18T07:09:10.000Z","volume":2000,"label":" ","price":10.24},{"type":"B","date":"2018-04-18T07:09:11.000Z","volume":63000,"label":" ","price":10.22},{"type":"B","date":"2018-04-18T07:09:17.000Z","volume":2000,"label":" ","price":10.2},{"type":"B","date":"2018-04-18T07:09:57.000Z","volume":1000,"label":" ","price":10.2},{"type":"A","date":"2018-04-18T07:10:42.000Z","volume":1000,"label":" ","price":10.2},{"type":"A","date":"2018-04-18T07:10:42.000Z","volume":4000,"label":" ","price":10.2},{"type":"B","date":"2018-04-18T07:11:13.000Z","volume":10000,"label":" ","price":10.18},{"type":"B","date":"2018-04-18T07:12:02.000Z","volume":10000,"label":" ","price":10.18},{"type":"B","date":"2018-04-18T07:12:51.000Z","volume":16000,"label":" ","price":10.18},{"type":"A","date":"2018-04-18T07:16:53.000Z","volume":1000,"label":"Y","price":10.2},{"type":"A","date":"2018-04-18T07:16:53.000Z","volume":13000,"label":" ","price":10.2},{"type":"A","date":"2018-04-18T07:16:53.000Z","volume":3000,"label":" ","price":10.2},{"type":"A","date":"2018-04-18T07:17:53.000Z","volume":2000,"label":"Y","price":10.2},{"type":"A","date":"2018-04-18T07:17:53.000Z","volume":4000,"label":" ","price":10.2},{"type":"A","date":"2018-04-18T07:18:19.000Z","volume":10000,"label":" ","price":10.22},{"type":"A","date":"2018-04-18T07:18:51.000Z","volume":18000,"label":" ","price":10.22},{"type":"A","date":"2018-04-18T07:18:51.000Z","volume":3000,"label":"Y","price":10.24},{"type":"A","date":"2018-04-18T07:18:51.000Z","volume":1000,"label":" ","price":10.24},{"type":"A","date":"2018-04-18T07:19:06.000Z","volume":24000,"label":" ","price":10.26},{"type":"A","date":"2018-04-18T07:19:06.000Z","volume":18000,"label":" ","price":10.26},{"type":"A","date":"2018-04-18T07:19:13.000Z","volume":1000,"label":" ","price":10.26},{"type":"A","date":"2018-04-18T07:19:21.000Z","volume":1000,"label":" ","price":10.28},{"type":"A","date":"2018-04-18T07:19:54.000Z","volume":2000,"label":" ","price":10.26},{"type":"B","date":"2018-04-18T07:19:58.000Z","volume":10000,"label":" ","price":10.24},{"type":"B","date":"2018-04-18T07:19:59.000Z","volume":10000,"label":" ","price":10.24},{"type":"B","date":"2018-04-18T07:20:32.000Z","volume":2000,"label":" ","price":10.24},{"type":"B","date":"2018-04-18T07:20:48.000Z","volume":1000,"label":" ","price":10.24},{"type":"B","date":"2018-04-18T07:21:51.000Z","volume":2000,"label":" ","price":10.24},{"type":"A","date":"2018-04-18T07:22:33.000Z","volume":3000,"label":" ","price":10.26},{"type":"A","date":"2018-04-18T07:23:57.000Z","volume":2000,"label":"Y","price":10.26},{"type":"A","date":"2018-04-18T07:23:57.000Z","volume":4000,"label":" ","price":10.26},{"type":"A","date":"2018-04-18T07:24:25.000Z","volume":3000,"label":"Y","price":10.28},{"type":"A","date":"2018-04-18T07:24:25.000Z","volume":4000,"label":" ","price":10.28},{"type":"A","date":"2018-04-18T07:25:21.000Z","volume":9000,"label":" ","price":10.28},{"type":"A","date":"2018-04-18T07:25:21.000Z","volume":1000,"label":" ","price":10.28},{"type":"A","date":"2018-04-18T07:26:19.000Z","volume":21000,"label":" ","price":10.3},{"type":"A","date":"2018-04-18T07:26:33.000Z","volume":5000,"label":" ","price":10.3},{"type":"A","date":"2018-04-18T07:26:59.000Z","volume":2000,"label":"Y","price":10.3},{"type":"A","date":"2018-04-18T07:26:59.000Z","volume":12000,"label":" ","price":10.3},{"type":"A","date":"2018-04-18T07:27:44.000Z","volume":6000,"label":" ","price":10.3},{"type":"B","date":"2018-04-18T07:28:10.000Z","volume":5000,"label":" ","price":10.28},{"type":"B","date":"2018-04-18T07:28:34.000Z","volume":1000,"label":" ","price":10.28},{"type":"A","date":"2018-04-18T07:28:41.000Z","volume":13000,"label":" ","price":10.3},{"type":"B","date":"2018-04-18T07:28:45.000Z","volume":6000,"label":" ","price":10.3},{"type":"B","date":"2018-04-18T07:28:46.000Z","volume":20000,"label":" ","price":10.28},{"type":"B","date":"2018-04-18T07:29:10.000Z","volume":5000,"label":" ","price":10.28},{"type":"B","date":"2018-04-18T07:29:52.000Z","volume":31000,"label":" ","price":10.28},{"type":"B","date":"2018-04-18T07:32:43.000Z","volume":10000,"label":" ","price":10.26},{"type":"B","date":"2018-04-18T07:33:54.000Z","volume":10000,"label":" ","price":10.26},{"type":"B","date":"2018-04-18T07:35:10.000Z","volume":10000,"label":" ","price":10.26},{"type":"B","date":"2018-04-18T07:35:34.000Z","volume":15000,"label":" ","price":10.26},{"type":"B","date":"2018-04-18T07:37:48.000Z","volume":26000,"label":" ","price":10.26},{"type":"A","date":"2018-04-18T07:39:16.000Z","volume":31000,"label":" ","price":10.28},{"type":"B","date":"2018-04-18T07:39:53.000Z","volume":10000,"label":" ","price":10.26},{"type":"A","date":"2018-04-18T07:39:59.000Z","volume":2000,"label":" ","price":10.28},{"type":"A","date":"2018-04-18T07:41:56.000Z","volume":2000,"label":" ","price":10.28},{"type":"A","date":"2018-04-18T07:42:07.000Z","volume":31000,"label":" ","price":10.28},{"type":"A","date":"2018-04-18T07:42:07.000Z","volume":1000,"label":" ","price":10.28},{"type":"B","date":"2018-04-18T07:44:07.000Z","volume":50000,"label":" ","price":10.28},{"type":"A","date":"2018-04-18T07:44:57.000Z","volume":9000,"label":" ","price":10.3},{"type":"A","date":"2018-04-18T07:45:47.000Z","volume":2000,"label":" ","price":10.3},{"type":"A","date":"2018-04-18T07:45:58.000Z","volume":20000,"label":" ","price":10.3},{"type":"A","date":"2018-04-18T07:45:58.000Z","volume":14000,"label":" ","price":10.3},{"type":"A","date":"2018-04-18T07:45:58.000Z","volume":9000,"label":" ","price":10.32},{"type":"A","date":"2018-04-18T07:46:04.000Z","volume":2000,"label":" ","price":10.3},{"type":"A","date":"2018-04-18T07:46:04.000Z","volume":11000,"label":" ","price":10.32},{"type":"B","date":"2018-04-18T07:46:11.000Z","volume":1000,"label":" ","price":10.3},{"type":"A","date":"2018-04-18T07:46:30.000Z","volume":3000,"label":" ","price":10.3},{"type":"A","date":"2018-04-18T07:46:51.000Z","volume":8000,"label":" ","price":10.3},{"type":"A","date":"2018-04-18T07:46:51.000Z","volume":8000,"label":" ","price":10.32},{"type":"A","date":"2018-04-18T07:47:02.000Z","volume":3000,"label":"Y","price":10.32},{"type":"A","date":"2018-04-18T07:47:02.000Z","volume":15000,"label":" ","price":10.32},{"type":"A","date":"2018-04-18T07:47:05.000Z","volume":12000,"label":" ","price":10.32},{"type":"A","date":"2018-04-18T07:47:19.000Z","volume":3000,"label":"Y","price":10.34},{"type":"A","date":"2018-04-18T07:47:19.000Z","volume":8000,"label":" ","price":10.34},{"type":"A","date":"2018-04-18T07:47:23.000Z","volume":5000,"label":" ","price":10.34},{"type":"B","date":"2018-04-18T07:47:49.000Z","volume":50000,"label":" ","price":10.34},{"type":"B","date":"2018-04-18T07:47:49.000Z","volume":10000,"label":" ","price":10.34},{"type":"B","date":"2018-04-18T07:47:49.000Z","volume":7000,"label":" ","price":10.34},{"type":"B","date":"2018-04-18T07:48:01.000Z","volume":1000,"label":" ","price":10.32},{"type":"B","date":"2018-04-18T07:48:09.000Z","volume":5000,"label":" ","price":10.32},{"type":"B","date":"2018-04-18T07:49:03.000Z","volume":10000,"label":" ","price":10.32},{"type":"B","date":"2018-04-18T07:49:47.000Z","volume":4000,"label":" ","price":10.32},{"type":"U","date":"2018-04-18T07:49:48.000Z","volume":7000,"label":" ","price":10.34},{"type":"A","date":"2018-04-18T07:50:37.000Z","volume":7000,"label":" ","price":10.36},{"type":"B","date":"2018-04-18T07:51:11.000Z","volume":2000,"label":" ","price":10.32},{"type":"A","date":"2018-04-18T07:51:18.000Z","volume":10000,"label":" ","price":10.36},{"type":"A","date":"2018-04-18T07:51:33.000Z","volume":10000,"label":" ","price":10.36},{"type":"A","date":"2018-04-18T07:52:05.000Z","volume":6000,"label":" ","price":10.36},{"type":"A","date":"2018-04-18T07:52:05.000Z","volume":51000,"label":" ","price":10.36},{"type":"A","date":"2018-04-18T07:52:15.000Z","volume":5000,"label":" ","price":10.36},{"type":"A","date":"2018-04-18T07:52:25.000Z","volume":3000,"label":" ","price":10.38},{"type":"A","date":"2018-04-18T07:52:51.000Z","volume":7000,"label":" ","price":10.38},{"type":"A","date":"2018-04-18T07:53:39.000Z","volume":11000,"label":" ","price":10.38},{"type":"A","date":"2018-04-18T07:53:39.000Z","volume":23000,"label":" ","price":10.38},{"type":"B","date":"2018-04-18T07:53:51.000Z","volume":6000,"label":" ","price":10.36},{"type":"B","date":"2018-04-18T07:54:04.000Z","volume":48000,"label":" ","price":10.36},{"type":"B","date":"2018-04-18T07:54:04.000Z","volume":2000,"label":" ","price":10.36},{"type":"B","date":"2018-04-18T07:54:04.000Z","volume":2000,"label":"Y","price":10.36},{"type":"B","date":"2018-04-18T07:54:36.000Z","volume":5000,"label":" ","price":10.34},{"type":"A","date":"2018-04-18T07:54:36.000Z","volume":5000,"label":" ","price":10.36},{"type":"B","date":"2018-04-18T07:54:48.000Z","volume":3000,"label":" ","price":10.34},{"type":"A","date":"2018-04-18T07:55:02.000Z","volume":32000,"label":" ","price":10.38},{"type":"B","date":"2018-04-18T07:55:03.000Z","volume":1000,"label":"Y","price":10.36},{"type":"B","date":"2018-04-18T07:55:03.000Z","volume":1000,"label":"Y","price":10.34},{"type":"A","date":"2018-04-18T07:55:03.000Z","volume":5000,"label":"Y","price":10.38},{"type":"A","date":"2018-04-18T07:55:03.000Z","volume":4000,"label":" ","price":10.4},{"type":"B","date":"2018-04-18T07:55:10.000Z","volume":1000,"label":" ","price":10.34},{"type":"A","date":"2018-04-18T07:55:26.000Z","volume":11000,"label":" ","price":10.36},{"type":"A","date":"2018-04-18T07:55:29.000Z","volume":2000,"label":" ","price":10.36},{"type":"A","date":"2018-04-18T07:55:29.000Z","volume":2000,"label":"Y","price":10.38},{"type":"A","date":"2018-04-18T07:55:29.000Z","volume":2000,"label":" ","price":10.4},{"type":"A","date":"2018-04-18T07:56:01.000Z","volume":7000,"label":" ","price":10.4},{"type":"A","date":"2018-04-18T07:56:01.000Z","volume":6000,"label":" ","price":10.4},{"type":"B","date":"2018-04-18T07:56:31.000Z","volume":15000,"label":" ","price":10.38},{"type":"A","date":"2018-04-18T07:56:31.000Z","volume":7000,"label":" ","price":10.4},{"type":"A","date":"2018-04-18T07:56:31.000Z","volume":3000,"label":"Y","price":10.4},{"type":"A","date":"2018-04-18T07:56:31.000Z","volume":9000,"label":" ","price":10.4},{"type":"B","date":"2018-04-18T07:56:41.000Z","volume":2000,"label":" ","price":10.38},{"type":"A","date":"2018-04-18T07:57:10.000Z","volume":5000,"label":" ","price":10.4},{"type":"A","date":"2018-04-18T07:57:10.000Z","volume":1000,"label":"Y","price":10.4},{"type":"A","date":"2018-04-18T07:57:10.000Z","volume":23000,"label":" ","price":10.4},{"type":"A","date":"2018-04-18T07:57:15.000Z","volume":10000,"label":" ","price":10.4},{"type":"A","date":"2018-04-18T07:57:15.000Z","volume":5000,"label":" ","price":10.4},{"type":"B","date":"2018-04-18T07:57:17.000Z","volume":4000,"label":" ","price":10.4},{"type":"A","date":"2018-04-18T07:57:19.000Z","volume":2000,"label":" ","price":10.4},{"type":"B","date":"2018-04-18T07:57:19.000Z","volume":6000,"label":" ","price":10.4},{"type":"A","date":"2018-04-18T07:57:21.000Z","volume":2000,"label":" ","price":10.42},{"type":"B","date":"2018-04-18T07:57:26.000Z","volume":5000,"label":" ","price":10.4},{"type":"B","date":"2018-04-18T07:57:33.000Z","volume":6000,"label":" ","price":10.4},{"type":"B","date":"2018-04-18T07:57:46.000Z","volume":2000,"label":"Y","price":10.4},{"type":"B","date":"2018-04-18T07:57:58.000Z","volume":8000,"label":"Y","price":10.4},{"type":"B","date":"2018-04-18T07:57:58.000Z","volume":6000,"label":" ","price":10.4},{"type":"A","date":"2018-04-18T07:57:58.000Z","volume":3000,"label":" ","price":10.4},{"type":"U","date":"2018-04-18T07:57:59.000Z","volume":5000,"label":" ","price":10.38},{"type":"A","date":"2018-04-18T07:58:09.000Z","volume":10000,"label":" ","price":10.4},{"type":"A","date":"2018-04-18T07:58:44.000Z","volume":2000,"label":" ","price":10.38},{"type":"A","date":"2018-04-18T07:58:44.000Z","volume":8000,"label":" ","price":10.4},{"type":"B","date":"2018-04-18T07:58:53.000Z","volume":5000,"label":" ","price":10.38},{"type":"B","date":"2018-04-18T07:58:57.000Z","volume":5000,"label":" ","price":10.38},{"type":"B","date":"2018-04-18T07:58:57.000Z","volume":14000,"label":" ","price":10.36},{"type":"B","date":"2018-04-18T07:58:57.000Z","volume":30000,"label":" ","price":10.34},{"type":"A","date":"2018-04-18T07:59:01.000Z","volume":2000,"label":" ","price":10.34},{"type":"A","date":"2018-04-18T07:59:02.000Z","volume":1000,"label":" ","price":10.34},{"type":"A","date":"2018-04-18T07:59:08.000Z","volume":1000,"label":" ","price":10.34},{"type":"A","date":"2018-04-18T07:59:15.000Z","volume":1000,"label":" ","price":10.34},{"type":"A","date":"2018-04-18T07:59:22.000Z","volume":2000,"label":" ","price":10.34},{"type":"B","date":"2018-04-18T07:59:30.000Z","volume":1000,"label":" ","price":10.3}