[{"type":"B","date":"2018-05-02T01:30:06.000Z","volume":1000,"label":" ","price":3.86},{"type":"B","date":"2018-05-02T01:30:12.000Z","volume":1000,"label":" ","price":3.89},{"type":"B","date":"2018-05-02T01:30:12.000Z","volume":1000,"label":" ","price":3.89},{"type":"B","date":"2018-05-02T01:30:14.000Z","volume":1000,"label":" ","price":3.86},{"type":"B","date":"2018-05-02T01:31:20.000Z","volume":1000,"label":" ","price":3.86},{"type":"B","date":"2018-05-02T01:32:28.000Z","volume":1000,"label":" ","price":3.85},{"type":"B","date":"2018-05-02T01:32:28.000Z","volume":1000,"label":" ","price":3.85},{"type":"B","date":"2018-05-02T01:35:28.000Z","volume":3000,"label":" ","price":3.84},{"type":"B","date":"2018-05-02T01:35:30.000Z","volume":2000,"label":" ","price":3.83},{"type":"B","date":"2018-05-02T01:35:30.000Z","volume":1000,"label":" ","price":3.82},{"type":"B","date":"2018-05-02T01:35:30.000Z","volume":45000,"label":" ","price":3.8},{"type":"B","date":"2018-05-02T01:35:30.000Z","volume":6000,"label":" ","price":3.8},{"type":"A","date":"2018-05-02T01:38:53.000Z","volume":2000,"label":" ","price":3.8},{"type":"A","date":"2018-05-02T01:39:25.000Z","volume":2000,"label":" ","price":3.8},{"type":"A","date":"2018-05-02T01:39:57.000Z","volume":1000,"label":" ","price":3.8},{"type":"A","date":"2018-05-02T01:40:04.000Z","volume":3000,"label":" ","price":3.8},{"type":"A","date":"2018-05-02T01:40:05.000Z","volume":7000,"label":" ","price":3.8},{"type":"B","date":"2018-05-02T01:42:16.000Z","volume":1000,"label":" ","price":3.8},{"type":"B","date":"2018-05-02T01:47:12.000Z","volume":1000,"label":" ","price":3.8},{"type":"A","date":"2018-05-02T01:48:48.000Z","volume":6000,"label":" ","price":3.82},{"type":"A","date":"2018-05-02T01:48:48.000Z","volume":1000,"label":" ","price":3.84},{"type":"A","date":"2018-05-02T01:48:48.000Z","volume":5000,"label":" ","price":3.85},{"type":"B","date":"2018-05-02T01:48:49.000Z","volume":4000,"label":" ","price":3.81},{"type":"B","date":"2018-05-02T01:48:49.000Z","volume":1000,"label":" ","price":3.81},{"type":"A","date":"2018-05-02T01:48:49.000Z","volume":2000,"label":" ","price":3.83},{"type":"A","date":"2018-05-02T01:48:49.000Z","volume":1000,"label":" ","price":3.85},{"type":"U","date":"2018-05-02T01:48:49.000Z","volume":5000,"label":" ","price":3.85},{"type":"U","date":"2018-05-02T01:48:49.000Z","volume":1000,"label":" ","price":3.85},{"type":"U","date":"2018-05-02T01:48:49.000Z","volume":5000,"label":" ","price":3.85},{"type":"U","date":"2018-05-02T01:48:49.000Z","volume":5000,"label":" ","price":3.85},{"type":"U","date":"2018-05-02T01:48:50.000Z","volume":5000,"label":" ","price":3.85},{"type":"U","date":"2018-05-02T01:48:50.000Z","volume":5000,"label":" ","price":3.85},{"type":"U","date":"2018-05-02T01:48:50.000Z","volume":5000,"label":" ","price":3.85},{"type":"U","date":"2018-05-02T01:48:50.000Z","volume":5000,"label":" ","price":3.85},{"type":"U","date":"2018-05-02T01:48:50.000Z","volume":5000,"label":" ","price":3.85},{"type":"U","date":"2018-05-02T01:48:50.000Z","volume":5000,"label":" ","price":3.85},{"type":"U","date":"2018-05-02T01:48:50.000Z","volume":5000,"label":" ","price":3.85},{"type":"U","date":"2018-05-02T01:48:50.000Z","volume":5000,"label":" ","price":3.85},{"type":"U","date":"2018-05-02T01:48:50.000Z","volume":5000,"label":" ","price":3.85},{"type":"U","date":"2018-05-02T01:48:50.000Z","volume":5000,"label":" ","price":3.85},{"type":"B","date":"2018-05-02T01:48:50.000Z","volume":5000,"label":" ","price":3.85},{"type":"U","date":"2018-05-02T01:48:50.000Z","volume":5000,"label":" ","price":3.85},{"type":"U","date":"2018-05-02T01:48:50.000Z","volume":5000,"label":" ","price":3.85},{"type":"A","date":"2018-05-02T01:49:12.000Z","volume":3000,"label":" ","price":3.83},{"type":"A","date":"2018-05-02T01:49:12.000Z","volume":5000,"label":" ","price":3.85},{"type":"U","date":"2018-05-02T01:49:14.000Z","volume":2000,"label":" ","price":3.85},{"type":"U","date":"2018-05-02T01:49:14.000Z","volume":5000,"label":" ","price":3.84},{"type":"U","date":"2018-05-02T01:49:14.000Z","volume":5000,"label":" ","price":3.85},{"type":"U","date":"2018-05-02T01:49:14.000Z","volume":5000,"label":" ","price":3.85},{"type":"A","date":"2018-05-02T01:49:14.000Z","volume":2000,"label":" ","price":3.85},{"type":"U","date":"2018-05-02T01:49:14.000Z","volume":5000,"label":" ","price":3.84},{"type":"U","date":"2018-05-02T01:49:14.000Z","volume":5000,"label":" ","price":3.85},{"type":"U","date":"2018-05-02T01:49:14.000Z","volume":5000,"label":" ","price":3.84},{"type":"A","date":"2018-05-02T01:49:14.000Z","volume":2000,"label":" ","price":3.85},{"type":"B","date":"2018-05-02T01:49:15.000Z","volume":4000,"label":" ","price":3.84},{"type":"B","date":"2018-05-02T01:49:15.000Z","volume":1000,"label":" ","price":3.84},{"type":"A","date":"2018-05-02T01:49:15.000Z","volume":2000,"label":" ","price":3.85},{"type":"B","date":"2018-05-02T01:49:15.000Z","volume":5000,"label":" ","price":3.84},{"type":"A","date":"2018-05-02T01:49:15.000Z","volume":2000,"label":" ","price":3.85},{"type":"U","date":"2018-05-02T01:49:15.000Z","volume":5000,"label":" ","price":3.85},{"type":"U","date":"2018-05-02T01:49:15.000Z","volume":4000,"label":" ","price":3.85},{"type":"B","date":"2018-05-02T01:49:15.000Z","volume":1000,"label":" ","price":3.85},{"type":"B","date":"2018-05-02T01:49:23.000Z","volume":4000,"label":" ","price":3.85},{"type":"A","date":"2018-05-02T01:49:23.000Z","volume":1000,"label":" ","price":3.85},{"type":"B","date":"2018-05-02T01:49:23.000Z","volume":4000,"label":" ","price":3.84},{"type":"B","date":"2018-05-02T01:49:31.000Z","volume":5000,"label":" ","price":3.84},{"type":"B","date":"2018-05-02T01:49:39.000Z","volume":5000,"label":" ","price":3.85},{"type":"B","date":"2018-05-02T01:49:54.000Z","volume":1000,"label":" ","price":3.84},{"type":"B","date":"2018-05-02T01:49:54.000Z","volume":22000,"label":" ","price":3.81},{"type":"B","date":"2018-05-02T02:04:48.000Z","volume":45000,"label":" ","price":3.8},{"type":"B","date":"2018-05-02T02:05:01.000Z","volume":45000,"label":" ","price":3.8},{"type":"B","date":"2018-05-02T02:05:19.000Z","volume":35000,"label":" ","price":3.8},{"type":"B","date":"2018-05-02T02:05:45.000Z","volume":36000,"label":" ","price":3.8},{"type":"B","date":"2018-05-02T02:05:55.000Z","volume":35000,"label":" ","price":3.8},{"type":"A","date":"2018-05-02T02:10:00.000Z","volume":2000,"label":" ","price":3.83},{"type":"A","date":"2018-05-02T02:10:00.000Z","volume":1000,"label":" ","price":3.84},{"type":"A","date":"2018-05-02T02:10:00.000Z","volume":6000,"label":" ","price":3.85},{"type":"A","date":"2018-05-02T02:10:00.000Z","volume":93000,"label":" ","price":3.86},{"type":"A","date":"2018-05-02T02:10:00.000Z","volume":15000,"label":" ","price":3.87},{"type":"A","date":"2018-05-02T02:10:00.000Z","volume":20000,"label":" ","price":3.88},{"type":"B","date":"2018-05-02T02:10:01.000Z","volume":2000,"label":" ","price":3.88},{"type":"B","date":"2018-05-02T02:10:51.000Z","volume":5000,"label":" ","price":3.85},{"type":"B","date":"2018-05-02T02:10:55.000Z","volume":3000,"label":" ","price":3.85},{"type":"B","date":"2018-05-02T02:11:11.000Z","volume":1000,"label":" ","price":3.85},{"type":"B","date":"2018-05-02T02:12:11.000Z","volume":1000,"label":" ","price":3.85},{"type":"B","date":"2018-05-02T02:13:11.000Z","volume":1000,"label":" ","price":3.85},{"type":"A","date":"2018-05-02T02:15:11.000Z","volume":1000,"label":" ","price":3.86},{"type":"B","date":"2018-05-02T02:16:51.000Z","volume":1000,"label":" ","price":3.85},{"type":"B","date":"2018-05-02T02:17:10.000Z","volume":4000,"label":" ","price":3.85},{"type":"B","date":"2018-05-02T02:17:10.000Z","volume":22000,"label":" ","price":3.82},{"type":"A","date":"2018-05-02T02:17:10.000Z","volume":1000,"label":" ","price":3.85},{"type":"B","date":"2018-05-02T02:17:11.000Z","volume":5000,"label":" ","price":3.84},{"type":"B","date":"2018-05-02T02:17:35.000Z","volume":5000,"label":" ","price":3.85},{"type":"A","date":"2018-05-02T02:17:35.000Z","volume":1000,"label":" ","price":3.85},{"type":"B","date":"2018-05-02T02:20:30.000Z","volume":1000,"label":" ","price":3.85},{"type":"B","date":"2018-05-02T02:20:35.000Z","volume":1000,"label":" ","price":3.85},{"type":"B","date":"2018-05-02T02:21:11.000Z","volume":1000,"label":" ","price":3.85},{"type":"A","date":"2018-05-02T02:21:37.000Z","volume":2000,"label":" ","price":3.86},{"type":"A","date":"2018-05-02T02:22:01.000Z","volume":4000,"label":" ","price":3.86},{"type":"A","date":"2018-05-02T02:22:01.000Z","volume":1000,"label":" ","price":3.86},{"type":"B","date":"2018-05-02T02:22:02.000Z","volume":4000,"label":" ","price":3.85},{"type":"B","date":"2018-05-02T02:24:51.000Z","volume":1000,"label":" ","price":3.85},{"type":"B","date":"2018-05-02T02:26:53.000Z","volume":4000,"label":" ","price":3.85},{"type":"A","date":"2018-05-02T02:26:53.000Z","volume":21000,"label":" ","price":3.85},{"type":"A","date":"2018-05-02T02:26:55.000Z","volume":2000,"label":" ","price":3.85},{"type":"A","date":"2018-05-02T02:26:57.000Z","volume":2000,"label":" ","price":3.85},{"type":"B","date":"2018-05-02T02:27:08.000Z","volume":3000,"label":" ","price":3.84},{"type":"A","date":"2018-05-02T02:27:36.000Z","volume":2000,"label":" ","price":3.86},{"type":"A","date":"2018-05-02T02:29:36.000Z","volume":4000,"label":" ","price":3.86},{"type":"A","date":"2018-05-02T02:29:36.000Z","volume":3000,"label":" ","price":3.87},{"type":"A","date":"2018-05-02T02:29:36.000Z","volume":11000,"label":" ","price":3.88},{"type":"A","date":"2018-05-02T02:29:36.000Z","volume":2000,"label":" ","price":3.89},{"type":"A","date":"2018-05-02T02:29:36.000Z","volume":6000,"label":" ","price":3.9},{"type":"A","date":"2018-05-02T02:29:36.000Z","volume":1000,"label":" ","price":3.9},{"type":"A","date":"2018-05-02T02:29:36.000Z","volume":3000,"label":" ","price":3.9},{"type":"A","date":"2018-05-02T02:29:42.000Z","volume":1000,"label":" ","price":3.9},{"type":"B","date":"2018-05-02T02:30:05.000Z","volume":1000,"label":" ","price":3.9},{"type":"B","date":"2018-05-02T02:30:25.000Z","volume":1000,"label":" ","price":3.9},{"type":"A","date":"2018-05-02T02:35:14.000Z","volume":2000,"label":" ","price":3.88},{"type":"B","date":"2018-05-02T02:36:39.000Z","volume":4000,"label":" ","price":3.85},{"type":"B","date":"2018-05-02T02:36:41.000Z","volume":4000,"label":" ","price":3.85},{"type":"B","date":"2018-05-02T02:40:11.000Z","volume":1000,"label":" ","price":3.85},{"type":"A","date":"2018-05-02T02:40:30.000Z","volume":2000,"label":" ","price":3.86},{"type":"B","date":"2018-05-02T02:43:31.000Z","volume":1000,"label":" ","price":3.85},{"type":"A","date":"2018-05-02T02:43:42.000Z","volume":2000,"label":" ","price":3.86},{"type":"B","date":"2018-05-02T02:44:31.000Z","volume":1000,"label":" ","price":3.85},{"type":"B","date":"2018-05-02T02:46:10.000Z","volume":1000,"label":" ","price":3.85},{"type":"B","date":"2018-05-02T02:46:11.000Z","volume":1000,"label":" ","price":3.85},{"type":"B","date":"2018-05-02T02:47:51.000Z","volume":1000,"label":" ","price":3.85},{"type":"B","date":"2018-05-02T02:49:51.000Z","volume":1000,"label":" ","price":3.85},{"type":"B","date":"2018-05-02T02:51:11.000Z","volume":1000,"label":" ","price":3.85},{"type":"B","date":"2018-05-02T02:52:10.000Z","volume":1000,"label":" ","price":3.85},{"type":"B","date":"2018-05-02T02:52:31.000Z","volume":1000,"label":" ","price":3.85},{"type":"B","date":"2018-05-02T02:54:11.000Z","volume":1000,"label":" ","price":3.85},{"type":"A","date":"2018-05-02T02:54:46.000Z","volume":7000,"label":" ","price":3.86},{"type":"A","date":"2018-05-02T02:54:46.000Z","volume":4000,"label":" ","price":3.87},{"type":"A","date":"2018-05-02T02:54:46.000Z","volume":45000,"label":" ","price":3.91},{"type":"B","date":"2018-05-02T02:54:46.000Z","volume":4000,"label":" ","price":3.91},{"type":"A","date":"2018-05-02T02:57:10.000Z","volume":6000,"label":" ","price":3.88},{"type":"A","date":"2018-05-02T02:57:10.000Z","volume":1000,"label":" ","price":3.89},{"type":"A","date":"2018-05-02T02:57:10.000Z","volume":6000,"label":" ","price":3.91},{"type":"A","date":"2018-05-02T02:57:10.000Z","volume":30000,"label":" ","price":3.92},{"type":"B","date":"2018-05-02T02:57:10.000Z","volume":7000,"label":" ","price":3.92},{"type":"B","date":"2018-05-02T03:02:51.000Z","volume":1000,"label":" ","price":3.89},{"type":"B","date":"2018-05-02T03:03:11.000Z","volume":1000,"label":" ","price":3.89},{"type":"B","date":"2018-05-02T03:05:51.000Z","volume":1000,"label":"Y","price":3.86},{"type":"B","date":"2018-05-02T03:06:05.000Z","volume":1000,"label":" ","price":3.86},{"type":"B","date":"2018-05-02T03:06:05.000Z","volume":20000,"label":" ","price":3.85},{"type":"B","date":"2018-05-02T03:08:11.000Z","volume":1000,"label":" ","price":3.85},{"type":"B","date":"2018-05-02T03:09:26.000Z","volume":1000,"label":" ","price":3.85},{"type":"B","date":"2018-05-02T03:10:05.000Z","volume":3000,"label":" ","price":3.85},{"type":"B","date":"2018-05-02T03:10:56.000Z","volume":1000,"label":" ","price":3.85},{"type":"B","date":"2018-05-02T03:13:47.000Z","volume":1000,"label":" ","price":3.85},{"type":"B","date":"2018-05-02T03:15:30.000Z","volume":1000,"label":" ","price":3.85},{"type":"B","date":"2018-05-02T03:16:28.000Z","volume":1000,"label":" ","price":3.85},{"type":"B","date":"2018-05-02T03:17:16.000Z","volume":1000,"label":" ","price":3.85},{"type":"B","date":"2018-05-02T03:18:07.000Z","volume":1000,"label":" ","price":3.85},{"type":"B","date":"2018-05-02T03:18:59.000Z","volume":1000,"label":" ","price":3.85},{"type":"B","date":"2018-05-02T03:19:05.000Z","volume":1000,"label":" ","price":3.85},{"type":"B","date":"2018-05-02T03:19:48.000Z","volume":1000,"label":" ","price":3.85},{"type":"B","date":"2018-05-02T03:21:01.000Z","volume":1000,"label":" ","price":3.85},{"type":"B","date":"2018-05-02T03:22:22.000Z","volume":1000,"label":" ","price":3.85},{"type":"B","date":"2018-05-02T03:22:22.000Z","volume":3000,"label":" ","price":3.85},{"type":"B","date":"2018-05-02T03:22:22.000Z","volume":48000,"label":" ","price":3.84},{"type":"U","date":"2018-05-02T03:22:22.000Z","volume":3000,"label":" ","price":3.85},{"type":"B","date":"2018-05-02T03:25:05.000Z","volume":2000,"label":" ","price":3.85},{"type":"B","date":"2018-05-02T03:26:30.000Z","volume":1000,"label":" ","price":3.85},{"type":"B","date":"2018-05-02T03:27:14.000Z","volume":1000,"label":" ","price":3.85},{"type":"A","date":"2018-05-02T03:27:50.000Z","volume":5000,"label":" ","price":3.86},{"type":"A","date":"2018-05-02T03:28:08.000Z","volume":2000,"label":" ","price":3.86},{"type":"B","date":"2018-05-02T03:28:10.000Z","volume":4000,"label":" ","price":3.85},{"type":"B","date":"2018-05-02T03:32:10.000Z","volume":2000,"label":" ","price":3.86},{"type":"B","date":"2018-05-02T03:33:25.000Z","volume":1000,"label":" ","price":3.86},{"type":"B","date":"2018-05-02T03:35:16.000Z","volume":1000,"label":" ","price":3.86},{"type":"B","date":"2018-05-02T03:36:24.000Z","volume":1000,"label":" ","price":3.86},{"type":"B","date":"2018-05-02T03:37:05.000Z","volume":2000,"label":" ","price":3.86},{"type":"B","date":"2018-05-02T03:37:32.000Z","volume":1000,"label":" ","price":3.86},{"type":"B","date":"2018-05-02T03:38:38.000Z","volume":1000,"label":" ","price":3.86},{"type":"B","date":"2018-05-02T03:39:46.000Z","volume":1000,"label":" ","price":3.86},{"type":"B","date":"2018-05-02T03:41:48.000Z","volume":1000,"label":" ","price":3.86},{"type":"B","date":"2018-05-02T03:42:20.000Z","volume":2000,"label":" ","price":3.86},{"type":"B","date":"2018-05-02T03:43:37.000Z","volume":1000,"label":" ","price":3.86},{"type":"B","date":"2018-05-02T03:45:29.000Z","volume":1000,"label":" ","price":3.86},{"type":"B","date":"2018-05-02T03:47:36.000Z","volume":1000,"label":" ","price":3.86},{"type":"B","date":"2018-05-02T03:49:00.000Z","volume":2000,"label":" ","price":3.86},{"type":"B","date":"2018-05-02T03:49:41.000Z","volume":1000,"label":" ","price":3.86},{"type":"B","date":"2018-05-02T03:51:17.000Z","volume":1000,"label":" ","price":3.86},{"type":"B","date":"2018-05-02T03:52:57.000Z","volume":1000,"label":" ","price":3.86},{"type":"B","date":"2018-05-02T03:55:00.000Z","volume":2000,"label":" ","price":3.86},{"type":"A","date":"2018-05-02T03:55:01.000Z","volume":1000,"label":"Y","price":3.87},{"type":"A","date":"2018-05-02T03:55:01.000Z","volume":18000,"label":" ","price":3.87},{"type":"B","date":"2018-05-02T03:55:01.000Z","volume":1000,"label":" ","price":3.86},{"type":"B","date":"2018-05-02T03:55:09.000Z","volume":3000,"label":" ","price":3.86},{"type":"B","date":"2018-05-02T03:55:09.000Z","volume":1000,"label":" ","price":3.86},{"type":"B","date":"2018-05-02T03:55:11.000Z","volume":4000,"label":" ","price":3.86},{"type":"B","date":"2018-05-02T03:55:17.000Z","volume":3000,"label":" ","price":3.86},{"type":"B","date":"2018-05-02T03:55:25.000Z","volume":4000,"label":" ","price":3.86},{"type":"B","date":"2018-05-02T03:55:27.000Z","volume":4000,"label":" ","price":3.86},{"type":"B","date":"2018-05-02T03:55:32.000Z","volume":4000,"label":" ","price":3.86},{"type":"B","date":"2018-05-02T03:55:38.000Z","volume":3000,"label":" ","price":3.86},{"type":"B","date":"2018-05-02T03:55:55.000Z","volume":4000,"label":" ","price":3.86},{"type":"B","date":"2018-05-02T03:56:10.000Z","volume":3000,"label":" ","price":3.86},{"type":"B","date":"2018-05-02T03:56:18.000Z","volume":3000,"label":" ","price":3.86},{"type":"B","date":"2018-05-02T03:56:20.000Z","volume":3000,"label":" ","price":3.86},{"type":"B","date":"2018-05-02T03:56:30.000Z","volume":4000,"label":" ","price":3.86},{"type":"B","date":"2018-05-02T03:56:32.000Z","volume":3000,"label":" ","price":3.86},{"type":"B","date":"2018-05-02T03:56:41.000Z","volume":4000,"label":" ","price":3.86},{"type":"B","date":"2018-05-02T03:56:56.000Z","volume":3000,"label":" ","price":3.86},{"type":"B","date":"2018-05-02T03:57:01.000Z","volume":4000,"label":" ","price":3.86},{"type":"B","date":"2018-05-02T03:57:04.000Z","volume":4000,"label":" ","price":3.86},{"type":"B","date":"2018-05-02T03:57:06.000Z","volume":4000,"label":" ","price":3.86},{"type":"B","date":"2018-05-02T03:57:10.000Z","volume":3000,"label":" ","price":3.86},{"type":"B","date":"2018-05-02T03:57:18.000Z","volume":3000,"label":" ","price":3.86},{"type":"B","date":"2018-05-02T03:57:20.000Z","volume":4000,"label":" ","price":3.86},{"type":"B","date":"2018-05-02T03:57:22.000Z","volume":4000,"label":" ","price":3.86},{"type":"B","date":"2018-05-02T03:57:24.000Z","volume":4000,"label":" ","price":3.86},{"type":"B","date":"2018-05-02T03:57:28.000Z","volume":4000,"label":" ","price":3.86},{"type":"B","date":"2018-05-02T03:57:30.000Z","volume":3000,"label":" ","price":3.86},{"type":"B","date":"2018-05-02T03:57:32.000Z","volume":4000,"label":" ","price":3.86},{"type":"B","date":"2018-05-02T03:57:46.000Z","volume":3000,"label":" ","price":3.86},{"type":"B","date":"2018-05-02T03:57:52.000Z","volume":4000,"label":" ","price":3.86},{"type":"A","date":"2018-05-02T05:00:25.000Z","volume":1000,"label":" ","price":3.87},{"type":"A","date":"2018-05-02T05:00:25.000Z","volume":3000,"label":" ","price":3.87},{"type":"B","date":"2018-05-02T05:02:23.000Z","volume":2000,"label":" ","price":3.86},{"type":"B","date":"2018-05-02T05:02:23.000Z","volume":106000,"label":" ","price":3.85},{"type":"A","date":"2018-05-02T05:02:26.000Z","volume":2000,"label":" ","price":3.85},{"type":"B","date":"2018-05-02T05:03:24.000Z","volume":1000,"label":" ","price":3.85},{"type":"B","date":"2018-05-02T05:04:04.000Z","volume":1000,"label":" ","price":3.85},{"type":"A","date":"2018-05-02T05:04:05.000Z","volume":2000,"label":" ","price":3.85},{"type":"B","date":"2018-05-02T05:04:05.000Z","volume":7000,"label":" ","price":3.84},{"type":"A","date":"2018-05-02T05:06:33.000Z","volume":6000,"label":" ","price":3.85},{"type":"B","date":"2018-05-02T05:06:34.000Z","volume":5000,"label":" ","price":3.84},{"type":"A","date":"2018-05-02T05:09:04.000Z","volume":2000,"label":" ","price":3.85},{"type":"A","date":"2018-05-02T05:09:04.000Z","volume":1000,"label":" ","price":3.85},{"type":"A","date":"2018-05-02T05:13:00.000Z","volume":2000,"label":" ","price":3.85},{"type":"B","date":"2018-05-02T05:13:00.000Z","volume":2000,"label":" ","price":3.84},{"type":"A","date":"2018-05-02T05:13:00.000Z","volume":3000,"label":" ","price":3.85},{"type":"A","date":"2018-05-02T05:14:01.000Z","volume":5000,"label":" ","price":3.86},{"type":"A","date":"2018-05-02T05:15:15.000Z","volume":2000,"label":" ","price":3.87},{"type":"A","date":"2018-05-02T05:15:15.000Z","volume":99000,"label":" ","price":3.88},{"type":"A","date":"2018-05-02T05:15:16.000Z","volume":1000,"label":" ","price":3.9},{"type":"U","date":"2018-05-02T05:16:04.000Z","volume":3000,"label":" ","price":3.9},{"type":"A","date":"2018-05-02T05:16:04.000Z","volume":2000,"label":" ","price":3.9},{"type":"A","date":"2018-05-02T05:17:24.000Z","volume":2000,"label":" ","price":3.9},{"type":"A","date":"2018-05-02T05:17:24.000Z","volume":1000,"label":" ","price":3.9},{"type":"A","date":"2018-05-02T05:17:24.000Z","volume":3000,"label":" ","price":3.9},{"type":"U","date":"2018-05-02T05:21:24.000Z","volume":3000,"label":" ","price":3.89},{"type":"A","date":"2018-05-02T05:21:24.000Z","volume":4000,"label":" ","price":3.9},{"type":"A","date":"2018-05-02T05:23:29.000Z","volume":20000,"label":" ","price":3.9},{"type":"A","date":"2018-05-02T05:23:30.000Z","volume":4000,"label":" ","price":3.9},{"type":"B","date":"2018-05-02T05:25:44.000Z","volume":6000,"label":" ","price":3.89},{"type":"A","date":"2018-05-02T05:25:44.000Z","volume":2000,"label":" ","price":3.9},{"type":"A","date":"2018-05-02T05:25:44.000Z","volume":1000,"label":" ","price":3.9},{"type":"A","date":"2018-05-02T05:27:04.000Z","volume":1000,"label":" ","price":3.9},{"type":"U","date":"2018-05-02T05:28:24.000Z","volume":2000,"label":" ","price":3.9},{"type":"B","date":"2018-05-02T05:29:24.000Z","volume":5000,"label":" ","price":3.89},{"type":"A","date":"2018-05-02T05:29:24.000Z","volume":2000,"label":" ","price":3.9},{"type":"A","date":"2018-05-02T05:30:44.000Z","volume":1000,"label":" ","price":3.9},{"type":"A","date":"2018-05-02T05:32:04.000Z","volume":1000,"label":" ","price":3.9},{"type":"A","date":"2018-05-02T05:34:00.000Z","volume":2000,"label":" ","price":3.9},{"type":"A","date":"2018-05-02T05:34:00.000Z","volume":1000,"label":" ","price":3.9},{"type":"B","date":"2018-05-02T05:34:12.000Z","volume":5000,"label":" ","price":3.89},{"type":"A","date":"2018-05-02T05:34:12.000Z","volume":2000,"label":" ","price":3.9},{"type":"B","date":"2018-05-02T05:36:08.000Z","volume":3000,"label":" ","price":3.89},{"type":"B","date":"2018-05-02T05:36:44.000Z","volume":2000,"label":" ","price":3.9},{"type":"B","date":"2018-05-02T05:36:55.000Z","volume":2000,"label":" ","price":3.9},{"type":"B","date":"2018-05-02T05:40:44.000Z","volume":1000,"label":" ","price":3.9},{"type":"B","date":"2018-05-02T05:42:09.000Z","volume":18000,"label":" ","price":3.9},{"type":"A","date":"2018-05-02T05:42:09.000Z","volume":4000,"label":" ","price":3.9},{"type":"B","date":"2018-05-02T05:42:09.000Z","volume":4000,"label":" ","price":3.89},{"type":"A","date":"2018-05-02T05:42:09.000Z","volume":3000,"label":" ","price":3.9},{"type":"B","date":"2018-05-02T05:42:09.000Z","volume":9000,"label":" ","price":3.89},{"type":"A","date":"2018-05-02T05:43:13.000Z","volume":1000,"label":" ","price":3.91},{"type":"B","date":"2018-05-02T05:43:13.000Z","volume":10000,"label":" ","price":3.9},{"type":"B","date":"2018-05-02T05:43:21.000Z","volume":10000,"label":" ","price":3.9},{"type":"B","date":"2018-05-02T05:43:23.000Z","volume":9000,"label":" ","price":3.9},{"type":"B","date":"2018-05-02T05:43:34.000Z","volume":10000,"label":" ","price":3.9},{"type":"B","date":"2018-05-02T05:45:04.000Z","volume":14000,"label":" ","price":3.9},{"type":"B","date":"2018-05-02T05:45:06.000Z","volume":14000,"label":" ","price":3.9},{"type":"B","date":"2018-05-02T05:45:12.000Z","volume":14000,"label":" ","price":3.9},{"type":"B","date":"2018-05-02T05:45:21.000Z","volume":14000,"label":" ","price":3.9},{"type":"B","date":"2018-05-02T05:45:36.000Z","volume":14000,"label":" ","price":3.9},{"type":"B","date":"2018-05-02T05:45:41.000Z","volume":12000,"label":" ","price":3.9},{"type":"B","date":"2018-05-02T05:46:10.000Z","volume":12000,"label":" ","price":3.9},{"type":"B","date":"2018-05-02T05:46:22.000Z","volume":14000,"label":" ","price":3.9},{"type":"B","date":"2018-05-02T05:46:31.000Z","volume":14000,"label":" ","price":3.9},{"type":"B","date":"2018-05-02T05:46:36.000Z","volume":14000,"label":" ","price":3.9},{"type":"B","date":"2018-05-02T05:46:36.000Z","volume":1000,"label":" ","price":3.9},{"type":"B","date":"2018-05-02T05:46:38.000Z","volume":14000,"label":" ","price":3.9},{"type":"B","date":"2018-05-02T05:46:40.000Z","volume":14000,"label":" ","price":3.9},{"type":"B","date":"2018-05-02T05:46:40.000Z","volume":1000,"label":" ","price":3.9},{"type":"B","date":"2018-05-02T05:46:54.000Z","volume":14000,"label":" ","price":3.9},{"type":"B","date":"2018-05-02T05:46:56.000Z","volume":14000,"label":" ","price":3.9},{"type":"B","date":"2018-05-02T05:47:02.000Z","volume":14000,"label":" ","price":3.9},{"type":"B","date":"2018-05-02T05:47:04.000Z","volume":14000,"label":" ","price":3.9},{"type":"B","date":"2018-05-02T05:47:06.000Z","volume":14000,"label":" ","price":3.9},{"type":"B","date":"2018-05-02T05:47:08.000Z","volume":14000,"label":" ","price":3.9},{"type":"B","date":"2018-05-02T05:47:18.000Z","volume":14000,"label":" ","price":3.9},{"type":"B","date":"2018-05-02T05:47:28.000Z","volume":14000,"label":" ","price":3.9},{"type":"B","date":"2018-05-02T05:47:30.000Z","volume":16000,"label":" ","price":3.9},{"type":"B","date":"2018-05-02T05:47:45.000Z","volume":15000,"label":" ","price":3.9},{"type":"B","date":"2018-05-02T05:47:47.000Z","volume":1000,"label":" ","price":3.9},{"type":"B","date":"2018-05-02T05:47:47.000Z","volume":13000,"label":" ","price":3.9},{"type":"B","date":"2018-05-02T05:47:56.000Z","volume":14000,"label":" ","price":3.9},{"type":"B","date":"2018-05-02T05:47:59.000Z","volume":14000,"label":" ","price":3.9},{"type":"B","date":"2018-05-02T05:48:11.000Z","volume":14000,"label":" ","price":3.9},{"type":"B","date":"2018-05-02T05:48:29.000Z","volume":14000,"label":" ","price":3.9},{"type":"B","date":"2018-05-02T05:48:36.000Z","volume":14000,"label":" ","price":3.9},{"type":"B","date":"2018-05-02T05:48:53.000Z","volume":14000,"label":" ","price":3.9},{"type":"B","date":"2018-05-02T05:48:55.000Z","volume":14000,"label":" ","price":3.9},{"type":"B","date":"2018-05-02T05:48:57.000Z","volume":14000,"label":" ","price":3.9},{"type":"B","date":"2018-05-02T05:48:59.000Z","volume":14000,"label":" ","price":3.9},{"type":"B","date":"2018-05-02T05:49:01.000Z","volume":14000,"label":" ","price":3.9},{"type":"B","date":"2018-05-02T05:49:03.000Z","volume":14000,"label":" ","price":3.9},{"type":"B","date":"2018-05-02T05:49:05.000Z","volume":14000,"label":" ","price":3.9},{"type":"B","date":"2018-05-02T05:49:17.000Z","volume":14000,"label":" ","price":3.9},{"type":"B","date":"2018-05-02T05:49:31.000Z","volume":14000,"label":" ","price":3.9},{"type":"B","date":"2018-05-02T05:49:33.000Z","volume":14000,"label":" ","price":3.9},{"type":"B","date":"2018-05-02T05:49:50.000Z","volume":14000,"label":" ","price":3.9},{"type":"B","date":"2018-05-02T05:49:59.000Z","volume":14000,"label":" ","price":3.9},{"type":"B","date":"2018-05-02T05:50:09.000Z","volume":14000,"label":" ","price":3.9},{"type":"B","date":"2018-05-02T05:50:11.000Z","volume":1000,"label":" ","price":3.9},{"type":"B","date":"2018-05-02T05:50:11.000Z","volume":13000,"label":" ","price":3.9},{"type":"B","date":"2018-05-02T05:50:15.000Z","volume":14000,"label":" ","price":3.9},{"type":"B","date":"2018-05-02T05:50:18.000Z","volume":14000,"label":" ","price":3.9},{"type":"B","date":"2018-05-02T05:50:20.000Z","volume":14000,"label":" ","price":3.9},{"type":"B","date":"2018-05-02T05:50:22.000Z","volume":14000,"label":" ","price":3.9},{"type":"B","date":"2018-05-02T05:50:26.000Z","volume":13000,"label":" ","price":3.9},{"type":"B","date":"2018-05-02T05:50:28.000Z","volume":9000,"label":" ","price":3.9},{"type":"B","date":"2018-05-02T05:50:30.000Z","volume":9000,"label":" ","price":3.9},{"type":"B","date":"2018-05-02T05:50:32.000Z","volume":9000,"label":" ","price":3.9},{"type":"B","date":"2018-05-02T05:50:37.000Z","volume":9000,"label":" ","price":3.9},{"type":"B","date":"2018-05-02T05:50:42.000Z","volume":9000,"label":" ","price":3.9},{"type":"B","date":"2018-05-02T05:50:51.000Z","volume":9000,"label":" ","price":3.9},{"type":"B","date":"2018-05-02T05:51:03.000Z","volume":9000,"label":" ","price":3.9},{"type":"B","date":"2018-05-02T05:51:05.000Z","volume":9000,"label":" ","price":3.9},{"type":"B","date":"2018-05-02T05:51:05.000Z","volume":1000,"label":" ","price":3.9},{"type":"B","date":"2018-05-02T05:51:05.000Z","volume":2000,"label":" ","price":3.9},{"type":"A","date":"2018-05-02T05:51:05.000Z","volume":3000,"label":" ","price":3.9},{"type":"A","date":"2018-05-02T05:51:05.000Z","volume":1000,"label":" ","price":3.9},{"type":"B","date":"2018-05-02T05:53:31.000Z","volume":7000,"label":" ","price":3.89},{"type":"B","date":"2018-05-02T05:53:36.000Z","volume":10000,"label":" ","price":3.9},{"type":"B","date":"2018-05-02T05:53:36.000Z","volume":1000,"label":" ","price":3.9},{"type":"B","date":"2018-05-02T05:53:44.000Z","volume":9000,"label":" ","price":3.9},{"type":"B","date":"2018-05-02T05:53:53.000Z","volume":9000,"label":" ","price":3.9},{"type":"B","date":"2018-05-02T05:53:55.000Z","volume":4000,"label":" ","price":3.9},{"type":"B","date":"2018-05-02T05:54:15.000Z","volume":1000,"label":" ","price":3.9},{"type":"B","date":"2018-05-02T06:03:33.000Z","volume":3000,"label":" ","price":3.87},{"type":"B","date":"2018-05-02T06:03:33.000Z","volume":2000,"label":" ","price":3.86},{"type":"B","date":"2018-05-02T06:03:33.000Z","volume":1000,"label":" ","price":3.85},{"type":"A","date":"2018-05-02T06:03:33.000Z","volume":1000,"label":" ","price":3.85},{"type":"A","date":"2018-05-02T06:03:33.000Z","volume":13000,"label":" ","price":3.85},{"type":"A","date":"2018-05-02T06:03:52.000Z","volume":8000,"label":" ","price":3.88},{"type":"A","date":"2018-05-02T06:04:37.000Z","volume":10000,"label":" ","price":3.88},{"type":"A","date":"2018-05-02T06:11:07.000Z","volume":1000,"label":"Y","price":3.86},{"type":"A","date":"2018-05-02T06:11:07.000Z","volume":5000,"label":" ","price":3.86},{"type":"B","date":"2018-05-02T06:11:07.000Z","volume":1000,"label":"Y","price":3.86},{"type":"B","date":"2018-05-02T06:11:07.000Z","volume":1000,"label":"Y","price":3.86},{"type":"B","date":"2018-05-02T06:11:19.000Z","volume":1000,"label":" ","price":3.86},{"type":"A","date":"2018-05-02T06:14:28.000Z","volume":3000,"label":" ","price":3.85},{"type":"A","date":"2018-05-02T06:15:56.000Z","volume":4000,"label":" ","price":3.86},{"type":"B","date":"2018-05-02T06:15:56.000Z","volume":7000,"label":" ","price":3.86},{"type":"B","date":"2018-05-02T06:16:05.000Z","volume":1000,"label":" ","price":3.86},{"type":"A","date":"2018-05-02T06:26:29.000Z","volume":5000,"label":" ","price":3.85},{"type":"A","date":"2018-05-02T06:26:46.000Z","volume":1000,"label":" ","price":3.85},{"type":"B","date":"2018-05-02T06:31:50.000Z","volume":14000,"label":" ","price":3.85},{"type":"B","date":"2018-05-02T06:31:50.000Z","volume":4000,"label":" ","price":3.85},{"type":"A","date":"2018-05-02T06:34:02.000Z","volume":18000,"label":" ","price":3.85},{"type":"B","date":"2018-05-02T06:34:24.000Z","volume":2000,"label":" ","price":3.85},{"type":"B","date":"2018-05-02T06:35:16.000Z","volume":50000,"label":" ","price":3.84},{"type":"A","date":"2018-05-02T06:37:45.000Z","volume":1000,"label":" ","price":3.85},{"type":"A","date":"2018-05-02T06:45:21.000Z","volume":7000,"label":" ","price":3.85},{"type":"B","date":"2018-05-02T06:45:22.000Z","volume":1000,"label":" ","price":3.85},{"type":"B","date":"2018-05-02T06:48:10.000Z","volume":1000,"label":" ","price":3.85},{"type":"B","date":"2018-05-02T06:52:35.000Z","volume":3000,"label":" ","price":3.84},{"type":"A","date":"2018-05-02T06:53:41.000Z","volume":5000,"label":" ","price":3.85},{"type":"A","date":"2018-05-02T07:00:52.000Z","volume":5000,"label":" ","price":3.85},{"type":"B","date":"2018-05-02T07:02:44.000Z","volume":1000,"label":" ","price":3.85},{"type":"B","date":"2018-05-02T07:05:58.000Z","volume":10000,"label":" ","price":3.85},{"type":"B","date":"2018-05-02T07:08:16.000Z","volume":35000,"label":" ","price":3.84},{"type":"A","date":"2018-05-02T07:10:53.000Z","volume":1000,"label":" ","price":3.85},{"type":"B","date":"2018-05-02T07:11:30.000Z","volume":20000,"label":" ","price":3.84},{"type":"A","date":"2018-05-02T07:20:59.000Z","volume":21000,"label":" ","price":3.85},{"type":"A","date":"2018-05-02T07:20:59.000Z","volume":12000,"label":" ","price":3.85},{"type":"B","date":"2018-05-02T07:28:25.000Z","volume":1000,"label":" ","price":3.85},{"type":"B","date":"2018-05-02T07:30:25.000Z","volume":2000,"label":" ","price":3.85},{"type":"A","date":"2018-05-02T07:30:45.000Z","volume":35000,"label":" ","price":3.86},{"type":"B","date":"2018-05-02T07:30:45.000Z","volume":1000,"label":" ","price":3.86},{"type":"A","date":"2018-05-02T07:34:42.000Z","volume":9000,"label":" ","price":3.87},{"type":"A","date":"2018-05-02T07:35:06.000Z","volume":6000,"label":" ","price":3.87},{"type":"A","date":"2018-05-02T07:35:06.000Z","volume":2000,"label":" ","price":3.88},{"type":"B","date":"2018-05-02T07:43:14.000Z","volume":1000,"label":" ","price":3.87},{"type":"B","date":"2018-05-02T07:45:05.000Z","volume":1000,"label":" ","price":3.87},{"type":"B","date":"2018-05-02T07:46:36.000Z","volume":5000,"label":" ","price":3.86},{"type":"B","date":"2018-05-02T07:50:23.000Z","volume":1000,"label":" ","price":3.86},{"type":"A","date":"2018-05-02T07:50:26.000Z","volume":2000,"label":"Y","price":3.86},{"type":"A","date":"2018-05-02T07:50:26.000Z","volume":9000,"label":" ","price":3.86},{"type":"B","date":"2018-05-02T07:50:27.000Z","volume":3000,"label":"Y","price":3.86},{"type":"B","date":"2018-05-02T07:51:44.000Z","volume":49000,"label":" ","price":3.86},{"type":"B","date":"2018-05-02T07:51:45.000Z","volume":1000,"label":" ","price":3.86},{"type":"A","date":"2018-05-02T07:51:55.000Z","volume":7000,"label":" ","price":3.86},{"type":"A","date":"2018-05-02T07:52:54.000Z","volume":1000,"label":" ","price":3.86},{"type":"B","date":"2018-05-02T07:53:31.000Z","volume":17000,"label":" ","price":3.85},{"type":"A","date":"2018-05-02T07:53:31.000Z","volume":3000,"label":" ","price":3.85},{"type":"B","date":"2018-05-02T07:57:09.000Z","volume":13000,"label":" ","price":3.85},{"type":"A","date":"2018-05-02T07:57:37.000Z","volume":9000,"label":" ","price":3.85},{"type":"A","date":"2018-05-02T07:58:16.000Z","volume":2000,"label":"Y","price":3.85},{"type":"A","date":"2018-05-02T07:58:33.000Z","volume":2000,"label":"Y","price":3.85},{"type":"A","date":"2018-05-02T07:58:33.000Z","volume":7000,"label":" ","price":3.85},{"type":"B","date":"2018-05-02T07:58:55.000Z","volume":1000,"label":" ","price":3.85},{"type":"A","date":"2018-05-02T07:58:58.000Z","volume":2000,"label":" ","price":3.86},{"type":"A","date":"2018-05-02T07:59:00.000Z","volume":1000,"label":" ","price":3.88},{"type":"A","date":"2018-05-02T07:59:15.000Z","volume":1000,"label":" ","price":3.88},{"type":"A","date":"2018-05-02T07:59:15.000Z","volume":1000,"label":" ","price":3.89},{"type":"B","date":"2018-05-02T07:59:20.000Z","volume":11000,"label":" ","price":3.86},{"type":"A","date":"2018-05-02T07:59:24.000Z","volume":1000,"label":" ","price":3.88},{"type":"A","date":"2018-05-02T07:59:30.000Z","volume":1000,"label":" ","price":3.88},{"type":"A","date":"2018-05-02T07:59:45.000Z","volume":3000,"label":" ","price":3.88}]