[{"type":"A","date":"2018-03-19T02:03:35.000Z","volume":500000,"price":0.15,"category":"ubbull"},{"type":"A","date":"2018-03-19T03:57:41.000Z","volume":260000,"price":0.146,"category":"bbull"},{"type":"A","date":"2018-03-19T03:53:56.000Z","volume":280000,"price":0.146,"category":"bbull"},{"type":"A","date":"2018-03-19T02:09:22.000Z","volume":300000,"price":0.152,"category":"bbull"},{"type":"A","date":"2018-03-19T02:08:03.000Z","volume":300000,"price":0.151,"category":"bbull"},{"type":"A","date":"2018-03-19T07:58:44.000Z","volume":20000,"price":0.147,"category":"rbull"},{"type":"A","date":"2018-03-19T07:57:35.000Z","volume":20000,"price":0.147,"category":"rbull"},{"type":"A","date":"2018-03-19T07:42:12.000Z","volume":20000,"price":0.147,"category":"rbull"},{"type":"A","date":"2018-03-19T07:09:27.000Z","volume":20000,"price":0.146,"category":"rbull"},{"type":"A","date":"2018-03-19T03:00:16.000Z","volume":20000,"price":0.15,"category":"rbull"},{"type":"A","date":"2018-03-19T02:06:56.000Z","volume":20000,"price":0.15,"category":"rbull"},{"type":"A","date":"2018-03-19T01:54:43.000Z","volume":20000,"price":0.15,"category":"rbull"},{"type":"B","date":"2018-03-19T07:58:41.000Z","volume":20000,"price":0.146,"category":"rbear"},{"type":"B","date":"2018-03-19T07:42:12.000Z","volume":20000,"price":0.147,"category":"rbear"},{"type":"B","date":"2018-03-19T07:04:18.000Z","volume":40000,"price":0.146,"category":"rbear"},{"type":"B","date":"2018-03-19T05:35:06.000Z","volume":20000,"price":0.146,"category":"rbear"},{"type":"B","date":"2018-03-19T05:28:35.000Z","volume":40000,"price":0.146,"category":"rbear"},{"type":"B","date":"2018-03-19T05:12:59.000Z","volume":40000,"price":0.146,"category":"rbear"},{"type":"B","date":"2018-03-19T03:14:05.000Z","volume":20000,"price":0.149,"category":"rbear"},{"type":"B","date":"2018-03-19T02:43:42.000Z","volume":20000,"price":0.151,"category":"rbear"},{"type":"B","date":"2018-03-19T02:34:39.000Z","volume":40000,"price":0.151,"category":"rbear"},{"type":"B","date":"2018-03-19T02:17:05.000Z","volume":40000,"price":0.151,"category":"rbear"},{"type":"B","date":"2018-03-19T01:36:12.000Z","volume":20000,"price":0.145,"category":"rbear"},{"type":"B","date":"2018-03-19T07:02:52.000Z","volume":320000,"price":0.146,"category":"bbear"},{"type":"B","date":"2018-03-19T06:33:37.000Z","volume":360000,"price":0.147,"category":"bbear"},{"type":"B","date":"2018-03-19T03:53:47.000Z","volume":300000,"price":0.146,"category":"bbear"},{"type":"B","date":"2018-03-19T03:14:38.000Z","volume":300000,"price":0.149,"category":"bbear"},{"type":"B","date":"2018-03-19T02:10:46.000Z","volume":400000,"price":0.151,"category":"bbear"},{"type":"B","date":"2018-03-19T07:53:53.000Z","volume":1000000,"price":0.145,"category":"ubbear"},{"type":"B","date":"2018-03-19T07:53:43.000Z","volume":500000,"price":0.145,"category":"ubbear"},{"type":"B","date":"2018-03-19T07:08:42.000Z","volume":2380000,"price":0.146,"category":"ubbear"},{"type":"B","date":"2018-03-19T03:53:32.000Z","volume":560000,"price":0.147,"category":"ubbear"},{"type":"B","date":"2018-03-19T02:10:10.000Z","volume":1320000,"price":0.151,"category":"ubbear"}]