[{"type":"U","date":"2018-03-19T01:20:00.000Z","volume":16000,"label":"U","price":0.6},{"type":"A","date":"2018-03-19T01:30:01.000Z","volume":328000,"label":" ","price":0.6},{"type":"A","date":"2018-03-19T01:30:12.000Z","volume":32000,"label":" ","price":0.61},{"type":"A","date":"2018-03-19T01:30:59.000Z","volume":216000,"label":" ","price":0.61},{"type":"A","date":"2018-03-19T01:32:02.000Z","volume":800000,"label":" ","price":0.62},{"type":"A","date":"2018-03-19T01:32:02.000Z","volume":8000,"label":" ","price":0.62},{"type":"A","date":"2018-03-19T01:32:10.000Z","volume":400000,"label":" ","price":0.63},{"type":"A","date":"2018-03-19T01:32:11.000Z","volume":56000,"label":" ","price":0.63},{"type":"A","date":"2018-03-19T01:32:23.000Z","volume":8000,"label":" ","price":0.63},{"type":"B","date":"2018-03-19T01:32:24.000Z","volume":88000,"label":" ","price":0.62},{"type":"B","date":"2018-03-19T01:32:24.000Z","volume":96000,"label":" ","price":0.61},{"type":"A","date":"2018-03-19T01:32:24.000Z","volume":200000,"label":" ","price":0.64},{"type":"B","date":"2018-03-19T01:33:53.000Z","volume":8000,"label":" ","price":0.63},{"type":"B","date":"2018-03-19T01:34:09.000Z","volume":8000,"label":" ","price":0.63},{"type":"B","date":"2018-03-19T01:34:13.000Z","volume":400000,"label":" ","price":0.62},{"type":"A","date":"2018-03-19T01:36:44.000Z","volume":248000,"label":" ","price":0.62},{"type":"B","date":"2018-03-19T01:37:02.000Z","volume":200000,"label":" ","price":0.62},{"type":"A","date":"2018-03-19T01:37:42.000Z","volume":24000,"label":" ","price":0.63},{"type":"A","date":"2018-03-19T01:39:49.000Z","volume":824000,"label":" ","price":0.63},{"type":"B","date":"2018-03-19T01:39:56.000Z","volume":40000,"label":" ","price":0.63},{"type":"A","date":"2018-03-19T01:40:29.000Z","volume":48000,"label":" ","price":0.64},{"type":"A","date":"2018-03-19T01:40:30.000Z","volume":48000,"label":" ","price":0.64},{"type":"B","date":"2018-03-19T01:40:59.000Z","volume":496000,"label":" ","price":0.63},{"type":"A","date":"2018-03-19T01:41:19.000Z","volume":48000,"label":" ","price":0.63},{"type":"A","date":"2018-03-19T01:41:56.000Z","volume":200000,"label":" ","price":0.63},{"type":"A","date":"2018-03-19T01:42:16.000Z","volume":120000,"label":" ","price":0.63},{"type":"A","date":"2018-03-19T01:43:51.000Z","volume":120000,"label":" ","price":0.63},{"type":"A","date":"2018-03-19T01:43:56.000Z","volume":16000,"label":" ","price":0.63},{"type":"A","date":"2018-03-19T01:44:38.000Z","volume":40000,"label":" ","price":0.64},{"type":"A","date":"2018-03-19T01:44:54.000Z","volume":400000,"label":" ","price":0.64},{"type":"B","date":"2018-03-19T01:46:13.000Z","volume":16000,"label":" ","price":0.63},{"type":"B","date":"2018-03-19T01:46:21.000Z","volume":32000,"label":" ","price":0.63},{"type":"B","date":"2018-03-19T01:50:54.000Z","volume":200000,"label":" ","price":0.62},{"type":"B","date":"2018-03-19T01:52:41.000Z","volume":16000,"label":" ","price":0.61},{"type":"B","date":"2018-03-19T01:57:27.000Z","volume":200000,"label":" ","price":0.61},{"type":"A","date":"2018-03-19T02:02:48.000Z","volume":8000,"label":"Y","price":0.62},{"type":"A","date":"2018-03-19T02:02:48.000Z","volume":560000,"label":" ","price":0.62},{"type":"B","date":"2018-03-19T02:04:40.000Z","volume":8000,"label":" ","price":0.62},{"type":"B","date":"2018-03-19T02:15:49.000Z","volume":96000,"label":" ","price":0.62},{"type":"A","date":"2018-03-19T02:19:16.000Z","volume":200000,"label":" ","price":0.62},{"type":"A","date":"2018-03-19T02:23:52.000Z","volume":240000,"label":" ","price":0.62},{"type":"A","date":"2018-03-19T02:24:25.000Z","volume":96000,"label":" ","price":0.62},{"type":"A","date":"2018-03-19T02:30:14.000Z","volume":104000,"label":" ","price":0.62},{"type":"A","date":"2018-03-19T02:30:38.000Z","volume":112000,"label":" ","price":0.62},{"type":"B","date":"2018-03-19T02:34:10.000Z","volume":208000,"label":" ","price":0.62},{"type":"B","date":"2018-03-19T02:41:03.000Z","volume":96000,"label":" ","price":0.61},{"type":"B","date":"2018-03-19T02:42:39.000Z","volume":16000,"label":" ","price":0.61},{"type":"B","date":"2018-03-19T02:42:51.000Z","volume":8000,"label":" ","price":0.61},{"type":"B","date":"2018-03-19T02:43:13.000Z","volume":16000,"label":" ","price":0.61},{"type":"A","date":"2018-03-19T02:43:38.000Z","volume":40000,"label":" ","price":0.61},{"type":"B","date":"2018-03-19T02:44:42.000Z","volume":8000,"label":" ","price":0.6},{"type":"A","date":"2018-03-19T02:47:40.000Z","volume":40000,"label":" ","price":0.61},{"type":"A","date":"2018-03-19T03:06:59.000Z","volume":832000,"label":" ","price":0.62},{"type":"A","date":"2018-03-19T03:15:28.000Z","volume":568000,"label":" ","price":0.62},{"type":"A","date":"2018-03-19T03:17:54.000Z","volume":24000,"label":" ","price":0.63},{"type":"B","date":"2018-03-19T03:35:43.000Z","volume":272000,"label":" ","price":0.62},{"type":"B","date":"2018-03-19T03:36:12.000Z","volume":8000,"label":" ","price":0.61},{"type":"A","date":"2018-03-19T05:04:28.000Z","volume":16000,"label":" ","price":0.62},{"type":"A","date":"2018-03-19T05:12:51.000Z","volume":88000,"label":" ","price":0.62},{"type":"A","date":"2018-03-19T05:25:47.000Z","volume":48000,"label":" ","price":0.62},{"type":"A","date":"2018-03-19T05:29:04.000Z","volume":112000,"label":" ","price":0.62},{"type":"A","date":"2018-03-19T05:30:06.000Z","volume":120000,"label":" ","price":0.62},{"type":"A","date":"2018-03-19T05:54:49.000Z","volume":72000,"label":" ","price":0.62},{"type":"A","date":"2018-03-19T05:56:15.000Z","volume":8000,"label":" ","price":0.62},{"type":"A","date":"2018-03-19T07:26:11.000Z","volume":80000,"label":" ","price":0.62},{"type":"B","date":"2018-03-19T07:33:43.000Z","volume":200000,"label":" ","price":0.61},{"type":"B","date":"2018-03-19T07:33:52.000Z","volume":40000,"label":" ","price":0.61},{"type":"B","date":"2018-03-19T07:33:52.000Z","volume":8000,"label":" ","price":0.61},{"type":"B","date":"2018-03-19T07:34:58.000Z","volume":16000,"label":" ","price":0.61},{"type":"B","date":"2018-03-19T07:35:39.000Z","volume":8000,"label":" ","price":0.6},{"type":"B","date":"2018-03-19T07:55:36.000Z","volume":96000,"label":" ","price":0.6},{"type":"B","date":"2018-03-19T07:57:57.000Z","volume":96000,"label":" ","price":0.6},{"type":"A","date":"2018-03-19T07:58:07.000Z","volume":56000,"label":" ","price":0.61},{"type":"B","date":"2018-03-19T07:58:51.000Z","volume":8000,"label":" ","price":0.6},{"type":"A","date":"2018-03-19T07:59:26.000Z","volume":176000,"label":" ","price":0.61},{"type":"A","date":"2018-03-19T07:59:49.000Z","volume":8000,"label":" ","price":0.61}]