[{"type":"U","date":"2018-04-06T01:20:00.000Z","volume":15000,"label":"U","price":12.1},{"type":"A","date":"2018-04-06T01:31:25.000Z","volume":6000,"label":" ","price":12.1},{"type":"A","date":"2018-04-06T01:31:25.000Z","volume":3000,"label":" ","price":12.12},{"type":"A","date":"2018-04-06T01:31:26.000Z","volume":2000,"label":" ","price":12.12},{"type":"A","date":"2018-04-06T01:36:27.000Z","volume":1000,"label":" ","price":12.5},{"type":"A","date":"2018-04-06T01:37:22.000Z","volume":1000,"label":" ","price":12.5},{"type":"A","date":"2018-04-06T01:37:23.000Z","volume":1000,"label":" ","price":12.5},{"type":"A","date":"2018-04-06T01:37:36.000Z","volume":7000,"label":" ","price":12.5},{"type":"A","date":"2018-04-06T01:37:36.000Z","volume":4000,"label":"Y","price":12.5},{"type":"A","date":"2018-04-06T01:37:36.000Z","volume":5000,"label":"Y","price":12.5},{"type":"A","date":"2018-04-06T01:37:36.000Z","volume":1000,"label":" ","price":12.5},{"type":"B","date":"2018-04-06T01:41:35.000Z","volume":1000,"label":" ","price":12.68},{"type":"A","date":"2018-04-06T01:42:05.000Z","volume":3000,"label":" ","price":12.88},{"type":"A","date":"2018-04-06T01:42:07.000Z","volume":2000,"label":" ","price":12.88},{"type":"B","date":"2018-04-06T01:42:16.000Z","volume":2000,"label":" ","price":12.7},{"type":"A","date":"2018-04-06T01:46:25.000Z","volume":1000,"label":" ","price":12.84},{"type":"B","date":"2018-04-06T01:47:50.000Z","volume":3000,"label":" ","price":12.72},{"type":"B","date":"2018-04-06T01:48:02.000Z","volume":20000,"label":" ","price":12.72},{"type":"A","date":"2018-04-06T01:48:02.000Z","volume":1000,"label":" ","price":12.84},{"type":"A","date":"2018-04-06T01:48:04.000Z","volume":2000,"label":" ","price":12.84},{"type":"A","date":"2018-04-06T01:48:23.000Z","volume":6000,"label":" ","price":12.82},{"type":"A","date":"2018-04-06T01:48:32.000Z","volume":2000,"label":" ","price":12.82},{"type":"A","date":"2018-04-06T01:48:47.000Z","volume":1000,"label":" ","price":12.84},{"type":"A","date":"2018-04-06T01:48:47.000Z","volume":1000,"label":" ","price":12.84},{"type":"A","date":"2018-04-06T01:48:47.000Z","volume":1000,"label":" ","price":12.84},{"type":"A","date":"2018-04-06T01:48:47.000Z","volume":1000,"label":" ","price":12.86},{"type":"B","date":"2018-04-06T01:49:34.000Z","volume":11000,"label":" ","price":12.86},{"type":"B","date":"2018-04-06T01:49:34.000Z","volume":7000,"label":" ","price":12.84},{"type":"B","date":"2018-04-06T01:49:57.000Z","volume":3000,"label":" ","price":12.8},{"type":"B","date":"2018-04-06T01:50:58.000Z","volume":4000,"label":" ","price":12.7},{"type":"B","date":"2018-04-06T01:51:54.000Z","volume":2000,"label":" ","price":12.66},{"type":"B","date":"2018-04-06T01:51:54.000Z","volume":5000,"label":" ","price":12.64},{"type":"B","date":"2018-04-06T01:52:19.000Z","volume":2000,"label":" ","price":12.62},{"type":"B","date":"2018-04-06T01:52:58.000Z","volume":4000,"label":" ","price":12.62},{"type":"U","date":"2018-04-06T01:53:17.000Z","volume":1000,"label":" ","price":12.62},{"type":"A","date":"2018-04-06T01:53:56.000Z","volume":5000,"label":" ","price":12.64},{"type":"A","date":"2018-04-06T01:53:58.000Z","volume":3000,"label":" ","price":12.64},{"type":"A","date":"2018-04-06T01:53:58.000Z","volume":1000,"label":" ","price":12.7},{"type":"B","date":"2018-04-06T01:55:01.000Z","volume":4000,"label":" ","price":12.64},{"type":"A","date":"2018-04-06T01:56:47.000Z","volume":1000,"label":" ","price":12.64},{"type":"B","date":"2018-04-06T01:57:05.000Z","volume":3000,"label":" ","price":12.6},{"type":"B","date":"2018-04-06T01:57:05.000Z","volume":6000,"label":" ","price":12.6},{"type":"B","date":"2018-04-06T01:57:05.000Z","volume":1000,"label":" ","price":12.6},{"type":"A","date":"2018-04-06T01:57:05.000Z","volume":1000,"label":" ","price":12.64},{"type":"A","date":"2018-04-06T01:58:44.000Z","volume":10000,"label":" ","price":12.64},{"type":"B","date":"2018-04-06T01:58:46.000Z","volume":5000,"label":" ","price":12.6},{"type":"A","date":"2018-04-06T01:59:17.000Z","volume":1000,"label":" ","price":12.64},{"type":"B","date":"2018-04-06T01:59:17.000Z","volume":3000,"label":" ","price":12.62},{"type":"B","date":"2018-04-06T01:59:24.000Z","volume":3000,"label":" ","price":12.6},{"type":"B","date":"2018-04-06T01:59:24.000Z","volume":2000,"label":" ","price":12.6},{"type":"A","date":"2018-04-06T01:59:26.000Z","volume":1000,"label":" ","price":12.62},{"type":"A","date":"2018-04-06T01:59:26.000Z","volume":3000,"label":" ","price":12.62},{"type":"B","date":"2018-04-06T01:59:56.000Z","volume":5000,"label":" ","price":12.62},{"type":"A","date":"2018-04-06T02:01:42.000Z","volume":7000,"label":" ","price":12.66},{"type":"A","date":"2018-04-06T02:01:42.000Z","volume":1000,"label":" ","price":12.7},{"type":"B","date":"2018-04-06T02:01:49.000Z","volume":5000,"label":" ","price":12.64},{"type":"B","date":"2018-04-06T02:01:53.000Z","volume":5000,"label":" ","price":12.64},{"type":"B","date":"2018-04-06T02:01:58.000Z","volume":2000,"label":" ","price":12.64},{"type":"A","date":"2018-04-06T02:01:59.000Z","volume":8000,"label":" ","price":12.64},{"type":"B","date":"2018-04-06T02:02:11.000Z","volume":5000,"label":" ","price":12.62},{"type":"B","date":"2018-04-06T02:03:42.000Z","volume":3000,"label":" ","price":12.62},{"type":"A","date":"2018-04-06T02:03:42.000Z","volume":1000,"label":" ","price":12.62},{"type":"A","date":"2018-04-06T02:03:43.000Z","volume":1000,"label":" ","price":12.62},{"type":"B","date":"2018-04-06T02:03:49.000Z","volume":5000,"label":" ","price":12.6},{"type":"B","date":"2018-04-06T02:03:54.000Z","volume":3000,"label":" ","price":12.64},{"type":"B","date":"2018-04-06T02:03:54.000Z","volume":2000,"label":" ","price":12.6},{"type":"B","date":"2018-04-06T02:05:18.000Z","volume":5000,"label":" ","price":12.6},{"type":"B","date":"2018-04-06T02:07:05.000Z","volume":5000,"label":" ","price":12.6},{"type":"B","date":"2018-04-06T02:07:07.000Z","volume":5000,"label":" ","price":12.6},{"type":"B","date":"2018-04-06T02:07:20.000Z","volume":5000,"label":" ","price":12.6},{"type":"B","date":"2018-04-06T02:07:20.000Z","volume":4000,"label":" ","price":12.6},{"type":"B","date":"2018-04-06T02:07:27.000Z","volume":5000,"label":" ","price":12.58},{"type":"A","date":"2018-04-06T02:08:05.000Z","volume":6000,"label":" ","price":12.62},{"type":"A","date":"2018-04-06T02:08:05.000Z","volume":1000,"label":" ","price":12.64},{"type":"A","date":"2018-04-06T02:08:06.000Z","volume":1000,"label":" ","price":12.64},{"type":"A","date":"2018-04-06T02:09:28.000Z","volume":5000,"label":" ","price":12.66},{"type":"A","date":"2018-04-06T02:09:28.000Z","volume":4000,"label":" ","price":12.68},{"type":"B","date":"2018-04-06T02:09:28.000Z","volume":1000,"label":" ","price":12.66},{"type":"A","date":"2018-04-06T02:09:29.000Z","volume":2000,"label":" ","price":12.7},{"type":"A","date":"2018-04-06T02:09:30.000Z","volume":2000,"label":" ","price":12.7},{"type":"A","date":"2018-04-06T02:12:40.000Z","volume":2000,"label":" ","price":12.7},{"type":"A","date":"2018-04-06T02:12:40.000Z","volume":14000,"label":" ","price":12.7},{"type":"A","date":"2018-04-06T02:13:02.000Z","volume":1000,"label":" ","price":12.78},{"type":"B","date":"2018-04-06T02:13:02.000Z","volume":1000,"label":" ","price":12.78},{"type":"B","date":"2018-04-06T02:13:02.000Z","volume":1000,"label":" ","price":12.78},{"type":"A","date":"2018-04-06T02:14:16.000Z","volume":2000,"label":" ","price":12.8},{"type":"B","date":"2018-04-06T02:14:54.000Z","volume":10000,"label":" ","price":12.68},{"type":"B","date":"2018-04-06T02:16:21.000Z","volume":7000,"label":" ","price":12.7},{"type":"A","date":"2018-04-06T02:16:21.000Z","volume":2000,"label":" ","price":12.8},{"type":"B","date":"2018-04-06T02:18:33.000Z","volume":8000,"label":" ","price":12.68},{"type":"B","date":"2018-04-06T02:20:37.000Z","volume":7000,"label":" ","price":12.66},{"type":"B","date":"2018-04-06T02:21:43.000Z","volume":2000,"label":" ","price":12.66},{"type":"B","date":"2018-04-06T02:21:59.000Z","volume":5000,"label":" ","price":12.66},{"type":"A","date":"2018-04-06T02:21:59.000Z","volume":1000,"label":" ","price":12.78},{"type":"B","date":"2018-04-06T02:24:56.000Z","volume":10000,"label":" ","price":12.68},{"type":"A","date":"2018-04-06T02:28:14.000Z","volume":1000,"label":" ","price":12.76},{"type":"B","date":"2018-04-06T02:34:41.000Z","volume":7000,"label":" ","price":12.68},{"type":"A","date":"2018-04-06T02:34:41.000Z","volume":1000,"label":" ","price":12.68},{"type":"A","date":"2018-04-06T02:34:45.000Z","volume":8000,"label":" ","price":12.68},{"type":"A","date":"2018-04-06T02:37:17.000Z","volume":1000,"label":" ","price":12.76},{"type":"A","date":"2018-04-06T02:37:17.000Z","volume":1000,"label":" ","price":12.76},{"type":"A","date":"2018-04-06T02:37:17.000Z","volume":2000,"label":" ","price":12.76},{"type":"A","date":"2018-04-06T02:39:47.000Z","volume":5000,"label":" ","price":12.72},{"type":"A","date":"2018-04-06T02:41:47.000Z","volume":1000,"label":" ","price":12.72},{"type":"A","date":"2018-04-06T02:41:47.000Z","volume":1000,"label":" ","price":12.72},{"type":"A","date":"2018-04-06T02:41:47.000Z","volume":1000,"label":" ","price":12.72},{"type":"A","date":"2018-04-06T02:41:47.000Z","volume":1000,"label":" ","price":12.72},{"type":"B","date":"2018-04-06T02:42:14.000Z","volume":12000,"label":" ","price":12.7},{"type":"A","date":"2018-04-06T02:42:25.000Z","volume":3000,"label":" ","price":12.7},{"type":"A","date":"2018-04-06T02:44:53.000Z","volume":2000,"label":" ","price":12.7},{"type":"B","date":"2018-04-06T02:44:57.000Z","volume":9000,"label":" ","price":12.68},{"type":"A","date":"2018-04-06T02:44:57.000Z","volume":1000,"label":" ","price":12.68},{"type":"B","date":"2018-04-06T02:50:33.000Z","volume":7000,"label":" ","price":12.66},{"type":"B","date":"2018-04-06T03:00:11.000Z","volume":1000,"label":" ","price":12.64},{"type":"A","date":"2018-04-06T03:05:19.000Z","volume":1000,"label":" ","price":12.7},{"type":"A","date":"2018-04-06T03:05:23.000Z","volume":1000,"label":" ","price":12.7},{"type":"A","date":"2018-04-06T03:08:02.000Z","volume":1000,"label":" ","price":12.7},{"type":"A","date":"2018-04-06T03:08:02.000Z","volume":1000,"label":" ","price":12.7},{"type":"A","date":"2018-04-06T03:10:39.000Z","volume":1000,"label":" ","price":12.7},{"type":"B","date":"2018-04-06T03:11:07.000Z","volume":21000,"label":" ","price":12.64},{"type":"B","date":"2018-04-06T03:11:07.000Z","volume":10000,"label":" ","price":12.62},{"type":"B","date":"2018-04-06T03:11:07.000Z","volume":8000,"label":" ","price":12.6},{"type":"B","date":"2018-04-06T03:11:07.000Z","volume":1000,"label":" ","price":12.58},{"type":"B","date":"2018-04-06T03:15:25.000Z","volume":7000,"label":" ","price":12.62},{"type":"B","date":"2018-04-06T03:15:25.000Z","volume":3000,"label":" ","price":12.6},{"type":"A","date":"2018-04-06T03:15:47.000Z","volume":2000,"label":" ","price":12.64},{"type":"A","date":"2018-04-06T03:23:34.000Z","volume":7000,"label":" ","price":12.66},{"type":"A","date":"2018-04-06T03:23:34.000Z","volume":2000,"label":" ","price":12.66},{"type":"A","date":"2018-04-06T03:23:34.000Z","volume":4000,"label":"Y","price":12.66},{"type":"A","date":"2018-04-06T03:23:34.000Z","volume":1000,"label":" ","price":12.66},{"type":"B","date":"2018-04-06T03:23:47.000Z","volume":2000,"label":" ","price":12.68},{"type":"A","date":"2018-04-06T03:27:48.000Z","volume":4000,"label":" ","price":12.7},{"type":"A","date":"2018-04-06T03:29:32.000Z","volume":1000,"label":" ","price":12.7},{"type":"A","date":"2018-04-06T03:29:32.000Z","volume":1000,"label":" ","price":12.7},{"type":"B","date":"2018-04-06T03:30:12.000Z","volume":5000,"label":" ","price":12.68},{"type":"B","date":"2018-04-06T03:30:36.000Z","volume":4000,"label":" ","price":12.68},{"type":"B","date":"2018-04-06T03:32:32.000Z","volume":4000,"label":" ","price":12.68},{"type":"A","date":"2018-04-06T03:32:33.000Z","volume":1000,"label":" ","price":12.68},{"type":"A","date":"2018-04-06T03:38:28.000Z","volume":1000,"label":" ","price":12.68},{"type":"A","date":"2018-04-06T03:38:33.000Z","volume":2000,"label":" ","price":12.68},{"type":"B","date":"2018-04-06T03:39:47.000Z","volume":5000,"label":" ","price":12.68},{"type":"B","date":"2018-04-06T03:39:47.000Z","volume":1000,"label":" ","price":12.68},{"type":"A","date":"2018-04-06T03:47:32.000Z","volume":1000,"label":" ","price":12.66},{"type":"A","date":"2018-04-06T03:47:32.000Z","volume":2000,"label":" ","price":12.66},{"type":"A","date":"2018-04-06T03:47:34.000Z","volume":1000,"label":" ","price":12.66},{"type":"B","date":"2018-04-06T03:48:24.000Z","volume":2000,"label":" ","price":12.64},{"type":"B","date":"2018-04-06T03:54:43.000Z","volume":16000,"label":" ","price":12.64},{"type":"B","date":"2018-04-06T03:54:43.000Z","volume":8000,"label":" ","price":12.62},{"type":"B","date":"2018-04-06T03:54:43.000Z","volume":14000,"label":" ","price":12.6},{"type":"B","date":"2018-04-06T03:54:43.000Z","volume":7000,"label":" ","price":12.58},{"type":"B","date":"2018-04-06T03:54:43.000Z","volume":9000,"label":" ","price":12.56},{"type":"B","date":"2018-04-06T03:54:43.000Z","volume":45000,"label":" ","price":12.54},{"type":"B","date":"2018-04-06T03:54:43.000Z","volume":1000,"label":" ","price":12.54},{"type":"B","date":"2018-04-06T03:54:45.000Z","volume":12000,"label":" ","price":12.64},{"type":"B","date":"2018-04-06T03:54:45.000Z","volume":2000,"label":" ","price":12.64},{"type":"B","date":"2018-04-06T03:54:46.000Z","volume":2000,"label":" ","price":12.66},{"type":"B","date":"2018-04-06T03:57:25.000Z","volume":3000,"label":" ","price":12.64},{"type":"B","date":"2018-04-06T03:59:14.000Z","volume":1000,"label":" ","price":12.62},{"type":"A","date":"2018-04-06T05:00:06.000Z","volume":1000,"label":" ","price":12.66},{"type":"A","date":"2018-04-06T05:00:47.000Z","volume":1000,"label":" ","price":12.66},{"type":"A","date":"2018-04-06T05:00:47.000Z","volume":2000,"label":" ","price":12.66},{"type":"A","date":"2018-04-06T05:02:47.000Z","volume":1000,"label":" ","price":12.66},{"type":"A","date":"2018-04-06T05:02:47.000Z","volume":3000,"label":" ","price":12.66},{"type":"B","date":"2018-04-06T05:03:42.000Z","volume":6000,"label":" ","price":12.66},{"type":"B","date":"2018-04-06T05:03:42.000Z","volume":1000,"label":" ","price":12.64},{"type":"A","date":"2018-04-06T05:04:27.000Z","volume":1000,"label":" ","price":12.64},{"type":"A","date":"2018-04-06T05:07:05.000Z","volume":2000,"label":"Y","price":12.66},{"type":"A","date":"2018-04-06T05:08:17.000Z","volume":2000,"label":" ","price":12.64},{"type":"A","date":"2018-04-06T05:08:18.000Z","volume":1000,"label":" ","price":12.64},{"type":"A","date":"2018-04-06T05:09:01.000Z","volume":1000,"label":" ","price":12.64},{"type":"B","date":"2018-04-06T05:11:11.000Z","volume":1000,"label":" ","price":12.64},{"type":"B","date":"2018-04-06T05:13:32.000Z","volume":6000,"label":" ","price":12.64},{"type":"B","date":"2018-04-06T05:17:51.000Z","volume":3000,"label":" ","price":12.64},{"type":"B","date":"2018-04-06T05:23:52.000Z","volume":1000,"label":" ","price":12.64},{"type":"B","date":"2018-04-06T05:24:47.000Z","volume":9000,"label":" ","price":12.64},{"type":"B","date":"2018-04-06T05:24:47.000Z","volume":8000,"label":" ","price":12.62},{"type":"B","date":"2018-04-06T05:25:14.000Z","volume":11000,"label":" ","price":12.6},{"type":"A","date":"2018-04-06T05:26:36.000Z","volume":1000,"label":" ","price":12.64},{"type":"B","date":"2018-04-06T05:31:44.000Z","volume":7000,"label":" ","price":12.6},{"type":"B","date":"2018-04-06T05:31:51.000Z","volume":2000,"label":" ","price":12.6},{"type":"B","date":"2018-04-06T05:32:51.000Z","volume":7000,"label":" ","price":12.62},{"type":"B","date":"2018-04-06T05:33:05.000Z","volume":1000,"label":" ","price":12.6},{"type":"B","date":"2018-04-06T05:33:05.000Z","volume":10000,"label":" ","price":12.6},{"type":"B","date":"2018-04-06T05:33:05.000Z","volume":1000,"label":" ","price":12.6},{"type":"B","date":"2018-04-06T05:33:05.000Z","volume":3000,"label":" ","price":12.6},{"type":"B","date":"2018-04-06T05:33:06.000Z","volume":3000,"label":" ","price":12.6},{"type":"B","date":"2018-04-06T05:33:19.000Z","volume":8000,"label":" ","price":12.58},{"type":"B","date":"2018-04-06T05:33:20.000Z","volume":6000,"label":" ","price":12.56},{"type":"B","date":"2018-04-06T05:34:05.000Z","volume":1000,"label":" ","price":12.54},{"type":"A","date":"2018-04-06T05:36:32.000Z","volume":1000,"label":" ","price":12.6},{"type":"A","date":"2018-04-06T05:45:17.000Z","volume":1000,"label":" ","price":12.58},{"type":"A","date":"2018-04-06T05:45:32.000Z","volume":23000,"label":" ","price":12.6},{"type":"A","date":"2018-04-06T05:45:32.000Z","volume":2000,"label":" ","price":12.6},{"type":"A","date":"2018-04-06T05:45:32.000Z","volume":3000,"label":" ","price":12.6},{"type":"A","date":"2018-04-06T05:45:33.000Z","volume":3000,"label":" ","price":12.62},{"type":"A","date":"2018-04-06T05:45:47.000Z","volume":1000,"label":" ","price":12.64},{"type":"A","date":"2018-04-06T05:45:47.000Z","volume":1000,"label":" ","price":12.64},{"type":"B","date":"2018-04-06T05:50:41.000Z","volume":20000,"label":" ","price":12.64},{"type":"B","date":"2018-04-06T05:50:47.000Z","volume":7000,"label":" ","price":12.62},{"type":"B","date":"2018-04-06T05:50:57.000Z","volume":1000,"label":" ","price":12.62},{"type":"B","date":"2018-04-06T05:52:47.000Z","volume":10000,"label":" ","price":12.6},{"type":"B","date":"2018-04-06T05:52:47.000Z","volume":9000,"label":" ","price":12.58},{"type":"B","date":"2018-04-06T05:52:47.000Z","volume":4000,"label":" ","price":12.56},{"type":"B","date":"2018-04-06T05:56:02.000Z","volume":5000,"label":" ","price":12.52},{"type":"B","date":"2018-04-06T06:01:51.000Z","volume":2000,"label":" ","price":12.5},{"type":"A","date":"2018-04-06T06:02:21.000Z","volume":1000,"label":" ","price":12.58},{"type":"A","date":"2018-04-06T06:04:02.000Z","volume":1000,"label":" ","price":12.58},{"type":"A","date":"2018-04-06T06:07:02.000Z","volume":1000,"label":" ","price":12.58},{"type":"A","date":"2018-04-06T06:07:02.000Z","volume":1000,"label":" ","price":12.58},{"type":"A","date":"2018-04-06T06:07:02.000Z","volume":1000,"label":" ","price":12.58},{"type":"A","date":"2018-04-06T06:07:02.000Z","volume":1000,"label":" ","price":12.58},{"type":"A","date":"2018-04-06T06:10:17.000Z","volume":1000,"label":" ","price":12.58},{"type":"A","date":"2018-04-06T06:10:17.000Z","volume":1000,"label":" ","price":12.58},{"type":"A","date":"2018-04-06T06:10:32.000Z","volume":1000,"label":" ","price":12.58},{"type":"A","date":"2018-04-06T06:10:32.000Z","volume":1000,"label":" ","price":12.58},{"type":"A","date":"2018-04-06T06:13:02.000Z","volume":1000,"label":" ","price":12.58},{"type":"A","date":"2018-04-06T06:14:02.000Z","volume":1000,"label":" ","price":12.58},{"type":"A","date":"2018-04-06T06:14:02.000Z","volume":1000,"label":" ","price":12.58},{"type":"A","date":"2018-04-06T06:14:02.000Z","volume":1000,"label":" ","price":12.58},{"type":"A","date":"2018-04-06T06:14:47.000Z","volume":1000,"label":" ","price":12.58},{"type":"A","date":"2018-04-06T06:14:47.000Z","volume":2000,"label":" ","price":12.58},{"type":"B","date":"2018-04-06T06:15:04.000Z","volume":19000,"label":" ","price":12.56},{"type":"B","date":"2018-04-06T06:15:16.000Z","volume":1000,"label":" ","price":12.56},{"type":"B","date":"2018-04-06T06:15:57.000Z","volume":4000,"label":" ","price":12.56},{"type":"B","date":"2018-04-06T06:22:14.000Z","volume":14000,"label":" ","price":12.54},{"type":"B","date":"2018-04-06T06:22:22.000Z","volume":2000,"label":" ","price":12.52},{"type":"B","date":"2018-04-06T06:24:43.000Z","volume":4000,"label":" ","price":12.52},{"type":"B","date":"2018-04-06T06:24:45.000Z","volume":10000,"label":" ","price":12.5},{"type":"A","date":"2018-04-06T06:31:05.000Z","volume":1000,"label":" ","price":12.52},{"type":"A","date":"2018-04-06T06:31:27.000Z","volume":10000,"label":" ","price":12.52},{"type":"A","date":"2018-04-06T06:32:32.000Z","volume":1000,"label":" ","price":12.58},{"type":"A","date":"2018-04-06T06:32:32.000Z","volume":1000,"label":" ","price":12.58},{"type":"A","date":"2018-04-06T06:33:17.000Z","volume":1000,"label":" ","price":12.58},{"type":"A","date":"2018-04-06T06:33:17.000Z","volume":1000,"label":" ","price":12.58},{"type":"A","date":"2018-04-06T06:35:17.000Z","volume":15000,"label":" ","price":12.58},{"type":"A","date":"2018-04-06T06:35:17.000Z","volume":2000,"label":" ","price":12.58},{"type":"A","date":"2018-04-06T06:35:17.000Z","volume":1000,"label":" ","price":12.58},{"type":"A","date":"2018-04-06T06:38:17.000Z","volume":1000,"label":" ","price":12.58},{"type":"A","date":"2018-04-06T06:38:17.000Z","volume":1000,"label":" ","price":12.58},{"type":"A","date":"2018-04-06T06:38:18.000Z","volume":1000,"label":" ","price":12.58},{"type":"A","date":"2018-04-06T06:39:05.000Z","volume":15000,"label":" ","price":12.58},{"type":"A","date":"2018-04-06T06:39:05.000Z","volume":1000,"label":" ","price":12.58},{"type":"A","date":"2018-04-06T06:39:32.000Z","volume":1000,"label":" ","price":12.6},{"type":"A","date":"2018-04-06T06:39:32.000Z","volume":2000,"label":" ","price":12.6},{"type":"A","date":"2018-04-06T06:39:47.000Z","volume":1000,"label":" ","price":12.6},{"type":"A","date":"2018-04-06T06:40:21.000Z","volume":1000,"label":" ","price":12.6},{"type":"A","date":"2018-04-06T06:41:47.000Z","volume":1000,"label":" ","price":12.6},{"type":"A","date":"2018-04-06T06:41:47.000Z","volume":1000,"label":" ","price":12.6},{"type":"A","date":"2018-04-06T06:45:26.000Z","volume":1000,"label":" ","price":12.6},{"type":"A","date":"2018-04-06T06:45:32.000Z","volume":1000,"label":" ","price":12.6},{"type":"A","date":"2018-04-06T06:45:32.000Z","volume":1000,"label":" ","price":12.6},{"type":"A","date":"2018-04-06T06:45:32.000Z","volume":1000,"label":" ","price":12.6},{"type":"A","date":"2018-04-06T06:45:45.000Z","volume":1000,"label":" ","price":12.6},{"type":"A","date":"2018-04-06T06:47:24.000Z","volume":5000,"label":" ","price":12.6},{"type":"A","date":"2018-04-06T06:47:32.000Z","volume":1000,"label":" ","price":12.6},{"type":"A","date":"2018-04-06T06:47:34.000Z","volume":150000,"label":" ","price":12.6},{"type":"A","date":"2018-04-06T06:47:36.000Z","volume":14000,"label":" ","price":12.6},{"type":"A","date":"2018-04-06T06:47:37.000Z","volume":100000,"label":" ","price":12.6},{"type":"A","date":"2018-04-06T06:47:37.000Z","volume":1000,"label":" ","price":12.6},{"type":"A","date":"2018-04-06T06:47:37.000Z","volume":11000,"label":" ","price":12.6},{"type":"A","date":"2018-04-06T06:47:37.000Z","volume":2000,"label":" ","price":12.6},{"type":"A","date":"2018-04-06T06:47:42.000Z","volume":7000,"label":" ","price":12.6},{"type":"A","date":"2018-04-06T06:47:43.000Z","volume":23000,"label":" ","price":12.62},{"type":"A","date":"2018-04-06T06:48:43.000Z","volume":1000,"label":" ","price":12.66},{"type":"A","date":"2018-04-06T06:48:53.000Z","volume":2000,"label":" ","price":12.66},{"type":"A","date":"2018-04-06T06:51:13.000Z","volume":1000,"label":" ","price":12.66},{"type":"A","date":"2018-04-06T06:53:02.000Z","volume":1000,"label":" ","price":12.66},{"type":"A","date":"2018-04-06T06:53:02.000Z","volume":1000,"label":" ","price":12.66},{"type":"U","date":"2018-04-06T06:53:02.000Z","volume":2000,"label":" ","price":12.64},{"type":"B","date":"2018-04-06T06:53:09.000Z","volume":1000,"label":" ","price":12.6},{"type":"B","date":"2018-04-06T06:53:17.000Z","volume":10000,"label":" ","price":12.6},{"type":"B","date":"2018-04-06T06:57:21.000Z","volume":15000,"label":" ","price":12.62},{"type":"B","date":"2018-04-06T06:57:21.000Z","volume":7000,"label":" ","price":12.62},{"type":"B","date":"2018-04-06T06:57:21.000Z","volume":7000,"label":" ","price":12.62},{"type":"B","date":"2018-04-06T06:58:32.000Z","volume":5000,"label":" ","price":12.62},{"type":"B","date":"2018-04-06T06:58:32.000Z","volume":5000,"label":" ","price":12.62},{"type":"B","date":"2018-04-06T07:00:22.000Z","volume":5000,"label":" ","price":12.62},{"type":"B","date":"2018-04-06T07:00:48.000Z","volume":1000,"label":" ","price":12.6},{"type":"B","date":"2018-04-06T07:03:51.000Z","volume":4000,"label":" ","price":12.6},{"type":"B","date":"2018-04-06T07:05:21.000Z","volume":5000,"label":" ","price":12.6},{"type":"B","date":"2018-04-06T07:08:49.000Z","volume":1000,"label":" ","price":12.6},{"type":"A","date":"2018-04-06T07:10:21.000Z","volume":1000,"label":" ","price":12.62},{"type":"B","date":"2018-04-06T07:13:45.000Z","volume":10000,"label":" ","price":12.6},{"type":"A","date":"2018-04-06T07:13:45.000Z","volume":1000,"label":" ","price":12.62},{"type":"B","date":"2018-04-06T07:13:50.000Z","volume":5000,"label":" ","price":12.6},{"type":"B","date":"2018-04-06T07:14:06.000Z","volume":3000,"label":" ","price":12.6},{"type":"A","date":"2018-04-06T07:14:51.000Z","volume":1000,"label":" ","price":12.6},{"type":"B","date":"2018-04-06T07:20:49.000Z","volume":1000,"label":" ","price":12.58},{"type":"B","date":"2018-04-06T07:21:37.000Z","volume":5000,"label":" ","price":12.58},{"type":"A","date":"2018-04-06T07:21:37.000Z","volume":1000,"label":" ","price":12.6},{"type":"A","date":"2018-04-06T07:26:17.000Z","volume":1000,"label":" ","price":12.6},{"type":"A","date":"2018-04-06T07:26:17.000Z","volume":1000,"label":" ","price":12.6},{"type":"A","date":"2018-04-06T07:26:57.000Z","volume":1000,"label":" ","price":12.6},{"type":"B","date":"2018-04-06T07:27:45.000Z","volume":5000,"label":" ","price":12.58},{"type":"B","date":"2018-04-06T07:28:06.000Z","volume":12000,"label":" ","price":12.58},{"type":"B","date":"2018-04-06T07:28:06.000Z","volume":1000,"label":" ","price":12.58},{"type":"A","date":"2018-04-06T07:28:07.000Z","volume":1000,"label":" ","price":12.6},{"type":"B","date":"2018-04-06T07:28:09.000Z","volume":3000,"label":" ","price":12.58},{"type":"A","date":"2018-04-06T07:37:35.000Z","volume":1000,"label":" ","price":12.58},{"type":"A","date":"2018-04-06T07:38:17.000Z","volume":1000,"label":" ","price":12.58},{"type":"A","date":"2018-04-06T07:38:17.000Z","volume":1000,"label":" ","price":12.58},{"type":"A","date":"2018-04-06T07:39:17.000Z","volume":1000,"label":" ","price":12.58},{"type":"A","date":"2018-04-06T07:39:22.000Z","volume":1000,"label":" ","price":12.58},{"type":"A","date":"2018-04-06T07:40:27.000Z","volume":1000,"label":" ","price":12.58},{"type":"A","date":"2018-04-06T07:40:40.000Z","volume":5000,"label":" ","price":12.58},{"type":"A","date":"2018-04-06T07:40:40.000Z","volume":1000,"label":" ","price":12.58},{"type":"A","date":"2018-04-06T07:40:43.000Z","volume":4000,"label":" ","price":12.58},{"type":"A","date":"2018-04-06T07:40:47.000Z","volume":1000,"label":" ","price":12.6},{"type":"A","date":"2018-04-06T07:40:47.000Z","volume":3000,"label":" ","price":12.6},{"type":"A","date":"2018-04-06T07:41:17.000Z","volume":1000,"label":" ","price":12.62},{"type":"A","date":"2018-04-06T07:41:17.000Z","volume":1000,"label":" ","price":12.62},{"type":"B","date":"2018-04-06T07:42:32.000Z","volume":7000,"label":" ","price":12.6},{"type":"A","date":"2018-04-06T07:42:32.000Z","volume":1000,"label":" ","price":12.6},{"type":"A","date":"2018-04-06T07:42:32.000Z","volume":1000,"label":" ","price":12.6},{"type":"A","date":"2018-04-06T07:42:32.000Z","volume":1000,"label":" ","price":12.6},{"type":"A","date":"2018-04-06T07:42:33.000Z","volume":1000,"label":" ","price":12.62},{"type":"A","date":"2018-04-06T07:43:04.000Z","volume":1000,"label":" ","price":12.6},{"type":"A","date":"2018-04-06T07:44:21.000Z","volume":1000,"label":" ","price":12.6},{"type":"A","date":"2018-04-06T07:44:21.000Z","volume":1000,"label":" ","price":12.6},{"type":"A","date":"2018-04-06T07:44:26.000Z","volume":10000,"label":" ","price":12.6},{"type":"A","date":"2018-04-06T07:44:26.000Z","volume":5000,"label":" ","price":12.6},{"type":"A","date":"2018-04-06T07:44:28.000Z","volume":1000,"label":" ","price":12.62},{"type":"A","date":"2018-04-06T07:44:30.000Z","volume":1000,"label":" ","price":12.62},{"type":"A","date":"2018-04-06T07:45:17.000Z","volume":1000,"label":" ","price":12.62},{"type":"A","date":"2018-04-06T07:45:51.000Z","volume":1000,"label":" ","price":12.64},{"type":"A","date":"2018-04-06T07:46:16.000Z","volume":1000,"label":" ","price":12.64},{"type":"B","date":"2018-04-06T07:46:41.000Z","volume":10000,"label":" ","price":12.6},{"type":"A","date":"2018-04-06T07:46:41.000Z","volume":1000,"label":" ","price":12.64},{"type":"B","date":"2018-04-06T07:49:44.000Z","volume":8000,"label":" ","price":12.62},{"type":"A","date":"2018-04-06T07:51:30.000Z","volume":1000,"label":" ","price":12.62},{"type":"A","date":"2018-04-06T07:53:56.000Z","volume":2000,"label":" ","price":12.62},{"type":"A","date":"2018-04-06T07:55:02.000Z","volume":1000,"label":" ","price":12.62},{"type":"A","date":"2018-04-06T07:55:02.000Z","volume":1000,"label":" ","price":12.62},{"type":"A","date":"2018-04-06T07:56:32.000Z","volume":1000,"label":" ","price":12.62},{"type":"A","date":"2018-04-06T07:56:32.000Z","volume":1000,"label":" ","price":12.62},{"type":"A","date":"2018-04-06T07:56:57.000Z","volume":1000,"label":" ","price":12.62},{"type":"A","date":"2018-04-06T07:57:23.000Z","volume":1000,"label":" ","price":12.62},{"type":"A","date":"2018-04-06T07:57:32.000Z","volume":1000,"label":" ","price":12.62},{"type":"A","date":"2018-04-06T07:57:35.000Z","volume":1000,"label":" ","price":12.62},{"type":"A","date":"2018-04-06T07:57:50.000Z","volume":13000,"label":" ","price":12.62},{"type":"A","date":"2018-04-06T07:57:50.000Z","volume":1000,"label":" ","price":12.62},{"type":"B","date":"2018-04-06T07:58:00.000Z","volume":4000,"label":" ","price":12.62},{"type":"A","date":"2018-04-06T07:58:17.000Z","volume":1000,"label":" ","price":12.62},{"type":"B","date":"2018-04-06T07:58:26.000Z","volume":5000,"label":" ","price":12.6},{"type":"B","date":"2018-04-06T07:58:26.000Z","volume":1000,"label":" ","price":12.6},{"type":"A","date":"2018-04-06T07:58:26.000Z","volume":1000,"label":" ","price":12.6},{"type":"A","date":"2018-04-06T07:58:26.000Z","volume":1000,"label":" ","price":12.6},{"type":"A","date":"2018-04-06T07:58:26.000Z","volume":1000,"label":" ","price":12.6},{"type":"A","date":"2018-04-06T07:58:26.000Z","volume":1000,"label":" ","price":12.6},{"type":"A","date":"2018-04-06T07:58:26.000Z","volume":1000,"label":" ","price":12.6},{"type":"A","date":"2018-04-06T07:58:27.000Z","volume":2000,"label":" ","price":12.6},{"type":"A","date":"2018-04-06T07:58:50.000Z","volume":1000,"label":" ","price":12.6},{"type":"A","date":"2018-04-06T07:59:00.000Z","volume":1000,"label":" ","price":12.6},{"type":"A","date":"2018-04-06T07:59:12.000Z","volume":1000,"label":" ","price":12.6},{"type":"A","date":"2018-04-06T07:59:25.000Z","volume":1000,"label":" ","price":12.6},{"type":"A","date":"2018-04-06T07:59:26.000Z","volume":1000,"label":" ","price":12.6},{"type":"A","date":"2018-04-06T07:59:44.000Z","volume":1000,"label":" ","price":12.6},{"type":"U","date":"2018-04-06T08:08:20.000Z","volume":9000,"label":"U","price":12.62}]