[{"type":"A","date":"2018-03-21T07:51:14.000Z","volume":5400,"price":41.05,"category":"ubbull"},{"type":"A","date":"2018-03-21T07:51:14.000Z","volume":4400,"price":41,"category":"ubbull"},{"type":"A","date":"2018-03-21T07:41:09.000Z","volume":19600,"price":40.9,"category":"ubbull"},{"type":"A","date":"2018-03-21T07:39:38.000Z","volume":4400,"price":40.75,"category":"ubbull"},{"type":"A","date":"2018-03-21T06:46:59.000Z","volume":5000,"price":40.3,"category":"ubbull"},{"type":"A","date":"2018-03-21T06:26:22.000Z","volume":6800,"price":40.65,"category":"ubbull"},{"type":"A","date":"2018-03-21T06:22:40.000Z","volume":6000,"price":40.5,"category":"ubbull"},{"type":"A","date":"2018-03-21T03:27:28.000Z","volume":7800,"price":41.8,"category":"ubbull"},{"type":"A","date":"2018-03-21T03:25:28.000Z","volume":4800,"price":41.8,"category":"ubbull"},{"type":"A","date":"2018-03-21T03:25:22.000Z","volume":4600,"price":41.5,"category":"ubbull"},{"type":"A","date":"2018-03-21T03:05:43.000Z","volume":7800,"price":41.8,"category":"ubbull"},{"type":"A","date":"2018-03-21T02:53:11.000Z","volume":4800,"price":41.2,"category":"ubbull"},{"type":"A","date":"2018-03-21T02:47:51.000Z","volume":7200,"price":41,"category":"ubbull"},{"type":"A","date":"2018-03-21T02:40:59.000Z","volume":6200,"price":41.45,"category":"ubbull"},{"type":"A","date":"2018-03-21T02:09:47.000Z","volume":11800,"price":41.75,"category":"ubbull"},{"type":"A","date":"2018-03-21T01:36:35.000Z","volume":4800,"price":42.6,"category":"ubbull"},{"type":"A","date":"2018-03-21T01:35:27.000Z","volume":9400,"price":42.6,"category":"ubbull"},{"type":"A","date":"2018-03-21T01:35:01.000Z","volume":7600,"price":42.45,"category":"ubbull"},{"type":"A","date":"2018-03-21T01:33:12.000Z","volume":5800,"price":42.25,"category":"ubbull"},{"type":"A","date":"2018-03-21T07:56:50.000Z","volume":2800,"price":41.2,"category":"bbull"},{"type":"A","date":"2018-03-21T07:56:22.000Z","volume":1800,"price":41.2,"category":"bbull"},{"type":"A","date":"2018-03-21T07:55:12.000Z","volume":2400,"price":41.1,"category":"bbull"},{"type":"A","date":"2018-03-21T07:54:47.000Z","volume":2000,"price":41.05,"category":"bbull"},{"type":"A","date":"2018-03-21T07:53:31.000Z","volume":3200,"price":41,"category":"bbull"},{"type":"A","date":"2018-03-21T07:51:42.000Z","volume":2600,"price":41,"category":"bbull"},{"type":"A","date":"2018-03-21T07:51:23.000Z","volume":2800,"price":41,"category":"bbull"},{"type":"A","date":"2018-03-21T07:49:57.000Z","volume":4000,"price":41.15,"category":"bbull"},{"type":"A","date":"2018-03-21T07:47:45.000Z","volume":2000,"price":41.1,"category":"bbull"},{"type":"A","date":"2018-03-21T07:42:33.000Z","volume":1800,"price":41,"category":"bbull"},{"type":"A","date":"2018-03-21T07:41:46.000Z","volume":2000,"price":40.95,"category":"bbull"},{"type":"A","date":"2018-03-21T07:40:35.000Z","volume":2400,"price":40.8,"category":"bbull"},{"type":"A","date":"2018-03-21T07:35:17.000Z","volume":2200,"price":40.7,"category":"bbull"},{"type":"A","date":"2018-03-21T07:22:45.000Z","volume":3400,"price":40.7,"category":"bbull"},{"type":"A","date":"2018-03-21T07:16:27.000Z","volume":3000,"price":40.3,"category":"bbull"},{"type":"A","date":"2018-03-21T07:10:10.000Z","volume":1800,"price":40.45,"category":"bbull"},{"type":"A","date":"2018-03-21T07:03:33.000Z","volume":2800,"price":40.2,"category":"bbull"},{"type":"A","date":"2018-03-21T07:01:54.000Z","volume":3600,"price":40.3,"category":"bbull"},{"type":"A","date":"2018-03-21T07:01:54.000Z","volume":2000,"price":40.3,"category":"bbull"},{"type":"A","date":"2018-03-21T06:57:01.000Z","volume":2600,"price":40.25,"category":"bbull"},{"type":"A","date":"2018-03-21T06:48:01.000Z","volume":1800,"price":40.3,"category":"bbull"},{"type":"A","date":"2018-03-21T06:38:09.000Z","volume":1800,"price":40.2,"category":"bbull"},{"type":"A","date":"2018-03-21T06:32:48.000Z","volume":2200,"price":40.4,"category":"bbull"},{"type":"A","date":"2018-03-21T06:31:14.000Z","volume":2000,"price":40.35,"category":"bbull"},{"type":"A","date":"2018-03-21T06:27:28.000Z","volume":2000,"price":40.6,"category":"bbull"},{"type":"A","date":"2018-03-21T06:18:41.000Z","volume":2400,"price":40.8,"category":"bbull"},{"type":"A","date":"2018-03-21T05:48:19.000Z","volume":2600,"price":41.4,"category":"bbull"},{"type":"A","date":"2018-03-21T05:46:12.000Z","volume":2200,"price":41.25,"category":"bbull"},{"type":"A","date":"2018-03-21T05:43:28.000Z","volume":2200,"price":41.2,"category":"bbull"},{"type":"A","date":"2018-03-21T05:43:28.000Z","volume":2400,"price":41.2,"category":"bbull"},{"type":"A","date":"2018-03-21T05:35:21.000Z","volume":2000,"price":41.3,"category":"bbull"},{"type":"A","date":"2018-03-21T05:18:50.000Z","volume":1800,"price":41.5,"category":"bbull"},{"type":"A","date":"2018-03-21T05:14:09.000Z","volume":1800,"price":41.3,"category":"bbull"},{"type":"A","date":"2018-03-21T05:00:03.000Z","volume":2200,"price":41.6,"category":"bbull"},{"type":"A","date":"2018-03-21T03:43:26.000Z","volume":2400,"price":41.4,"category":"bbull"},{"type":"A","date":"2018-03-21T03:06:22.000Z","volume":2600,"price":41.9,"category":"bbull"},{"type":"A","date":"2018-03-21T03:06:02.000Z","volume":2000,"price":41.85,"category":"bbull"},{"type":"A","date":"2018-03-21T02:54:15.000Z","volume":2600,"price":41.5,"category":"bbull"},{"type":"A","date":"2018-03-21T02:53:51.000Z","volume":2200,"price":41.3,"category":"bbull"},{"type":"A","date":"2018-03-21T02:40:59.000Z","volume":3400,"price":41.4,"category":"bbull"},{"type":"A","date":"2018-03-21T02:40:03.000Z","volume":2000,"price":41.45,"category":"bbull"},{"type":"A","date":"2018-03-21T02:29:26.000Z","volume":2600,"price":41.5,"category":"bbull"},{"type":"A","date":"2018-03-21T02:17:42.000Z","volume":2200,"price":41.9,"category":"bbull"},{"type":"A","date":"2018-03-21T02:09:47.000Z","volume":2600,"price":41.7,"category":"bbull"},{"type":"A","date":"2018-03-21T01:59:19.000Z","volume":2000,"price":41.9,"category":"bbull"},{"type":"A","date":"2018-03-21T01:52:04.000Z","volume":3000,"price":41.75,"category":"bbull"},{"type":"A","date":"2018-03-21T01:51:47.000Z","volume":3000,"price":41.75,"category":"bbull"},{"type":"A","date":"2018-03-21T01:36:26.000Z","volume":2800,"price":42.6,"category":"bbull"},{"type":"A","date":"2018-03-21T07:59:55.000Z","volume":200,"price":40.95,"category":"rbull"},{"type":"A","date":"2018-03-21T07:59:45.000Z","volume":200,"price":40.85,"category":"rbull"},{"type":"A","date":"2018-03-21T07:59:31.000Z","volume":200,"price":40.85,"category":"rbull"},{"type":"A","date":"2018-03-21T07:59:13.000Z","volume":200,"price":40.85,"category":"rbull"},{"type":"A","date":"2018-03-21T07:59:11.000Z","volume":200,"price":40.85,"category":"rbull"},{"type":"A","date":"2018-03-21T07:59:10.000Z","volume":200,"price":40.85,"category":"rbull"},{"type":"A","date":"2018-03-21T07:59:02.000Z","volume":200,"price":40.85,"category":"rbull"},{"type":"A","date":"2018-03-21T07:59:02.000Z","volume":200,"price":40.85,"category":"rbull"},{"type":"A","date":"2018-03-21T07:57:00.000Z","volume":200,"price":41.25,"category":"rbull"},{"type":"A","date":"2018-03-21T07:57:00.000Z","volume":200,"price":41.25,"category":"rbull"},{"type":"A","date":"2018-03-21T07:56:50.000Z","volume":200,"price":41.2,"category":"rbull"},{"type":"A","date":"2018-03-21T07:55:37.000Z","volume":200,"price":41.15,"category":"rbull"},{"type":"A","date":"2018-03-21T07:55:37.000Z","volume":200,"price":41.15,"category":"rbull"},{"type":"A","date":"2018-03-21T07:55:37.000Z","volume":200,"price":41.1,"category":"rbull"},{"type":"A","date":"2018-03-21T07:55:36.000Z","volume":200,"price":41.05,"category":"rbull"},{"type":"A","date":"2018-03-21T07:55:36.000Z","volume":200,"price":41.05,"category":"rbull"},{"type":"A","date":"2018-03-21T07:55:36.000Z","volume":200,"price":41.05,"category":"rbull"},{"type":"A","date":"2018-03-21T07:55:35.000Z","volume":200,"price":41,"category":"rbull"},{"type":"A","date":"2018-03-21T07:55:12.000Z","volume":200,"price":41.1,"category":"rbull"},{"type":"A","date":"2018-03-21T07:55:02.000Z","volume":200,"price":41.05,"category":"rbull"},{"type":"A","date":"2018-03-21T07:54:35.000Z","volume":200,"price":40.95,"category":"rbull"},{"type":"A","date":"2018-03-21T07:54:12.000Z","volume":200,"price":40.7,"category":"rbull"},{"type":"A","date":"2018-03-21T07:53:55.000Z","volume":200,"price":40.95,"category":"rbull"},{"type":"A","date":"2018-03-21T07:53:38.000Z","volume":200,"price":41,"category":"rbull"},{"type":"A","date":"2018-03-21T07:53:10.000Z","volume":200,"price":41,"category":"rbull"},{"type":"A","date":"2018-03-21T07:52:53.000Z","volume":200,"price":41,"category":"rbull"},{"type":"A","date":"2018-03-21T07:52:44.000Z","volume":200,"price":41.05,"category":"rbull"},{"type":"A","date":"2018-03-21T07:52:42.000Z","volume":200,"price":41.05,"category":"rbull"},{"type":"A","date":"2018-03-21T07:52:38.000Z","volume":200,"price":41.05,"category":"rbull"},{"type":"A","date":"2018-03-21T07:52:34.000Z","volume":200,"price":41.05,"category":"rbull"},{"type":"A","date":"2018-03-21T07:52:04.000Z","volume":200,"price":41.05,"category":"rbull"},{"type":"A","date":"2018-03-21T07:51:59.000Z","volume":200,"price":41.05,"category":"rbull"},{"type":"A","date":"2018-03-21T07:51:52.000Z","volume":200,"price":40.95,"category":"rbull"},{"type":"A","date":"2018-03-21T07:51:31.000Z","volume":200,"price":41,"category":"rbull"},{"type":"A","date":"2018-03-21T07:51:23.000Z","volume":200,"price":40.95,"category":"rbull"},{"type":"A","date":"2018-03-21T07:51:14.000Z","volume":200,"price":41,"category":"rbull"},{"type":"A","date":"2018-03-21T07:49:54.000Z","volume":200,"price":41.2,"category":"rbull"},{"type":"A","date":"2018-03-21T07:49:11.000Z","volume":200,"price":41.2,"category":"rbull"},{"type":"A","date":"2018-03-21T07:49:09.000Z","volume":200,"price":41.2,"category":"rbull"},{"type":"A","date":"2018-03-21T07:49:07.000Z","volume":200,"price":41.2,"category":"rbull"},{"type":"A","date":"2018-03-21T07:49:01.000Z","volume":200,"price":41.2,"category":"rbull"},{"type":"A","date":"2018-03-21T07:48:51.000Z","volume":200,"price":41.15,"category":"rbull"},{"type":"A","date":"2018-03-21T07:48:44.000Z","volume":200,"price":41.15,"category":"rbull"},{"type":"A","date":"2018-03-21T07:48:37.000Z","volume":200,"price":41.15,"category":"rbull"},{"type":"A","date":"2018-03-21T07:48:31.000Z","volume":200,"price":41.1,"category":"rbull"},{"type":"A","date":"2018-03-21T07:48:26.000Z","volume":200,"price":41.1,"category":"rbull"},{"type":"A","date":"2018-03-21T07:48:20.000Z","volume":200,"price":41.1,"category":"rbull"},{"type":"A","date":"2018-03-21T07:48:15.000Z","volume":200,"price":41.1,"category":"rbull"},{"type":"A","date":"2018-03-21T07:46:08.000Z","volume":200,"price":40.95,"category":"rbull"},{"type":"A","date":"2018-03-21T07:45:57.000Z","volume":200,"price":40.95,"category":"rbull"},{"type":"A","date":"2018-03-21T07:45:47.000Z","volume":200,"price":40.85,"category":"rbull"},{"type":"A","date":"2018-03-21T07:45:37.000Z","volume":200,"price":40.85,"category":"rbull"},{"type":"A","date":"2018-03-21T07:45:29.000Z","volume":200,"price":40.8,"category":"rbull"},{"type":"A","date":"2018-03-21T07:45:17.000Z","volume":200,"price":40.8,"category":"rbull"},{"type":"A","date":"2018-03-21T07:45:15.000Z","volume":200,"price":40.8,"category":"rbull"},{"type":"A","date":"2018-03-21T07:45:12.000Z","volume":200,"price":40.85,"category":"rbull"},{"type":"A","date":"2018-03-21T07:44:44.000Z","volume":200,"price":40.85,"category":"rbull"},{"type":"A","date":"2018-03-21T07:44:38.000Z","volume":200,"price":40.85,"category":"rbull"},{"type":"A","date":"2018-03-21T07:44:34.000Z","volume":200,"price":40.85,"category":"rbull"},{"type":"A","date":"2018-03-21T07:44:32.000Z","volume":200,"price":40.85,"category":"rbull"},{"type":"A","date":"2018-03-21T07:42:58.000Z","volume":200,"price":40.95,"category":"rbull"},{"type":"A","date":"2018-03-21T07:42:56.000Z","volume":200,"price":40.95,"category":"rbull"},{"type":"A","date":"2018-03-21T07:42:45.000Z","volume":200,"price":40.95,"category":"rbull"},{"type":"A","date":"2018-03-21T07:42:40.000Z","volume":200,"price":40.95,"category":"rbull"},{"type":"A","date":"2018-03-21T07:42:36.000Z","volume":200,"price":40.95,"category":"rbull"},{"type":"A","date":"2018-03-21T07:41:46.000Z","volume":200,"price":40.95,"category":"rbull"},{"type":"A","date":"2018-03-21T07:41:35.000Z","volume":200,"price":40.9,"category":"rbull"},{"type":"A","date":"2018-03-21T07:39:28.000Z","volume":200,"price":40.7,"category":"rbull"},{"type":"A","date":"2018-03-21T07:38:55.000Z","volume":200,"price":40.7,"category":"rbull"},{"type":"A","date":"2018-03-21T07:37:31.000Z","volume":200,"price":40.65,"category":"rbull"},{"type":"A","date":"2018-03-21T07:35:17.000Z","volume":200,"price":40.7,"category":"rbull"},{"type":"A","date":"2018-03-21T07:35:03.000Z","volume":200,"price":40.65,"category":"rbull"},{"type":"A","date":"2018-03-21T07:34:06.000Z","volume":200,"price":40.6,"category":"rbull"},{"type":"A","date":"2018-03-21T07:33:10.000Z","volume":200,"price":40.6,"category":"rbull"},{"type":"A","date":"2018-03-21T07:31:31.000Z","volume":200,"price":40.65,"category":"rbull"},{"type":"A","date":"2018-03-21T07:29:48.000Z","volume":200,"price":40.65,"category":"rbull"},{"type":"A","date":"2018-03-21T07:26:57.000Z","volume":200,"price":40.65,"category":"rbull"},{"type":"A","date":"2018-03-21T07:24:25.000Z","volume":200,"price":40.7,"category":"rbull"},{"type":"A","date":"2018-03-21T07:21:14.000Z","volume":200,"price":40.7,"category":"rbull"},{"type":"A","date":"2018-03-21T07:17:51.000Z","volume":200,"price":40.7,"category":"rbull"},{"type":"A","date":"2018-03-21T07:16:28.000Z","volume":200,"price":40.35,"category":"rbull"},{"type":"A","date":"2018-03-21T07:12:51.000Z","volume":200,"price":40.7,"category":"rbull"},{"type":"A","date":"2018-03-21T07:12:50.000Z","volume":200,"price":40.7,"category":"rbull"},{"type":"A","date":"2018-03-21T07:12:49.000Z","volume":200,"price":40.55,"category":"rbull"},{"type":"A","date":"2018-03-21T07:10:10.000Z","volume":200,"price":40.45,"category":"rbull"},{"type":"A","date":"2018-03-21T07:07:17.000Z","volume":200,"price":40.45,"category":"rbull"},{"type":"A","date":"2018-03-21T07:07:15.000Z","volume":200,"price":40.4,"category":"rbull"},{"type":"A","date":"2018-03-21T07:07:15.000Z","volume":200,"price":40.35,"category":"rbull"},{"type":"A","date":"2018-03-21T07:07:01.000Z","volume":200,"price":40.35,"category":"rbull"},{"type":"A","date":"2018-03-21T07:04:41.000Z","volume":200,"price":40.25,"category":"rbull"},{"type":"A","date":"2018-03-21T07:03:05.000Z","volume":200,"price":40.3,"category":"rbull"},{"type":"A","date":"2018-03-21T06:50:56.000Z","volume":200,"price":40.25,"category":"rbull"},{"type":"A","date":"2018-03-21T06:48:13.000Z","volume":200,"price":40.3,"category":"rbull"},{"type":"A","date":"2018-03-21T06:45:03.000Z","volume":200,"price":40.3,"category":"rbull"},{"type":"A","date":"2018-03-21T06:43:42.000Z","volume":200,"price":40.3,"category":"rbull"},{"type":"A","date":"2018-03-21T06:42:30.000Z","volume":200,"price":40.25,"category":"rbull"},{"type":"A","date":"2018-03-21T06:41:28.000Z","volume":200,"price":40.45,"category":"rbull"},{"type":"A","date":"2018-03-21T06:41:23.000Z","volume":200,"price":40.45,"category":"rbull"},{"type":"A","date":"2018-03-21T06:40:56.000Z","volume":200,"price":40.5,"category":"rbull"},{"type":"A","date":"2018-03-21T06:40:22.000Z","volume":200,"price":40.5,"category":"rbull"},{"type":"A","date":"2018-03-21T06:39:41.000Z","volume":200,"price":40.45,"category":"rbull"},{"type":"A","date":"2018-03-21T06:39:41.000Z","volume":200,"price":40.4,"category":"rbull"},{"type":"A","date":"2018-03-21T06:38:09.000Z","volume":200,"price":40.2,"category":"rbull"},{"type":"A","date":"2018-03-21T06:37:43.000Z","volume":200,"price":40.25,"category":"rbull"},{"type":"A","date":"2018-03-21T06:37:33.000Z","volume":200,"price":40.2,"category":"rbull"},{"type":"A","date":"2018-03-21T06:36:52.000Z","volume":200,"price":40.2,"category":"rbull"},{"type":"A","date":"2018-03-21T06:34:09.000Z","volume":200,"price":40.35,"category":"rbull"},{"type":"A","date":"2018-03-21T06:31:14.000Z","volume":200,"price":40.35,"category":"rbull"},{"type":"A","date":"2018-03-21T06:27:22.000Z","volume":200,"price":40.6,"category":"rbull"},{"type":"A","date":"2018-03-21T06:23:11.000Z","volume":200,"price":40.7,"category":"rbull"},{"type":"A","date":"2018-03-21T06:20:25.000Z","volume":200,"price":40.7,"category":"rbull"},{"type":"A","date":"2018-03-21T06:18:41.000Z","volume":200,"price":40.8,"category":"rbull"},{"type":"A","date":"2018-03-21T06:14:57.000Z","volume":200,"price":41.1,"category":"rbull"},{"type":"A","date":"2018-03-21T06:09:50.000Z","volume":200,"price":41.25,"category":"rbull"},{"type":"A","date":"2018-03-21T06:06:52.000Z","volume":200,"price":41.25,"category":"rbull"},{"type":"A","date":"2018-03-21T06:04:13.000Z","volume":200,"price":41.25,"category":"rbull"},{"type":"A","date":"2018-03-21T06:01:25.000Z","volume":200,"price":41.35,"category":"rbull"},{"type":"A","date":"2018-03-21T06:01:23.000Z","volume":200,"price":41.35,"category":"rbull"},{"type":"A","date":"2018-03-21T05:58:48.000Z","volume":200,"price":41.35,"category":"rbull"},{"type":"A","date":"2018-03-21T05:44:58.000Z","volume":200,"price":41.25,"category":"rbull"},{"type":"A","date":"2018-03-21T05:43:29.000Z","volume":200,"price":41.2,"category":"rbull"},{"type":"A","date":"2018-03-21T05:41:59.000Z","volume":200,"price":41.2,"category":"rbull"},{"type":"A","date":"2018-03-21T05:28:32.000Z","volume":200,"price":41.45,"category":"rbull"},{"type":"A","date":"2018-03-21T05:14:39.000Z","volume":200,"price":41.55,"category":"rbull"},{"type":"A","date":"2018-03-21T05:12:32.000Z","volume":200,"price":41.3,"category":"rbull"},{"type":"A","date":"2018-03-21T05:11:59.000Z","volume":200,"price":41.3,"category":"rbull"},{"type":"A","date":"2018-03-21T05:09:23.000Z","volume":200,"price":41.6,"category":"rbull"},{"type":"A","date":"2018-03-21T05:08:44.000Z","volume":200,"price":41.55,"category":"rbull"},{"type":"A","date":"2018-03-21T05:06:53.000Z","volume":200,"price":41.55,"category":"rbull"},{"type":"A","date":"2018-03-21T05:06:43.000Z","volume":200,"price":41.6,"category":"rbull"},{"type":"A","date":"2018-03-21T05:05:58.000Z","volume":200,"price":41.6,"category":"rbull"},{"type":"A","date":"2018-03-21T05:03:59.000Z","volume":200,"price":41.6,"category":"rbull"},{"type":"A","date":"2018-03-21T05:03:41.000Z","volume":200,"price":41.6,"category":"rbull"},{"type":"A","date":"2018-03-21T03:55:28.000Z","volume":200,"price":41.85,"category":"rbull"},{"type":"A","date":"2018-03-21T03:47:01.000Z","volume":200,"price":41.85,"category":"rbull"},{"type":"A","date":"2018-03-21T03:46:57.000Z","volume":200,"price":41.85,"category":"rbull"},{"type":"A","date":"2018-03-21T03:45:11.000Z","volume":200,"price":41.5,"category":"rbull"},{"type":"A","date":"2018-03-21T03:43:38.000Z","volume":200,"price":41.5,"category":"rbull"},{"type":"A","date":"2018-03-21T03:43:38.000Z","volume":200,"price":41.45,"category":"rbull"},{"type":"A","date":"2018-03-21T03:38:57.000Z","volume":200,"price":41.5,"category":"rbull"},{"type":"A","date":"2018-03-21T03:36:41.000Z","volume":200,"price":41.65,"category":"rbull"},{"type":"A","date":"2018-03-21T03:36:41.000Z","volume":200,"price":41.65,"category":"rbull"},{"type":"A","date":"2018-03-21T03:36:12.000Z","volume":200,"price":41.7,"category":"rbull"},{"type":"A","date":"2018-03-21T03:35:53.000Z","volume":200,"price":41.7,"category":"rbull"},{"type":"A","date":"2018-03-21T03:33:10.000Z","volume":200,"price":41.7,"category":"rbull"},{"type":"A","date":"2018-03-21T03:30:14.000Z","volume":200,"price":41.7,"category":"rbull"},{"type":"A","date":"2018-03-21T03:30:08.000Z","volume":200,"price":41.7,"category":"rbull"},{"type":"A","date":"2018-03-21T03:25:28.000Z","volume":200,"price":41.8,"category":"rbull"},{"type":"A","date":"2018-03-21T03:25:19.000Z","volume":200,"price":41.65,"category":"rbull"},{"type":"A","date":"2018-03-21T03:24:37.000Z","volume":200,"price":41.95,"category":"rbull"},{"type":"A","date":"2018-03-21T03:18:55.000Z","volume":200,"price":42.2,"category":"rbull"},{"type":"A","date":"2018-03-21T03:18:54.000Z","volume":200,"price":42.15,"category":"rbull"},{"type":"A","date":"2018-03-21T03:16:12.000Z","volume":200,"price":42.2,"category":"rbull"},{"type":"A","date":"2018-03-21T03:16:12.000Z","volume":200,"price":42.15,"category":"rbull"},{"type":"A","date":"2018-03-21T03:10:56.000Z","volume":200,"price":42.1,"category":"rbull"},{"type":"A","date":"2018-03-21T03:07:59.000Z","volume":200,"price":42.2,"category":"rbull"},{"type":"A","date":"2018-03-21T03:07:58.000Z","volume":200,"price":42.1,"category":"rbull"},{"type":"A","date":"2018-03-21T03:07:09.000Z","volume":200,"price":42,"category":"rbull"},{"type":"A","date":"2018-03-21T03:03:12.000Z","volume":200,"price":41.7,"category":"rbull"},{"type":"A","date":"2018-03-21T02:54:52.000Z","volume":200,"price":41.7,"category":"rbull"},{"type":"A","date":"2018-03-21T02:53:06.000Z","volume":200,"price":41.2,"category":"rbull"},{"type":"A","date":"2018-03-21T02:49:52.000Z","volume":200,"price":41.2,"category":"rbull"},{"type":"A","date":"2018-03-21T02:48:31.000Z","volume":200,"price":41.15,"category":"rbull"},{"type":"A","date":"2018-03-21T02:48:04.000Z","volume":200,"price":41.1,"category":"rbull"},{"type":"A","date":"2018-03-21T02:46:11.000Z","volume":200,"price":41.15,"category":"rbull"},{"type":"A","date":"2018-03-21T02:38:46.000Z","volume":200,"price":41.5,"category":"rbull"},{"type":"A","date":"2018-03-21T02:36:04.000Z","volume":200,"price":41.8,"category":"rbull"},{"type":"A","date":"2018-03-21T02:27:22.000Z","volume":200,"price":41.6,"category":"rbull"},{"type":"A","date":"2018-03-21T02:22:03.000Z","volume":200,"price":41.55,"category":"rbull"},{"type":"A","date":"2018-03-21T02:21:49.000Z","volume":200,"price":41.65,"category":"rbull"},{"type":"A","date":"2018-03-21T02:15:55.000Z","volume":200,"price":41.65,"category":"rbull"},{"type":"A","date":"2018-03-21T02:15:45.000Z","volume":200,"price":41.65,"category":"rbull"},{"type":"A","date":"2018-03-21T02:15:45.000Z","volume":200,"price":41.65,"category":"rbull"},{"type":"A","date":"2018-03-21T02:13:44.000Z","volume":200,"price":41.7,"category":"rbull"},{"type":"A","date":"2018-03-21T02:09:47.000Z","volume":200,"price":41.8,"category":"rbull"},{"type":"A","date":"2018-03-21T02:08:26.000Z","volume":200,"price":41.7,"category":"rbull"},{"type":"A","date":"2018-03-21T02:00:43.000Z","volume":200,"price":41.9,"category":"rbull"},{"type":"A","date":"2018-03-21T01:52:45.000Z","volume":200,"price":42.05,"category":"rbull"},{"type":"A","date":"2018-03-21T01:52:04.000Z","volume":200,"price":41.8,"category":"rbull"},{"type":"A","date":"2018-03-21T01:45:43.000Z","volume":200,"price":42.5,"category":"rbull"},{"type":"A","date":"2018-03-21T01:42:35.000Z","volume":200,"price":42.55,"category":"rbull"},{"type":"A","date":"2018-03-21T01:40:37.000Z","volume":200,"price":42.7,"category":"rbull"},{"type":"A","date":"2018-03-21T01:38:03.000Z","volume":200,"price":42.7,"category":"rbull"},{"type":"A","date":"2018-03-21T01:32:36.000Z","volume":200,"price":42.2,"category":"rbull"},{"type":"A","date":"2018-03-21T01:30:50.000Z","volume":200,"price":42.4,"category":"rbull"},{"type":"A","date":"2018-03-21T01:30:00.000Z","volume":200,"price":42.5,"category":"rbull"},{"type":"B","date":"2018-03-21T07:59:40.000Z","volume":200,"price":40.65,"category":"rbear"},{"type":"B","date":"2018-03-21T07:59:39.000Z","volume":200,"price":40.65,"category":"rbear"},{"type":"B","date":"2018-03-21T07:59:08.000Z","volume":200,"price":40.8,"category":"rbear"},{"type":"B","date":"2018-03-21T07:59:03.000Z","volume":200,"price":40.8,"category":"rbear"},{"type":"B","date":"2018-03-21T07:55:37.000Z","volume":200,"price":41.05,"category":"rbear"},{"type":"B","date":"2018-03-21T07:55:12.000Z","volume":200,"price":41.05,"category":"rbear"},{"type":"B","date":"2018-03-21T07:55:04.000Z","volume":200,"price":41.05,"category":"rbear"},{"type":"B","date":"2018-03-21T07:53:39.000Z","volume":200,"price":40.6,"category":"rbear"},{"type":"B","date":"2018-03-21T07:53:31.000Z","volume":200,"price":40.7,"category":"rbear"},{"type":"B","date":"2018-03-21T07:53:25.000Z","volume":200,"price":40.7,"category":"rbear"},{"type":"B","date":"2018-03-21T07:51:46.000Z","volume":200,"price":40.75,"category":"rbear"},{"type":"B","date":"2018-03-21T07:51:14.000Z","volume":200,"price":40.8,"category":"rbear"},{"type":"B","date":"2018-03-21T07:50:48.000Z","volume":200,"price":40.95,"category":"rbear"},{"type":"B","date":"2018-03-21T07:50:21.000Z","volume":200,"price":41.05,"category":"rbear"},{"type":"B","date":"2018-03-21T07:50:18.000Z","volume":200,"price":41.05,"category":"rbear"},{"type":"B","date":"2018-03-21T07:50:17.000Z","volume":200,"price":41.05,"category":"rbear"},{"type":"B","date":"2018-03-21T07:50:12.000Z","volume":200,"price":41.05,"category":"rbear"},{"type":"B","date":"2018-03-21T07:50:12.000Z","volume":200,"price":41.05,"category":"rbear"},{"type":"B","date":"2018-03-21T07:50:11.000Z","volume":200,"price":41.05,"category":"rbear"},{"type":"B","date":"2018-03-21T07:49:44.000Z","volume":200,"price":41.2,"category":"rbear"},{"type":"B","date":"2018-03-21T07:48:55.000Z","volume":200,"price":41,"category":"rbear"},{"type":"B","date":"2018-03-21T07:47:47.000Z","volume":200,"price":41.05,"category":"rbear"},{"type":"B","date":"2018-03-21T07:44:42.000Z","volume":200,"price":40.65,"category":"rbear"},{"type":"B","date":"2018-03-21T07:44:32.000Z","volume":200,"price":40.85,"category":"rbear"},{"type":"B","date":"2018-03-21T07:42:43.000Z","volume":200,"price":40.9,"category":"rbear"},{"type":"B","date":"2018-03-21T07:42:41.000Z","volume":200,"price":40.85,"category":"rbear"},{"type":"B","date":"2018-03-21T07:42:33.000Z","volume":200,"price":40.7,"category":"rbear"},{"type":"B","date":"2018-03-21T07:41:14.000Z","volume":200,"price":40.75,"category":"rbear"},{"type":"B","date":"2018-03-21T07:34:24.000Z","volume":200,"price":40.6,"category":"rbear"},{"type":"B","date":"2018-03-21T07:33:09.000Z","volume":200,"price":40.55,"category":"rbear"},{"type":"B","date":"2018-03-21T07:33:02.000Z","volume":200,"price":40.55,"category":"rbear"},{"type":"B","date":"2018-03-21T07:33:00.000Z","volume":200,"price":40.6,"category":"rbear"},{"type":"B","date":"2018-03-21T07:32:39.000Z","volume":200,"price":40.6,"category":"rbear"},{"type":"B","date":"2018-03-21T07:26:17.000Z","volume":200,"price":40.6,"category":"rbear"},{"type":"B","date":"2018-03-21T07:26:17.000Z","volume":200,"price":40.65,"category":"rbear"},{"type":"B","date":"2018-03-21T07:24:02.000Z","volume":200,"price":40.65,"category":"rbear"},{"type":"B","date":"2018-03-21T07:24:01.000Z","volume":200,"price":40.65,"category":"rbear"},{"type":"B","date":"2018-03-21T07:24:00.000Z","volume":200,"price":40.65,"category":"rbear"},{"type":"B","date":"2018-03-21T07:23:58.000Z","volume":200,"price":40.7,"category":"rbear"},{"type":"B","date":"2018-03-21T07:23:56.000Z","volume":200,"price":40.65,"category":"rbear"},{"type":"B","date":"2018-03-21T07:22:57.000Z","volume":200,"price":40.65,"category":"rbear"},{"type":"B","date":"2018-03-21T07:22:49.000Z","volume":200,"price":40.55,"category":"rbear"},{"type":"B","date":"2018-03-21T07:21:16.000Z","volume":200,"price":40.55,"category":"rbear"},{"type":"B","date":"2018-03-21T07:17:56.000Z","volume":200,"price":40.4,"category":"rbear"},{"type":"B","date":"2018-03-21T07:17:53.000Z","volume":200,"price":40.4,"category":"rbear"},{"type":"B","date":"2018-03-21T07:16:32.000Z","volume":200,"price":40.3,"category":"rbear"},{"type":"B","date":"2018-03-21T07:16:31.000Z","volume":200,"price":40.45,"category":"rbear"},{"type":"B","date":"2018-03-21T07:14:26.000Z","volume":200,"price":40.25,"category":"rbear"},{"type":"B","date":"2018-03-21T07:13:47.000Z","volume":200,"price":40.25,"category":"rbear"},{"type":"B","date":"2018-03-21T07:13:38.000Z","volume":200,"price":40.25,"category":"rbear"},{"type":"B","date":"2018-03-21T07:12:55.000Z","volume":200,"price":40.3,"category":"rbear"},{"type":"B","date":"2018-03-21T07:10:17.000Z","volume":200,"price":40.3,"category":"rbear"},{"type":"B","date":"2018-03-21T07:07:17.000Z","volume":200,"price":40.3,"category":"rbear"},{"type":"B","date":"2018-03-21T07:07:03.000Z","volume":200,"price":40.3,"category":"rbear"},{"type":"B","date":"2018-03-21T07:05:10.000Z","volume":200,"price":40.2,"category":"rbear"},{"type":"B","date":"2018-03-21T07:04:29.000Z","volume":200,"price":40.15,"category":"rbear"},{"type":"B","date":"2018-03-21T07:03:38.000Z","volume":200,"price":40.2,"category":"rbear"},{"type":"B","date":"2018-03-21T07:03:36.000Z","volume":200,"price":40.2,"category":"rbear"},{"type":"B","date":"2018-03-21T07:03:22.000Z","volume":200,"price":40.15,"category":"rbear"},{"type":"B","date":"2018-03-21T07:02:29.000Z","volume":200,"price":40.2,"category":"rbear"},{"type":"B","date":"2018-03-21T06:59:52.000Z","volume":200,"price":40.2,"category":"rbear"},{"type":"B","date":"2018-03-21T06:59:23.000Z","volume":200,"price":40.2,"category":"rbear"},{"type":"B","date":"2018-03-21T06:59:18.000Z","volume":200,"price":40.2,"category":"rbear"},{"type":"B","date":"2018-03-21T06:58:57.000Z","volume":200,"price":40.2,"category":"rbear"},{"type":"B","date":"2018-03-21T06:57:06.000Z","volume":200,"price":40.1,"category":"rbear"},{"type":"B","date":"2018-03-21T06:56:00.000Z","volume":200,"price":40.1,"category":"rbear"},{"type":"B","date":"2018-03-21T06:53:14.000Z","volume":200,"price":40.05,"category":"rbear"},{"type":"B","date":"2018-03-21T06:51:13.000Z","volume":200,"price":40,"category":"rbear"},{"type":"B","date":"2018-03-21T06:51:12.000Z","volume":200,"price":40,"category":"rbear"},{"type":"B","date":"2018-03-21T06:51:11.000Z","volume":200,"price":40.05,"category":"rbear"},{"type":"B","date":"2018-03-21T06:51:10.000Z","volume":200,"price":40.05,"category":"rbear"},{"type":"B","date":"2018-03-21T06:51:10.000Z","volume":200,"price":40.05,"category":"rbear"},{"type":"B","date":"2018-03-21T06:51:08.000Z","volume":200,"price":40.05,"category":"rbear"},{"type":"B","date":"2018-03-21T06:51:08.000Z","volume":200,"price":40.05,"category":"rbear"},{"type":"B","date":"2018-03-21T06:51:07.000Z","volume":200,"price":40.05,"category":"rbear"},{"type":"B","date":"2018-03-21T06:51:06.000Z","volume":200,"price":40.05,"category":"rbear"},{"type":"B","date":"2018-03-21T06:51:04.000Z","volume":200,"price":40.05,"category":"rbear"},{"type":"B","date":"2018-03-21T06:51:02.000Z","volume":200,"price":40.1,"category":"rbear"},{"type":"B","date":"2018-03-21T06:51:02.000Z","volume":200,"price":40.1,"category":"rbear"},{"type":"B","date":"2018-03-21T06:51:02.000Z","volume":200,"price":40.2,"category":"rbear"},{"type":"B","date":"2018-03-21T06:35:13.000Z","volume":200,"price":40.1,"category":"rbear"},{"type":"B","date":"2018-03-21T06:32:16.000Z","volume":200,"price":40.25,"category":"rbear"},{"type":"B","date":"2018-03-21T06:32:01.000Z","volume":200,"price":40.3,"category":"rbear"},{"type":"B","date":"2018-03-21T06:21:50.000Z","volume":200,"price":40.5,"category":"rbear"},{"type":"B","date":"2018-03-21T06:15:24.000Z","volume":200,"price":40.95,"category":"rbear"},{"type":"B","date":"2018-03-21T06:01:45.000Z","volume":200,"price":41.25,"category":"rbear"},{"type":"B","date":"2018-03-21T05:57:49.000Z","volume":200,"price":41.35,"category":"rbear"},{"type":"B","date":"2018-03-21T05:50:10.000Z","volume":200,"price":41.35,"category":"rbear"},{"type":"B","date":"2018-03-21T05:50:03.000Z","volume":200,"price":41.35,"category":"rbear"},{"type":"B","date":"2018-03-21T05:41:59.000Z","volume":200,"price":41.15,"category":"rbear"},{"type":"B","date":"2018-03-21T05:31:24.000Z","volume":200,"price":41.2,"category":"rbear"},{"type":"B","date":"2018-03-21T05:30:48.000Z","volume":200,"price":41.25,"category":"rbear"},{"type":"B","date":"2018-03-21T05:30:48.000Z","volume":200,"price":41.3,"category":"rbear"},{"type":"B","date":"2018-03-21T05:29:46.000Z","volume":200,"price":41.25,"category":"rbear"},{"type":"B","date":"2018-03-21T05:19:14.000Z","volume":200,"price":41.35,"category":"rbear"},{"type":"B","date":"2018-03-21T05:15:40.000Z","volume":200,"price":41.3,"category":"rbear"},{"type":"B","date":"2018-03-21T05:10:55.000Z","volume":200,"price":41.3,"category":"rbear"},{"type":"B","date":"2018-03-21T05:00:06.000Z","volume":200,"price":41.55,"category":"rbear"},{"type":"B","date":"2018-03-21T05:00:03.000Z","volume":200,"price":41.55,"category":"rbear"},{"type":"B","date":"2018-03-21T03:59:27.000Z","volume":200,"price":41.55,"category":"rbear"},{"type":"B","date":"2018-03-21T03:42:14.000Z","volume":200,"price":41.4,"category":"rbear"},{"type":"B","date":"2018-03-21T03:40:55.000Z","volume":200,"price":41.45,"category":"rbear"},{"type":"B","date":"2018-03-21T03:28:36.000Z","volume":200,"price":41.75,"category":"rbear"},{"type":"B","date":"2018-03-21T03:25:28.000Z","volume":200,"price":41.5,"category":"rbear"},{"type":"B","date":"2018-03-21T03:24:35.000Z","volume":200,"price":41.95,"category":"rbear"},{"type":"B","date":"2018-03-21T03:20:33.000Z","volume":200,"price":42,"category":"rbear"},{"type":"B","date":"2018-03-21T03:20:05.000Z","volume":200,"price":42,"category":"rbear"},{"type":"B","date":"2018-03-21T03:18:03.000Z","volume":200,"price":42.1,"category":"rbear"},{"type":"B","date":"2018-03-21T03:14:16.000Z","volume":200,"price":42,"category":"rbear"},{"type":"B","date":"2018-03-21T03:10:57.000Z","volume":200,"price":42,"category":"rbear"},{"type":"B","date":"2018-03-21T03:09:07.000Z","volume":200,"price":42,"category":"rbear"},{"type":"B","date":"2018-03-21T03:08:13.000Z","volume":200,"price":42,"category":"rbear"},{"type":"B","date":"2018-03-21T03:05:49.000Z","volume":200,"price":41.8,"category":"rbear"},{"type":"B","date":"2018-03-21T02:59:22.000Z","volume":200,"price":41.4,"category":"rbear"},{"type":"B","date":"2018-03-21T02:44:14.000Z","volume":200,"price":41.2,"category":"rbear"},{"type":"B","date":"2018-03-21T02:42:59.000Z","volume":200,"price":41.25,"category":"rbear"},{"type":"B","date":"2018-03-21T02:42:14.000Z","volume":200,"price":41.25,"category":"rbear"},{"type":"B","date":"2018-03-21T02:37:44.000Z","volume":200,"price":41.45,"category":"rbear"},{"type":"B","date":"2018-03-21T02:31:33.000Z","volume":200,"price":41.65,"category":"rbear"},{"type":"B","date":"2018-03-21T02:31:33.000Z","volume":200,"price":41.65,"category":"rbear"},{"type":"B","date":"2018-03-21T02:24:08.000Z","volume":200,"price":41.5,"category":"rbear"},{"type":"B","date":"2018-03-21T02:23:01.000Z","volume":200,"price":41.55,"category":"rbear"},{"type":"B","date":"2018-03-21T02:22:11.000Z","volume":200,"price":41.5,"category":"rbear"},{"type":"B","date":"2018-03-21T02:20:12.000Z","volume":200,"price":41.5,"category":"rbear"},{"type":"B","date":"2018-03-21T02:18:28.000Z","volume":200,"price":41.5,"category":"rbear"},{"type":"B","date":"2018-03-21T02:16:00.000Z","volume":200,"price":41.6,"category":"rbear"},{"type":"B","date":"2018-03-21T02:12:07.000Z","volume":200,"price":41.55,"category":"rbear"},{"type":"B","date":"2018-03-21T02:08:53.000Z","volume":200,"price":41.65,"category":"rbear"},{"type":"B","date":"2018-03-21T02:06:27.000Z","volume":200,"price":41.65,"category":"rbear"},{"type":"B","date":"2018-03-21T02:05:45.000Z","volume":200,"price":41.65,"category":"rbear"},{"type":"B","date":"2018-03-21T01:57:56.000Z","volume":200,"price":41.8,"category":"rbear"},{"type":"B","date":"2018-03-21T01:52:37.000Z","volume":200,"price":42,"category":"rbear"},{"type":"B","date":"2018-03-21T01:52:21.000Z","volume":200,"price":42,"category":"rbear"},{"type":"B","date":"2018-03-21T01:50:50.000Z","volume":200,"price":41.95,"category":"rbear"},{"type":"B","date":"2018-03-21T01:50:39.000Z","volume":200,"price":41.95,"category":"rbear"},{"type":"B","date":"2018-03-21T01:45:11.000Z","volume":200,"price":42.5,"category":"rbear"},{"type":"B","date":"2018-03-21T01:42:55.000Z","volume":200,"price":42.5,"category":"rbear"},{"type":"B","date":"2018-03-21T01:42:21.000Z","volume":200,"price":42.5,"category":"rbear"},{"type":"B","date":"2018-03-21T01:34:16.000Z","volume":200,"price":42.2,"category":"rbear"},{"type":"B","date":"2018-03-21T01:32:15.000Z","volume":200,"price":42.1,"category":"rbear"},{"type":"B","date":"2018-03-21T01:30:48.000Z","volume":200,"price":42.2,"category":"rbear"},{"type":"B","date":"2018-03-21T01:30:45.000Z","volume":200,"price":42.25,"category":"rbear"},{"type":"B","date":"2018-03-21T01:30:42.000Z","volume":200,"price":42.3,"category":"rbear"},{"type":"B","date":"2018-03-21T01:30:41.000Z","volume":200,"price":42.3,"category":"rbear"},{"type":"B","date":"2018-03-21T01:30:40.000Z","volume":200,"price":42.45,"category":"rbear"},{"type":"B","date":"2018-03-21T07:59:13.000Z","volume":2000,"price":40.65,"category":"bbear"},{"type":"B","date":"2018-03-21T07:56:22.000Z","volume":2000,"price":41.1,"category":"bbear"},{"type":"B","date":"2018-03-21T07:56:22.000Z","volume":2000,"price":41.15,"category":"bbear"},{"type":"B","date":"2018-03-21T07:55:57.000Z","volume":2000,"price":41.15,"category":"bbear"},{"type":"B","date":"2018-03-21T07:54:36.000Z","volume":2600,"price":40.7,"category":"bbear"},{"type":"B","date":"2018-03-21T07:53:39.000Z","volume":2800,"price":40.5,"category":"bbear"},{"type":"B","date":"2018-03-21T07:53:39.000Z","volume":2600,"price":40.7,"category":"bbear"},{"type":"B","date":"2018-03-21T07:48:55.000Z","volume":2200,"price":41,"category":"bbear"},{"type":"B","date":"2018-03-21T07:37:18.000Z","volume":2200,"price":40.65,"category":"bbear"},{"type":"B","date":"2018-03-21T07:32:36.000Z","volume":2200,"price":40.6,"category":"bbear"},{"type":"B","date":"2018-03-21T07:29:38.000Z","volume":2000,"price":40.6,"category":"bbear"},{"type":"B","date":"2018-03-21T07:12:59.000Z","volume":2000,"price":40.3,"category":"bbear"},{"type":"B","date":"2018-03-21T07:12:51.000Z","volume":1800,"price":40.3,"category":"bbear"},{"type":"B","date":"2018-03-21T07:05:06.000Z","volume":2000,"price":40.15,"category":"bbear"},{"type":"B","date":"2018-03-21T07:01:56.000Z","volume":1800,"price":40.2,"category":"bbear"},{"type":"B","date":"2018-03-21T06:59:48.000Z","volume":2000,"price":40.2,"category":"bbear"},{"type":"B","date":"2018-03-21T06:56:00.000Z","volume":2000,"price":40.05,"category":"bbear"},{"type":"B","date":"2018-03-21T06:42:10.000Z","volume":3600,"price":40.25,"category":"bbear"},{"type":"B","date":"2018-03-21T06:42:10.000Z","volume":2000,"price":40.3,"category":"bbear"},{"type":"B","date":"2018-03-21T06:36:18.000Z","volume":2200,"price":40.05,"category":"bbear"},{"type":"B","date":"2018-03-21T06:34:13.000Z","volume":2000,"price":40.25,"category":"bbear"},{"type":"B","date":"2018-03-21T06:34:09.000Z","volume":2200,"price":40.3,"category":"bbear"},{"type":"B","date":"2018-03-21T06:33:37.000Z","volume":2000,"price":40.3,"category":"bbear"},{"type":"B","date":"2018-03-21T06:32:29.000Z","volume":2400,"price":40.3,"category":"bbear"},{"type":"B","date":"2018-03-21T06:28:30.000Z","volume":2600,"price":40.55,"category":"bbear"},{"type":"B","date":"2018-03-21T06:24:55.000Z","volume":2000,"price":40.65,"category":"bbear"},{"type":"B","date":"2018-03-21T06:22:40.000Z","volume":4000,"price":40.5,"category":"bbear"},{"type":"B","date":"2018-03-21T06:20:21.000Z","volume":2200,"price":40.55,"category":"bbear"},{"type":"B","date":"2018-03-21T06:19:54.000Z","volume":3000,"price":40.55,"category":"bbear"},{"type":"B","date":"2018-03-21T06:19:54.000Z","volume":2000,"price":40.6,"category":"bbear"},{"type":"B","date":"2018-03-21T06:18:47.000Z","volume":3200,"price":40.7,"category":"bbear"},{"type":"B","date":"2018-03-21T06:16:49.000Z","volume":3600,"price":40.95,"category":"bbear"},{"type":"B","date":"2018-03-21T06:14:23.000Z","volume":3600,"price":41,"category":"bbear"},{"type":"B","date":"2018-03-21T06:11:10.000Z","volume":1800,"price":41.2,"category":"bbear"},{"type":"B","date":"2018-03-21T06:03:00.000Z","volume":4000,"price":41.2,"category":"bbear"},{"type":"B","date":"2018-03-21T05:57:44.000Z","volume":3000,"price":41.3,"category":"bbear"},{"type":"B","date":"2018-03-21T05:49:09.000Z","volume":2000,"price":41.35,"category":"bbear"},{"type":"B","date":"2018-03-21T05:41:59.000Z","volume":4000,"price":41.2,"category":"bbear"},{"type":"B","date":"2018-03-21T05:38:02.000Z","volume":2600,"price":41.25,"category":"bbear"},{"type":"B","date":"2018-03-21T05:36:15.000Z","volume":1800,"price":41.25,"category":"bbear"},{"type":"B","date":"2018-03-21T05:28:29.000Z","volume":4000,"price":41.35,"category":"bbear"},{"type":"B","date":"2018-03-21T05:24:11.000Z","volume":2000,"price":41.35,"category":"bbear"},{"type":"B","date":"2018-03-21T05:19:09.000Z","volume":3000,"price":41.5,"category":"bbear"},{"type":"B","date":"2018-03-21T05:14:23.000Z","volume":2400,"price":41.3,"category":"bbear"},{"type":"B","date":"2018-03-21T05:10:28.000Z","volume":3000,"price":41.5,"category":"bbear"},{"type":"B","date":"2018-03-21T05:01:37.000Z","volume":2000,"price":41.55,"category":"bbear"},{"type":"B","date":"2018-03-21T03:59:27.000Z","volume":2000,"price":41.55,"category":"bbear"},{"type":"B","date":"2018-03-21T03:55:35.000Z","volume":2000,"price":41.65,"category":"bbear"},{"type":"B","date":"2018-03-21T03:48:34.000Z","volume":3000,"price":41.55,"category":"bbear"},{"type":"B","date":"2018-03-21T03:43:26.000Z","volume":2600,"price":41.4,"category":"bbear"},{"type":"B","date":"2018-03-21T03:41:55.000Z","volume":3000,"price":41.45,"category":"bbear"},{"type":"B","date":"2018-03-21T03:38:21.000Z","volume":2600,"price":41.6,"category":"bbear"},{"type":"B","date":"2018-03-21T03:25:01.000Z","volume":2200,"price":41.9,"category":"bbear"},{"type":"B","date":"2018-03-21T03:24:17.000Z","volume":3000,"price":42,"category":"bbear"},{"type":"B","date":"2018-03-21T03:20:50.000Z","volume":4000,"price":42,"category":"bbear"},{"type":"B","date":"2018-03-21T03:18:09.000Z","volume":1800,"price":42,"category":"bbear"},{"type":"B","date":"2018-03-21T03:11:31.000Z","volume":3000,"price":42,"category":"bbear"},{"type":"B","date":"2018-03-21T03:07:24.000Z","volume":4000,"price":41.95,"category":"bbear"},{"type":"B","date":"2018-03-21T02:55:06.000Z","volume":2000,"price":41.45,"category":"bbear"},{"type":"B","date":"2018-03-21T02:46:39.000Z","volume":4000,"price":41,"category":"bbear"},{"type":"B","date":"2018-03-21T02:44:37.000Z","volume":2800,"price":41.2,"category":"bbear"},{"type":"B","date":"2018-03-21T02:43:07.000Z","volume":2000,"price":41.2,"category":"bbear"},{"type":"B","date":"2018-03-21T02:40:45.000Z","volume":2400,"price":41.3,"category":"bbear"},{"type":"B","date":"2018-03-21T02:40:45.000Z","volume":3200,"price":41.4,"category":"bbear"},{"type":"B","date":"2018-03-21T02:37:44.000Z","volume":2800,"price":41.5,"category":"bbear"},{"type":"B","date":"2018-03-21T02:37:15.000Z","volume":2000,"price":41.7,"category":"bbear"},{"type":"B","date":"2018-03-21T02:35:02.000Z","volume":2400,"price":41.65,"category":"bbear"},{"type":"B","date":"2018-03-21T02:17:24.000Z","volume":2800,"price":41.55,"category":"bbear"},{"type":"B","date":"2018-03-21T02:12:40.000Z","volume":2200,"price":41.85,"category":"bbear"},{"type":"B","date":"2018-03-21T02:12:02.000Z","volume":3400,"price":41.85,"category":"bbear"},{"type":"B","date":"2018-03-21T02:11:36.000Z","volume":2400,"price":41.85,"category":"bbear"},{"type":"B","date":"2018-03-21T02:05:41.000Z","volume":2000,"price":41.7,"category":"bbear"},{"type":"B","date":"2018-03-21T02:04:54.000Z","volume":2000,"price":41.7,"category":"bbear"},{"type":"B","date":"2018-03-21T02:02:16.000Z","volume":3200,"price":41.8,"category":"bbear"},{"type":"B","date":"2018-03-21T01:51:39.000Z","volume":2000,"price":41.75,"category":"bbear"},{"type":"B","date":"2018-03-21T01:50:51.000Z","volume":3000,"price":41.8,"category":"bbear"},{"type":"B","date":"2018-03-21T01:50:22.000Z","volume":3600,"price":42,"category":"bbear"},{"type":"B","date":"2018-03-21T01:50:22.000Z","volume":2200,"price":42,"category":"bbear"},{"type":"B","date":"2018-03-21T01:48:41.000Z","volume":3200,"price":42.25,"category":"bbear"},{"type":"B","date":"2018-03-21T01:47:35.000Z","volume":2600,"price":42.35,"category":"bbear"},{"type":"B","date":"2018-03-21T01:45:32.000Z","volume":1800,"price":42.5,"category":"bbear"},{"type":"B","date":"2018-03-21T01:45:32.000Z","volume":1800,"price":42.5,"category":"bbear"},{"type":"B","date":"2018-03-21T01:44:12.000Z","volume":3200,"price":42.5,"category":"bbear"},{"type":"B","date":"2018-03-21T01:43:42.000Z","volume":1800,"price":42.5,"category":"bbear"},{"type":"B","date":"2018-03-21T01:43:40.000Z","volume":3000,"price":42.5,"category":"bbear"},{"type":"B","date":"2018-03-21T01:43:40.000Z","volume":2800,"price":42.45,"category":"bbear"},{"type":"B","date":"2018-03-21T01:38:52.000Z","volume":3400,"price":42.45,"category":"bbear"},{"type":"B","date":"2018-03-21T01:37:29.000Z","volume":2200,"price":42.45,"category":"bbear"},{"type":"B","date":"2018-03-21T01:36:36.000Z","volume":4000,"price":42.6,"category":"bbear"},{"type":"B","date":"2018-03-21T01:36:18.000Z","volume":1800,"price":42.5,"category":"bbear"},{"type":"B","date":"2018-03-21T01:36:18.000Z","volume":4000,"price":42.5,"category":"bbear"},{"type":"B","date":"2018-03-21T01:35:28.000Z","volume":1800,"price":42.6,"category":"bbear"},{"type":"B","date":"2018-03-21T01:32:11.000Z","volume":2600,"price":42.1,"category":"bbear"},{"type":"B","date":"2018-03-21T01:32:11.000Z","volume":3200,"price":42.15,"category":"bbear"},{"type":"B","date":"2018-03-21T01:30:40.000Z","volume":2000,"price":42.4,"category":"bbear"},{"type":"B","date":"2018-03-21T01:30:40.000Z","volume":3000,"price":42.45,"category":"bbear"},{"type":"B","date":"2018-03-21T07:53:24.000Z","volume":10000,"price":40.7,"category":"ubbear"},{"type":"B","date":"2018-03-21T07:51:14.000Z","volume":9800,"price":40.75,"category":"ubbear"},{"type":"B","date":"2018-03-21T07:44:32.000Z","volume":20000,"price":40.45,"category":"ubbear"},{"type":"B","date":"2018-03-21T07:44:32.000Z","volume":4800,"price":40.9,"category":"ubbear"},{"type":"B","date":"2018-03-21T07:12:49.000Z","volume":8000,"price":40.35,"category":"ubbear"},{"type":"B","date":"2018-03-21T06:55:57.000Z","volume":8000,"price":40.1,"category":"ubbear"},{"type":"B","date":"2018-03-21T06:41:23.000Z","volume":4200,"price":40.45,"category":"ubbear"},{"type":"B","date":"2018-03-21T06:41:23.000Z","volume":18000,"price":40.45,"category":"ubbear"},{"type":"B","date":"2018-03-21T06:34:24.000Z","volume":4200,"price":40.2,"category":"ubbear"},{"type":"B","date":"2018-03-21T06:32:01.000Z","volume":7600,"price":40.3,"category":"ubbear"},{"type":"B","date":"2018-03-21T06:29:50.000Z","volume":5000,"price":40.5,"category":"ubbear"},{"type":"B","date":"2018-03-21T06:29:40.000Z","volume":5000,"price":40.5,"category":"ubbear"},{"type":"B","date":"2018-03-21T06:26:27.000Z","volume":10000,"price":40.6,"category":"ubbear"},{"type":"B","date":"2018-03-21T06:24:55.000Z","volume":5000,"price":40.65,"category":"ubbear"},{"type":"B","date":"2018-03-21T06:22:25.000Z","volume":5000,"price":40.5,"category":"ubbear"},{"type":"B","date":"2018-03-21T06:21:55.000Z","volume":10000,"price":40.5,"category":"ubbear"},{"type":"B","date":"2018-03-21T06:21:43.000Z","volume":10000,"price":40.5,"category":"ubbear"},{"type":"B","date":"2018-03-21T06:21:36.000Z","volume":10000,"price":40.5,"category":"ubbear"},{"type":"B","date":"2018-03-21T06:21:11.000Z","volume":10000,"price":40.5,"category":"ubbear"},{"type":"B","date":"2018-03-21T06:21:06.000Z","volume":10000,"price":40.5,"category":"ubbear"},{"type":"B","date":"2018-03-21T06:21:05.000Z","volume":10000,"price":40.5,"category":"ubbear"},{"type":"B","date":"2018-03-21T06:20:54.000Z","volume":10000,"price":40.5,"category":"ubbear"},{"type":"B","date":"2018-03-21T06:20:21.000Z","volume":5400,"price":40.5,"category":"ubbear"},{"type":"B","date":"2018-03-21T06:20:21.000Z","volume":22400,"price":40.5,"category":"ubbear"},{"type":"B","date":"2018-03-21T06:18:47.000Z","volume":6200,"price":40.7,"category":"ubbear"},{"type":"B","date":"2018-03-21T06:18:32.000Z","volume":6600,"price":40.75,"category":"ubbear"},{"type":"B","date":"2018-03-21T06:12:23.000Z","volume":28600,"price":41,"category":"ubbear"},{"type":"B","date":"2018-03-21T06:12:23.000Z","volume":10400,"price":41.05,"category":"ubbear"},{"type":"B","date":"2018-03-21T06:12:23.000Z","volume":9600,"price":41.1,"category":"ubbear"},{"type":"B","date":"2018-03-21T06:03:00.000Z","volume":4200,"price":41.25,"category":"ubbear"},{"type":"B","date":"2018-03-21T05:56:07.000Z","volume":5000,"price":41.3,"category":"ubbear"},{"type":"B","date":"2018-03-21T05:55:45.000Z","volume":25000,"price":41.3,"category":"ubbear"},{"type":"B","date":"2018-03-21T05:32:44.000Z","volume":5000,"price":41.3,"category":"ubbear"},{"type":"B","date":"2018-03-21T05:30:48.000Z","volume":5000,"price":41.3,"category":"ubbear"},{"type":"B","date":"2018-03-21T05:28:39.000Z","volume":5000,"price":41.35,"category":"ubbear"},{"type":"B","date":"2018-03-21T05:11:09.000Z","volume":6200,"price":41.3,"category":"ubbear"},{"type":"B","date":"2018-03-21T05:10:50.000Z","volume":7600,"price":41.4,"category":"ubbear"},{"type":"B","date":"2018-03-21T05:10:50.000Z","volume":14400,"price":41.4,"category":"ubbear"},{"type":"B","date":"2018-03-21T05:10:50.000Z","volume":4800,"price":41.45,"category":"ubbear"},{"type":"B","date":"2018-03-21T05:06:53.000Z","volume":4800,"price":41.55,"category":"ubbear"},{"type":"B","date":"2018-03-21T03:42:56.000Z","volume":4400,"price":41.4,"category":"ubbear"},{"type":"B","date":"2018-03-21T03:41:55.000Z","volume":5000,"price":41.4,"category":"ubbear"},{"type":"B","date":"2018-03-21T03:40:50.000Z","volume":5000,"price":41.45,"category":"ubbear"},{"type":"B","date":"2018-03-21T03:38:57.000Z","volume":10000,"price":41.4,"category":"ubbear"},{"type":"B","date":"2018-03-21T03:29:38.000Z","volume":4600,"price":41.8,"category":"ubbear"},{"type":"B","date":"2018-03-21T03:25:22.000Z","volume":4200,"price":41.5,"category":"ubbear"},{"type":"B","date":"2018-03-21T03:25:22.000Z","volume":5400,"price":41.55,"category":"ubbear"},{"type":"B","date":"2018-03-21T03:20:33.000Z","volume":6200,"price":42,"category":"ubbear"},{"type":"B","date":"2018-03-21T02:46:39.000Z","volume":7400,"price":41,"category":"ubbear"},{"type":"B","date":"2018-03-21T02:45:44.000Z","volume":11800,"price":41,"category":"ubbear"},{"type":"B","date":"2018-03-21T02:45:12.000Z","volume":5000,"price":41.15,"category":"ubbear"},{"type":"B","date":"2018-03-21T02:41:02.000Z","volume":11400,"price":41.45,"category":"ubbear"},{"type":"B","date":"2018-03-21T02:40:45.000Z","volume":5400,"price":41.35,"category":"ubbear"},{"type":"B","date":"2018-03-21T02:38:56.000Z","volume":4400,"price":41.4,"category":"ubbear"},{"type":"B","date":"2018-03-21T02:38:56.000Z","volume":7600,"price":41.45,"category":"ubbear"},{"type":"B","date":"2018-03-21T02:29:46.000Z","volume":5000,"price":41.65,"category":"ubbear"},{"type":"B","date":"2018-03-21T02:24:25.000Z","volume":11000,"price":41.5,"category":"ubbear"},{"type":"B","date":"2018-03-21T02:24:08.000Z","volume":10000,"price":41.5,"category":"ubbear"},{"type":"B","date":"2018-03-21T02:23:08.000Z","volume":11400,"price":41.5,"category":"ubbear"},{"type":"B","date":"2018-03-21T02:19:53.000Z","volume":7600,"price":41.5,"category":"ubbear"},{"type":"B","date":"2018-03-21T02:19:15.000Z","volume":13000,"price":41.5,"category":"ubbear"},{"type":"B","date":"2018-03-21T02:18:42.000Z","volume":8000,"price":41.5,"category":"ubbear"},{"type":"B","date":"2018-03-21T02:18:07.000Z","volume":11400,"price":41.5,"category":"ubbear"},{"type":"B","date":"2018-03-21T02:17:43.000Z","volume":4800,"price":41.5,"category":"ubbear"},{"type":"B","date":"2018-03-21T02:17:43.000Z","volume":8200,"price":41.65,"category":"ubbear"},{"type":"B","date":"2018-03-21T02:17:24.000Z","volume":9000,"price":41.5,"category":"ubbear"},{"type":"B","date":"2018-03-21T02:16:10.000Z","volume":5000,"price":41.6,"category":"ubbear"},{"type":"B","date":"2018-03-21T02:14:08.000Z","volume":16000,"price":41.5,"category":"ubbear"},{"type":"B","date":"2018-03-21T02:13:45.000Z","volume":5400,"price":41.5,"category":"ubbear"},{"type":"B","date":"2018-03-21T02:12:50.000Z","volume":13400,"price":41.5,"category":"ubbear"},{"type":"B","date":"2018-03-21T02:12:24.000Z","volume":9200,"price":41.5,"category":"ubbear"},{"type":"B","date":"2018-03-21T02:12:24.000Z","volume":19800,"price":41.5,"category":"ubbear"},{"type":"B","date":"2018-03-21T02:12:04.000Z","volume":4800,"price":41.6,"category":"ubbear"},{"type":"B","date":"2018-03-21T02:11:36.000Z","volume":5800,"price":41.65,"category":"ubbear"},{"type":"B","date":"2018-03-21T02:06:49.000Z","volume":5000,"price":41.65,"category":"ubbear"},{"type":"B","date":"2018-03-21T02:03:08.000Z","volume":8000,"price":41.7,"category":"ubbear"},{"type":"B","date":"2018-03-21T02:02:16.000Z","volume":6000,"price":41.75,"category":"ubbear"},{"type":"B","date":"2018-03-21T02:00:46.000Z","volume":9800,"price":41.8,"category":"ubbear"},{"type":"B","date":"2018-03-21T01:56:14.000Z","volume":7600,"price":41.8,"category":"ubbear"},{"type":"B","date":"2018-03-21T01:55:38.000Z","volume":6000,"price":41.9,"category":"ubbear"},{"type":"B","date":"2018-03-21T01:53:18.000Z","volume":11400,"price":42,"category":"ubbear"},{"type":"B","date":"2018-03-21T01:52:30.000Z","volume":40000,"price":42,"category":"ubbear"},{"type":"B","date":"2018-03-21T01:45:29.000Z","volume":8000,"price":42.5,"category":"ubbear"},{"type":"B","date":"2018-03-21T01:44:12.000Z","volume":7000,"price":42.5,"category":"ubbear"},{"type":"B","date":"2018-03-21T01:43:53.000Z","volume":6800,"price":42.5,"category":"ubbear"},{"type":"B","date":"2018-03-21T01:43:42.000Z","volume":5000,"price":42.5,"category":"ubbear"},{"type":"B","date":"2018-03-21T01:43:34.000Z","volume":11000,"price":42.5,"category":"ubbear"},{"type":"B","date":"2018-03-21T01:43:08.000Z","volume":10000,"price":42.5,"category":"ubbear"},{"type":"B","date":"2018-03-21T01:42:39.000Z","volume":15000,"price":42.5,"category":"ubbear"},{"type":"B","date":"2018-03-21T01:42:20.000Z","volume":7400,"price":42.5,"category":"ubbear"},{"type":"B","date":"2018-03-21T01:40:28.000Z","volume":6400,"price":42.5,"category":"ubbear"},{"type":"B","date":"2018-03-21T01:39:41.000Z","volume":10000,"price":42.5,"category":"ubbear"},{"type":"B","date":"2018-03-21T01:39:17.000Z","volume":5400,"price":42.5,"category":"ubbear"},{"type":"B","date":"2018-03-21T01:38:52.000Z","volume":6600,"price":42.5,"category":"ubbear"},{"type":"B","date":"2018-03-21T01:37:29.000Z","volume":9800,"price":42.5,"category":"ubbear"},{"type":"B","date":"2018-03-21T01:35:29.000Z","volume":23200,"price":42.45,"category":"ubbear"},{"type":"B","date":"2018-03-21T01:33:41.000Z","volume":6000,"price":42.2,"category":"ubbear"},{"type":"B","date":"2018-03-21T01:33:13.000Z","volume":11000,"price":42.2,"category":"ubbear"},{"type":"B","date":"2018-03-21T01:32:11.000Z","volume":4200,"price":42.1,"category":"ubbear"},{"type":"B","date":"2018-03-21T01:31:06.000Z","volume":4400,"price":42.1,"category":"ubbear"},{"type":"B","date":"2018-03-21T01:30:35.000Z","volume":5000,"price":42.45,"category":"ubbear"}]