[{"type":"B","date":"2018-04-06T01:30:01.000Z","volume":2000,"label":" ","price":2.63},{"type":"B","date":"2018-04-06T01:30:02.000Z","volume":2000,"label":" ","price":2.63},{"type":"A","date":"2018-04-06T01:30:19.000Z","volume":46000,"label":" ","price":2.67},{"type":"A","date":"2018-04-06T01:30:19.000Z","volume":2000,"label":" ","price":2.68},{"type":"A","date":"2018-04-06T01:38:11.000Z","volume":50000,"label":" ","price":2.65},{"type":"A","date":"2018-04-06T01:44:22.000Z","volume":30000,"label":" ","price":2.65},{"type":"A","date":"2018-04-06T01:44:24.000Z","volume":20000,"label":" ","price":2.65},{"type":"A","date":"2018-04-06T01:44:45.000Z","volume":38000,"label":" ","price":2.65},{"type":"A","date":"2018-04-06T01:44:50.000Z","volume":12000,"label":" ","price":2.65},{"type":"A","date":"2018-04-06T01:45:14.000Z","volume":16000,"label":" ","price":2.65},{"type":"A","date":"2018-04-06T01:45:14.000Z","volume":34000,"label":" ","price":2.67},{"type":"A","date":"2018-04-06T02:41:25.000Z","volume":2000,"label":" ","price":2.65},{"type":"B","date":"2018-04-06T02:51:11.000Z","volume":20000,"label":" ","price":2.63},{"type":"A","date":"2018-04-06T02:55:03.000Z","volume":2000,"label":" ","price":2.65},{"type":"A","date":"2018-04-06T05:23:26.000Z","volume":8000,"label":" ","price":2.65},{"type":"A","date":"2018-04-06T05:47:09.000Z","volume":2000,"label":" ","price":2.65},{"type":"B","date":"2018-04-06T06:43:56.000Z","volume":24000,"label":" ","price":2.64},{"type":"B","date":"2018-04-06T06:44:04.000Z","volume":26000,"label":" ","price":2.64},{"type":"B","date":"2018-04-06T06:52:20.000Z","volume":20000,"label":" ","price":2.64},{"type":"A","date":"2018-04-06T06:52:20.000Z","volume":2000,"label":" ","price":2.64},{"type":"A","date":"2018-04-06T06:52:20.000Z","volume":2000,"label":" ","price":2.64},{"type":"A","date":"2018-04-06T06:52:20.000Z","volume":2000,"label":" ","price":2.64},{"type":"A","date":"2018-04-06T06:52:20.000Z","volume":2000,"label":" ","price":2.64},{"type":"A","date":"2018-04-06T06:52:31.000Z","volume":18000,"label":" ","price":2.64},{"type":"A","date":"2018-04-06T06:52:31.000Z","volume":2000,"label":" ","price":2.65},{"type":"A","date":"2018-04-06T06:53:09.000Z","volume":16000,"label":" ","price":2.64},{"type":"B","date":"2018-04-06T06:58:59.000Z","volume":22000,"label":" ","price":2.64},{"type":"A","date":"2018-04-06T06:59:41.000Z","volume":50000,"label":" ","price":2.64},{"type":"A","date":"2018-04-06T07:00:43.000Z","volume":32000,"label":" ","price":2.64},{"type":"A","date":"2018-04-06T07:00:59.000Z","volume":18000,"label":" ","price":2.64},{"type":"B","date":"2018-04-06T07:01:10.000Z","volume":2000,"label":" ","price":2.63},{"type":"A","date":"2018-04-06T07:02:03.000Z","volume":2000,"label":" ","price":2.64},{"type":"A","date":"2018-04-06T07:04:11.000Z","volume":42000,"label":" ","price":2.64},{"type":"A","date":"2018-04-06T07:04:20.000Z","volume":8000,"label":" ","price":2.64},{"type":"A","date":"2018-04-06T07:06:05.000Z","volume":50000,"label":" ","price":2.64},{"type":"A","date":"2018-04-06T07:23:14.000Z","volume":50000,"label":" ","price":2.64},{"type":"B","date":"2018-04-06T07:23:17.000Z","volume":2000,"label":" ","price":2.63},{"type":"A","date":"2018-04-06T07:25:29.000Z","volume":38000,"label":" ","price":2.64},{"type":"A","date":"2018-04-06T07:25:40.000Z","volume":12000,"label":" ","price":2.64},{"type":"A","date":"2018-04-06T07:26:45.000Z","volume":40000,"label":" ","price":2.64},{"type":"A","date":"2018-04-06T07:26:59.000Z","volume":10000,"label":" ","price":2.64},{"type":"A","date":"2018-04-06T07:28:08.000Z","volume":36000,"label":" ","price":2.64},{"type":"A","date":"2018-04-06T07:28:18.000Z","volume":14000,"label":" ","price":2.64},{"type":"B","date":"2018-04-06T07:49:03.000Z","volume":16000,"label":" ","price":2.63},{"type":"B","date":"2018-04-06T07:49:03.000Z","volume":2000,"label":" ","price":2.63},{"type":"B","date":"2018-04-06T07:49:03.000Z","volume":2000,"label":" ","price":2.63},{"type":"B","date":"2018-04-06T07:49:03.000Z","volume":2000,"label":" ","price":2.63},{"type":"B","date":"2018-04-06T07:49:03.000Z","volume":2000,"label":" ","price":2.63},{"type":"A","date":"2018-04-06T07:51:24.000Z","volume":10000,"label":" ","price":2.63},{"type":"A","date":"2018-04-06T07:51:33.000Z","volume":2000,"label":" ","price":2.65},{"type":"B","date":"2018-04-06T07:53:23.000Z","volume":28000,"label":" ","price":2.63},{"type":"A","date":"2018-04-06T07:53:39.000Z","volume":2000,"label":" ","price":2.65},{"type":"B","date":"2018-04-06T07:53:47.000Z","volume":2000,"label":" ","price":2.62},{"type":"A","date":"2018-04-06T07:56:53.000Z","volume":2000,"label":" ","price":2.64},{"type":"U","date":"2018-04-06T08:08:20.000Z","volume":22000,"label":"U","price":2.65}]