[{"type":"A","date":"2018-04-19T01:51:57.000Z","volume":1000,"label":" ","price":4.61},{"type":"A","date":"2018-04-19T01:53:17.000Z","volume":1000,"label":" ","price":4.61},{"type":"A","date":"2018-04-19T01:54:47.000Z","volume":1000,"label":" ","price":4.61},{"type":"A","date":"2018-04-19T01:56:47.000Z","volume":2000,"label":" ","price":4.61},{"type":"A","date":"2018-04-19T01:59:33.000Z","volume":2000,"label":" ","price":4.62},{"type":"A","date":"2018-04-19T02:00:29.000Z","volume":2000,"label":" ","price":4.63},{"type":"A","date":"2018-04-19T02:01:58.000Z","volume":3000,"label":" ","price":4.64},{"type":"B","date":"2018-04-19T02:02:45.000Z","volume":1000,"label":" ","price":4.63},{"type":"B","date":"2018-04-19T02:02:45.000Z","volume":1000,"label":" ","price":4.63},{"type":"A","date":"2018-04-19T02:03:54.000Z","volume":2000,"label":" ","price":4.64},{"type":"A","date":"2018-04-19T02:04:19.000Z","volume":2000,"label":" ","price":4.64},{"type":"A","date":"2018-04-19T02:05:07.000Z","volume":4000,"label":" ","price":4.64},{"type":"B","date":"2018-04-19T02:05:22.000Z","volume":5000,"label":" ","price":4.62},{"type":"B","date":"2018-04-19T02:05:28.000Z","volume":10000,"label":" ","price":4.62},{"type":"B","date":"2018-04-19T02:05:28.000Z","volume":3000,"label":" ","price":4.62},{"type":"A","date":"2018-04-19T02:07:05.000Z","volume":2000,"label":" ","price":4.64},{"type":"A","date":"2018-04-19T02:07:29.000Z","volume":6000,"label":" ","price":4.64},{"type":"A","date":"2018-04-19T02:09:13.000Z","volume":2000,"label":" ","price":4.64},{"type":"A","date":"2018-04-19T02:10:29.000Z","volume":5000,"label":" ","price":4.64},{"type":"A","date":"2018-04-19T02:10:51.000Z","volume":1000,"label":" ","price":4.64},{"type":"A","date":"2018-04-19T02:11:16.000Z","volume":4000,"label":" ","price":4.65},{"type":"A","date":"2018-04-19T02:12:12.000Z","volume":3000,"label":" ","price":4.65},{"type":"A","date":"2018-04-19T02:15:47.000Z","volume":1000,"label":" ","price":4.64},{"type":"A","date":"2018-04-19T02:15:47.000Z","volume":18000,"label":" ","price":4.65},{"type":"A","date":"2018-04-19T02:15:47.000Z","volume":1000,"label":" ","price":4.66},{"type":"A","date":"2018-04-19T02:16:47.000Z","volume":9000,"label":" ","price":4.68},{"type":"A","date":"2018-04-19T02:16:47.000Z","volume":11000,"label":" ","price":4.69},{"type":"A","date":"2018-04-19T02:18:07.000Z","volume":6000,"label":" ","price":4.69},{"type":"A","date":"2018-04-19T02:18:25.000Z","volume":3000,"label":" ","price":4.7},{"type":"A","date":"2018-04-19T02:19:57.000Z","volume":18000,"label":" ","price":4.7},{"type":"B","date":"2018-04-19T02:20:15.000Z","volume":8000,"label":" ","price":4.61},{"type":"A","date":"2018-04-19T02:20:16.000Z","volume":4000,"label":" ","price":4.69},{"type":"A","date":"2018-04-19T02:20:31.000Z","volume":3000,"label":" ","price":4.69},{"type":"A","date":"2018-04-19T02:20:31.000Z","volume":4000,"label":" ","price":4.7},{"type":"A","date":"2018-04-19T02:20:31.000Z","volume":3000,"label":" ","price":4.7},{"type":"A","date":"2018-04-19T02:20:49.000Z","volume":1000,"label":" ","price":4.73},{"type":"A","date":"2018-04-19T02:20:49.000Z","volume":8000,"label":" ","price":4.74},{"type":"A","date":"2018-04-19T02:20:49.000Z","volume":11000,"label":" ","price":4.75},{"type":"A","date":"2018-04-19T02:21:11.000Z","volume":26000,"label":" ","price":4.75},{"type":"A","date":"2018-04-19T02:21:11.000Z","volume":3000,"label":" ","price":4.76},{"type":"B","date":"2018-04-19T02:21:11.000Z","volume":1000,"label":" ","price":4.76},{"type":"A","date":"2018-04-19T02:21:43.000Z","volume":32000,"label":" ","price":4.76},{"type":"A","date":"2018-04-19T02:21:43.000Z","volume":93000,"label":" ","price":4.77},{"type":"A","date":"2018-04-19T02:21:43.000Z","volume":20000,"label":" ","price":4.78},{"type":"B","date":"2018-04-19T02:21:44.000Z","volume":5000,"label":" ","price":4.78},{"type":"A","date":"2018-04-19T02:22:13.000Z","volume":15000,"label":" ","price":4.76},{"type":"A","date":"2018-04-19T02:22:13.000Z","volume":40000,"label":" ","price":4.77},{"type":"A","date":"2018-04-19T02:22:13.000Z","volume":75000,"label":" ","price":4.79},{"type":"A","date":"2018-04-19T02:23:03.000Z","volume":40000,"label":" ","price":4.78},{"type":"A","date":"2018-04-19T02:23:03.000Z","volume":10000,"label":" ","price":4.79},{"type":"A","date":"2018-04-19T02:23:33.000Z","volume":33000,"label":" ","price":4.79},{"type":"A","date":"2018-04-19T02:23:33.000Z","volume":27000,"label":" ","price":4.8},{"type":"A","date":"2018-04-19T02:24:43.000Z","volume":30000,"label":" ","price":4.8},{"type":"A","date":"2018-04-19T02:24:55.000Z","volume":20000,"label":" ","price":4.8},{"type":"A","date":"2018-04-19T02:25:11.000Z","volume":25000,"label":" ","price":4.8},{"type":"A","date":"2018-04-19T02:26:27.000Z","volume":5000,"label":" ","price":4.78},{"type":"A","date":"2018-04-19T02:26:42.000Z","volume":6000,"label":" ","price":4.78},{"type":"A","date":"2018-04-19T02:27:00.000Z","volume":8000,"label":" ","price":4.78},{"type":"A","date":"2018-04-19T02:27:27.000Z","volume":6000,"label":" ","price":4.78},{"type":"A","date":"2018-04-19T02:27:42.000Z","volume":25000,"label":" ","price":4.77},{"type":"A","date":"2018-04-19T02:28:35.000Z","volume":30000,"label":" ","price":4.76},{"type":"A","date":"2018-04-19T02:28:51.000Z","volume":20000,"label":" ","price":4.76},{"type":"A","date":"2018-04-19T02:29:09.000Z","volume":30000,"label":" ","price":4.76},{"type":"A","date":"2018-04-19T02:29:26.000Z","volume":21000,"label":" ","price":4.76},{"type":"A","date":"2018-04-19T02:29:40.000Z","volume":24000,"label":" ","price":4.76},{"type":"A","date":"2018-04-19T02:30:06.000Z","volume":22000,"label":" ","price":4.76},{"type":"A","date":"2018-04-19T02:30:56.000Z","volume":30000,"label":" ","price":4.76},{"type":"A","date":"2018-04-19T02:31:10.000Z","volume":20000,"label":" ","price":4.76},{"type":"A","date":"2018-04-19T02:31:28.000Z","volume":28000,"label":" ","price":4.76},{"type":"A","date":"2018-04-19T02:32:01.000Z","volume":70000,"label":" ","price":4.76},{"type":"A","date":"2018-04-19T02:33:15.000Z","volume":20000,"label":" ","price":4.75},{"type":"A","date":"2018-04-19T02:33:31.000Z","volume":60000,"label":" ","price":4.75},{"type":"A","date":"2018-04-19T02:33:48.000Z","volume":30000,"label":" ","price":4.75},{"type":"A","date":"2018-04-19T02:34:08.000Z","volume":30000,"label":" ","price":4.74},{"type":"A","date":"2018-04-19T02:34:57.000Z","volume":20000,"label":" ","price":4.74},{"type":"A","date":"2018-04-19T02:34:57.000Z","volume":70000,"label":" ","price":4.75},{"type":"B","date":"2018-04-19T02:35:56.000Z","volume":5000,"label":" ","price":4.75},{"type":"A","date":"2018-04-19T02:40:47.000Z","volume":1000,"label":" ","price":4.74},{"type":"B","date":"2018-04-19T03:30:36.000Z","volume":1000,"label":" ","price":4.67},{"type":"A","date":"2018-04-19T03:32:21.000Z","volume":1000,"label":" ","price":4.68},{"type":"A","date":"2018-04-19T03:34:06.000Z","volume":50000,"label":" ","price":4.7},{"type":"B","date":"2018-04-19T03:35:10.000Z","volume":50000,"label":" ","price":4.7},{"type":"A","date":"2018-04-19T05:10:21.000Z","volume":1000,"label":" ","price":4.68},{"type":"A","date":"2018-04-19T05:21:05.000Z","volume":4000,"label":" ","price":4.69},{"type":"B","date":"2018-04-19T05:25:08.000Z","volume":4000,"label":" ","price":4.67},{"type":"B","date":"2018-04-19T05:25:23.000Z","volume":14000,"label":" ","price":4.66},{"type":"B","date":"2018-04-19T05:25:42.000Z","volume":20000,"label":" ","price":4.65},{"type":"B","date":"2018-04-19T05:25:42.000Z","volume":8000,"label":" ","price":4.65},{"type":"A","date":"2018-04-19T05:49:18.000Z","volume":1000,"label":" ","price":4.67},{"type":"B","date":"2018-04-19T05:51:23.000Z","volume":1000,"label":" ","price":4.65},{"type":"A","date":"2018-04-19T05:57:21.000Z","volume":1000,"label":" ","price":4.66},{"type":"A","date":"2018-04-19T06:03:21.000Z","volume":1000,"label":" ","price":4.66},{"type":"A","date":"2018-04-19T06:08:57.000Z","volume":5000,"label":" ","price":4.67},{"type":"A","date":"2018-04-19T06:09:26.000Z","volume":3000,"label":" ","price":4.67},{"type":"B","date":"2018-04-19T06:10:11.000Z","volume":1000,"label":" ","price":4.65},{"type":"A","date":"2018-04-19T06:12:10.000Z","volume":3000,"label":" ","price":4.67},{"type":"A","date":"2018-04-19T06:12:52.000Z","volume":2000,"label":" ","price":4.67},{"type":"B","date":"2018-04-19T06:13:13.000Z","volume":5000,"label":" ","price":4.63},{"type":"B","date":"2018-04-19T06:14:20.000Z","volume":5000,"label":" ","price":4.63},{"type":"B","date":"2018-04-19T06:14:20.000Z","volume":5000,"label":" ","price":4.62},{"type":"B","date":"2018-04-19T06:16:11.000Z","volume":2000,"label":" ","price":4.63},{"type":"A","date":"2018-04-19T06:16:13.000Z","volume":1000,"label":" ","price":4.63},{"type":"A","date":"2018-04-19T06:16:13.000Z","volume":1000,"label":" ","price":4.64},{"type":"B","date":"2018-04-19T06:19:20.000Z","volume":10000,"label":" ","price":4.63},{"type":"A","date":"2018-04-19T06:23:06.000Z","volume":1000,"label":" ","price":4.63},{"type":"A","date":"2018-04-19T06:23:14.000Z","volume":1000,"label":" ","price":4.63},{"type":"A","date":"2018-04-19T06:25:12.000Z","volume":4000,"label":" ","price":4.64},{"type":"A","date":"2018-04-19T06:25:25.000Z","volume":6000,"label":" ","price":4.64},{"type":"A","date":"2018-04-19T06:42:00.000Z","volume":6000,"label":" ","price":4.66},{"type":"A","date":"2018-04-19T06:42:46.000Z","volume":3000,"label":" ","price":4.67},{"type":"B","date":"2018-04-19T06:43:03.000Z","volume":5000,"label":" ","price":4.66},{"type":"A","date":"2018-04-19T06:44:10.000Z","volume":3000,"label":" ","price":4.67},{"type":"A","date":"2018-04-19T06:44:11.000Z","volume":3000,"label":" ","price":4.67},{"type":"A","date":"2018-04-19T06:46:56.000Z","volume":3000,"label":" ","price":4.67},{"type":"B","date":"2018-04-19T06:47:24.000Z","volume":1000,"label":" ","price":4.66},{"type":"B","date":"2018-04-19T06:47:26.000Z","volume":1000,"label":" ","price":4.66},{"type":"B","date":"2018-04-19T06:48:32.000Z","volume":1000,"label":" ","price":4.66},{"type":"A","date":"2018-04-19T06:50:34.000Z","volume":2000,"label":" ","price":4.67},{"type":"A","date":"2018-04-19T06:56:11.000Z","volume":2000,"label":" ","price":4.67},{"type":"A","date":"2018-04-19T06:57:46.000Z","volume":2000,"label":" ","price":4.67},{"type":"A","date":"2018-04-19T07:02:11.000Z","volume":1000,"label":" ","price":4.67},{"type":"A","date":"2018-04-19T07:02:34.000Z","volume":2000,"label":" ","price":4.67},{"type":"A","date":"2018-04-19T07:08:16.000Z","volume":1000,"label":" ","price":4.67},{"type":"A","date":"2018-04-19T07:14:16.000Z","volume":2000,"label":" ","price":4.67},{"type":"B","date":"2018-04-19T07:14:21.000Z","volume":2000,"label":" ","price":4.66},{"type":"A","date":"2018-04-19T07:19:27.000Z","volume":1000,"label":" ","price":4.67},{"type":"A","date":"2018-04-19T07:20:16.000Z","volume":1000,"label":" ","price":4.67},{"type":"A","date":"2018-04-19T07:23:26.000Z","volume":2000,"label":" ","price":4.67},{"type":"B","date":"2018-04-19T07:25:12.000Z","volume":16000,"label":" ","price":4.66},{"type":"A","date":"2018-04-19T07:25:56.000Z","volume":2000,"label":" ","price":4.67},{"type":"B","date":"2018-04-19T07:32:03.000Z","volume":1000,"label":" ","price":4.64},{"type":"A","date":"2018-04-19T07:37:45.000Z","volume":1000,"label":" ","price":4.66},{"type":"A","date":"2018-04-19T07:44:31.000Z","volume":4000,"label":" ","price":4.66},{"type":"A","date":"2018-04-19T07:53:21.000Z","volume":2000,"label":" ","price":4.65},{"type":"A","date":"2018-04-19T07:54:09.000Z","volume":1000,"label":" ","price":4.66},{"type":"B","date":"2018-04-19T07:56:28.000Z","volume":4000,"label":" ","price":4.65},{"type":"A","date":"2018-04-19T07:56:47.000Z","volume":10000,"label":" ","price":4.66},{"type":"B","date":"2018-04-19T07:58:29.000Z","volume":1000,"label":" ","price":4.63},{"type":"A","date":"2018-04-19T07:58:56.000Z","volume":1000,"label":" ","price":4.66},{"type":"B","date":"2018-04-19T07:59:04.000Z","volume":1000,"label":" ","price":4.63},{"type":"B","date":"2018-04-19T07:59:10.000Z","volume":1000,"label":" ","price":4.62},{"type":"A","date":"2018-04-19T07:59:40.000Z","volume":14000,"label":" ","price":4.66},{"type":"A","date":"2018-04-19T07:59:40.000Z","volume":12000,"label":" ","price":4.67},{"type":"A","date":"2018-04-19T07:59:40.000Z","volume":4000,"label":" ","price":4.68}]