[{"type":"A","date":"2018-04-19T01:30:04.000Z","volume":1000,"label":" ","price":3.8},{"type":"A","date":"2018-04-19T01:59:16.000Z","volume":3000,"label":" ","price":3.79},{"type":"B","date":"2018-04-19T01:59:18.000Z","volume":1000,"label":" ","price":3.77},{"type":"B","date":"2018-04-19T01:59:25.000Z","volume":1000,"label":" ","price":3.78},{"type":"A","date":"2018-04-19T02:00:15.000Z","volume":3000,"label":" ","price":3.78},{"type":"B","date":"2018-04-19T02:34:14.000Z","volume":1000,"label":" ","price":3.76},{"type":"A","date":"2018-04-19T02:34:22.000Z","volume":4000,"label":" ","price":3.77},{"type":"B","date":"2018-04-19T02:34:23.000Z","volume":1000,"label":" ","price":3.76},{"type":"B","date":"2018-04-19T02:34:43.000Z","volume":1000,"label":" ","price":3.76},{"type":"B","date":"2018-04-19T02:34:43.000Z","volume":1000,"label":" ","price":3.76},{"type":"A","date":"2018-04-19T02:42:00.000Z","volume":16000,"label":" ","price":3.77},{"type":"B","date":"2018-04-19T02:50:34.000Z","volume":3000,"label":" ","price":3.77},{"type":"B","date":"2018-04-19T02:51:55.000Z","volume":12000,"label":" ","price":3.76},{"type":"B","date":"2018-04-19T02:52:02.000Z","volume":4000,"label":" ","price":3.73},{"type":"B","date":"2018-04-19T02:55:55.000Z","volume":3000,"label":" ","price":3.73},{"type":"A","date":"2018-04-19T03:09:45.000Z","volume":1000,"label":" ","price":3.77},{"type":"A","date":"2018-04-19T03:16:51.000Z","volume":1000,"label":" ","price":3.8},{"type":"A","date":"2018-04-19T03:22:09.000Z","volume":13000,"label":" ","price":3.8},{"type":"A","date":"2018-04-19T03:22:37.000Z","volume":25000,"label":" ","price":3.83},{"type":"A","date":"2018-04-19T03:23:05.000Z","volume":31000,"label":" ","price":3.84},{"type":"B","date":"2018-04-19T03:33:02.000Z","volume":1000,"label":" ","price":3.8},{"type":"B","date":"2018-04-19T03:44:21.000Z","volume":3000,"label":" ","price":3.78},{"type":"B","date":"2018-04-19T05:00:00.000Z","volume":4000,"label":" ","price":3.78},{"type":"B","date":"2018-04-19T05:03:17.000Z","volume":1000,"label":" ","price":3.77},{"type":"B","date":"2018-04-19T05:54:27.000Z","volume":52000,"label":" ","price":3.76},{"type":"B","date":"2018-04-19T06:00:05.000Z","volume":6000,"label":" ","price":3.74},{"type":"B","date":"2018-04-19T06:03:56.000Z","volume":3000,"label":" ","price":3.74},{"type":"B","date":"2018-04-19T06:04:38.000Z","volume":1000,"label":" ","price":3.74},{"type":"B","date":"2018-04-19T06:04:40.000Z","volume":2000,"label":" ","price":3.74},{"type":"B","date":"2018-04-19T06:07:49.000Z","volume":4000,"label":" ","price":3.74},{"type":"A","date":"2018-04-19T06:12:32.000Z","volume":1000,"label":" ","price":3.76},{"type":"B","date":"2018-04-19T06:57:28.000Z","volume":46000,"label":" ","price":3.74},{"type":"B","date":"2018-04-19T06:57:28.000Z","volume":75000,"label":" ","price":3.73},{"type":"B","date":"2018-04-19T06:57:28.000Z","volume":13000,"label":" ","price":3.72},{"type":"B","date":"2018-04-19T06:57:49.000Z","volume":4000,"label":" ","price":3.72},{"type":"B","date":"2018-04-19T07:00:33.000Z","volume":40000,"label":" ","price":3.72},{"type":"B","date":"2018-04-19T07:00:33.000Z","volume":6000,"label":" ","price":3.72},{"type":"B","date":"2018-04-19T07:00:35.000Z","volume":4000,"label":" ","price":3.72},{"type":"B","date":"2018-04-19T07:00:35.000Z","volume":3000,"label":" ","price":3.72},{"type":"B","date":"2018-04-19T07:16:04.000Z","volume":6000,"label":" ","price":3.72},{"type":"B","date":"2018-04-19T07:16:53.000Z","volume":2000,"label":" ","price":3.72},{"type":"A","date":"2018-04-19T07:20:53.000Z","volume":32000,"label":" ","price":3.73},{"type":"B","date":"2018-04-19T07:33:56.000Z","volume":5000,"label":" ","price":3.73},{"type":"B","date":"2018-04-19T07:45:32.000Z","volume":5000,"label":" ","price":3.73},{"type":"A","date":"2018-04-19T07:52:13.000Z","volume":1000,"label":" ","price":3.78},{"type":"A","date":"2018-04-19T07:52:32.000Z","volume":1000,"label":" ","price":3.78},{"type":"B","date":"2018-04-19T07:56:44.000Z","volume":2000,"label":" ","price":3.73},{"type":"B","date":"2018-04-19T07:59:16.000Z","volume":1000,"label":" ","price":3.74},{"type":"B","date":"2018-04-19T07:59:18.000Z","volume":6000,"label":" ","price":3.73},{"type":"B","date":"2018-04-19T07:59:33.000Z","volume":1000,"label":" ","price":3.73}]