[{"type":"U","date":"2018-04-09T01:20:00.000Z","volume":12000,"label":"U","price":6.48},{"type":"A","date":"2018-04-09T01:30:02.000Z","volume":1000,"label":" ","price":7.18},{"type":"U","date":"2018-04-09T01:30:02.000Z","volume":1000,"label":" ","price":7.15},{"type":"A","date":"2018-04-09T01:30:31.000Z","volume":5000,"label":" ","price":7.18},{"type":"U","date":"2018-04-09T01:31:05.000Z","volume":1000,"label":" ","price":7},{"type":"A","date":"2018-04-09T01:31:59.000Z","volume":1000,"label":" ","price":7.1},{"type":"U","date":"2018-04-09T01:32:39.000Z","volume":1000,"label":" ","price":7},{"type":"A","date":"2018-04-09T01:44:20.000Z","volume":1000,"label":" ","price":7},{"type":"B","date":"2018-04-09T01:47:56.000Z","volume":1000,"label":" ","price":6.95},{"type":"B","date":"2018-04-09T01:47:56.000Z","volume":1000,"label":" ","price":6.92},{"type":"B","date":"2018-04-09T01:47:56.000Z","volume":1000,"label":" ","price":6.91},{"type":"A","date":"2018-04-09T01:48:35.000Z","volume":1000,"label":" ","price":7},{"type":"B","date":"2018-04-09T01:48:39.000Z","volume":1000,"label":" ","price":7},{"type":"A","date":"2018-04-09T02:11:09.000Z","volume":1000,"label":" ","price":7.09},{"type":"A","date":"2018-04-09T02:40:01.000Z","volume":1000,"label":" ","price":7.1},{"type":"A","date":"2018-04-09T03:16:16.000Z","volume":1000,"label":" ","price":7.1},{"type":"A","date":"2018-04-09T03:53:05.000Z","volume":1000,"label":" ","price":7.1},{"type":"A","date":"2018-04-09T05:28:09.000Z","volume":1000,"label":" ","price":7.1},{"type":"B","date":"2018-04-09T05:28:09.000Z","volume":1000,"label":" ","price":7.1},{"type":"A","date":"2018-04-09T06:04:57.000Z","volume":1000,"label":" ","price":7.1},{"type":"A","date":"2018-04-09T06:28:44.000Z","volume":4000,"label":" ","price":7.1},{"type":"A","date":"2018-04-09T06:31:05.000Z","volume":1000,"label":" ","price":7.15},{"type":"A","date":"2018-04-09T07:01:02.000Z","volume":1000,"label":" ","price":7.15},{"type":"A","date":"2018-04-09T07:35:41.000Z","volume":1000,"label":" ","price":7.15},{"type":"A","date":"2018-04-09T07:59:25.000Z","volume":1000,"label":" ","price":7.15}]