[{"type":"B","date":"2018-04-26T01:41:45.000Z","volume":40000,"label":" ","price":0.62},{"type":"A","date":"2018-04-26T01:42:23.000Z","volume":8000,"label":" ","price":0.63},{"type":"A","date":"2018-04-26T01:44:18.000Z","volume":24000,"label":" ","price":0.63},{"type":"A","date":"2018-04-26T01:44:48.000Z","volume":8000,"label":" ","price":0.63},{"type":"U","date":"2018-04-26T01:44:51.000Z","volume":8000,"label":" ","price":0.64},{"type":"A","date":"2018-04-26T01:44:58.000Z","volume":8000,"label":" ","price":0.65},{"type":"B","date":"2018-04-26T02:05:49.000Z","volume":152000,"label":" ","price":0.61},{"type":"B","date":"2018-04-26T02:05:49.000Z","volume":8000,"label":" ","price":0.6},{"type":"B","date":"2018-04-26T02:05:50.000Z","volume":24000,"label":" ","price":0.6},{"type":"B","date":"2018-04-26T02:05:50.000Z","volume":40000,"label":" ","price":0.6},{"type":"U","date":"2018-04-26T02:05:50.000Z","volume":32000,"label":" ","price":0.61},{"type":"B","date":"2018-04-26T02:06:17.000Z","volume":8000,"label":" ","price":0.62},{"type":"A","date":"2018-04-26T02:14:04.000Z","volume":16000,"label":" ","price":0.62},{"type":"B","date":"2018-04-26T02:28:58.000Z","volume":24000,"label":" ","price":0.61},{"type":"A","date":"2018-04-26T02:38:30.000Z","volume":32000,"label":" ","price":0.61},{"type":"B","date":"2018-04-26T02:48:34.000Z","volume":368000,"label":" ","price":0.61},{"type":"A","date":"2018-04-26T02:49:07.000Z","volume":32000,"label":" ","price":0.61},{"type":"B","date":"2018-04-26T02:51:14.000Z","volume":184000,"label":" ","price":0.6},{"type":"A","date":"2018-04-26T02:51:26.000Z","volume":24000,"label":" ","price":0.6},{"type":"A","date":"2018-04-26T02:51:41.000Z","volume":8000,"label":" ","price":0.6},{"type":"A","date":"2018-04-26T02:51:57.000Z","volume":24000,"label":" ","price":0.6},{"type":"A","date":"2018-04-26T03:00:14.000Z","volume":24000,"label":" ","price":0.6},{"type":"A","date":"2018-04-26T03:03:04.000Z","volume":56000,"label":" ","price":0.6},{"type":"A","date":"2018-04-26T03:03:04.000Z","volume":16000,"label":" ","price":0.6},{"type":"B","date":"2018-04-26T03:14:38.000Z","volume":56000,"label":" ","price":0.6},{"type":"A","date":"2018-04-26T03:16:40.000Z","volume":8000,"label":" ","price":0.6},{"type":"A","date":"2018-04-26T03:17:04.000Z","volume":16000,"label":" ","price":0.61},{"type":"A","date":"2018-04-26T03:23:05.000Z","volume":24000,"label":"Y","price":0.61},{"type":"A","date":"2018-04-26T03:23:05.000Z","volume":72000,"label":" ","price":0.61},{"type":"A","date":"2018-04-26T03:59:56.000Z","volume":8000,"label":" ","price":0.62},{"type":"B","date":"2018-04-26T05:34:08.000Z","volume":40000,"label":" ","price":0.61},{"type":"B","date":"2018-04-26T05:39:17.000Z","volume":16000,"label":" ","price":0.6},{"type":"A","date":"2018-04-26T05:44:53.000Z","volume":8000,"label":" ","price":0.62},{"type":"B","date":"2018-04-26T06:03:02.000Z","volume":8000,"label":"Y","price":0.61},{"type":"B","date":"2018-04-26T06:23:59.000Z","volume":104000,"label":" ","price":0.6},{"type":"B","date":"2018-04-26T06:24:09.000Z","volume":216000,"label":" ","price":0.6},{"type":"B","date":"2018-04-26T06:24:11.000Z","volume":40000,"label":" ","price":0.6},{"type":"B","date":"2018-04-26T06:24:23.000Z","volume":16000,"label":"Y","price":0.6},{"type":"B","date":"2018-04-26T06:24:23.000Z","volume":64000,"label":" ","price":0.6},{"type":"B","date":"2018-04-26T06:24:25.000Z","volume":56000,"label":" ","price":0.6},{"type":"B","date":"2018-04-26T06:26:27.000Z","volume":64000,"label":" ","price":0.59},{"type":"B","date":"2018-04-26T06:26:27.000Z","volume":8000,"label":" ","price":0.59},{"type":"A","date":"2018-04-26T06:26:35.000Z","volume":8000,"label":" ","price":0.6},{"type":"B","date":"2018-04-26T06:28:26.000Z","volume":40000,"label":" ","price":0.59},{"type":"A","date":"2018-04-26T06:29:39.000Z","volume":40000,"label":" ","price":0.59},{"type":"A","date":"2018-04-26T06:29:55.000Z","volume":8000,"label":" ","price":0.6},{"type":"B","date":"2018-04-26T06:39:02.000Z","volume":8000,"label":" ","price":0.59},{"type":"B","date":"2018-04-26T06:39:02.000Z","volume":48000,"label":" ","price":0.59},{"type":"A","date":"2018-04-26T06:41:00.000Z","volume":8000,"label":" ","price":0.6},{"type":"A","date":"2018-04-26T07:03:55.000Z","volume":16000,"label":" ","price":0.6},{"type":"A","date":"2018-04-26T07:04:39.000Z","volume":16000,"label":" ","price":0.6},{"type":"A","date":"2018-04-26T07:07:03.000Z","volume":8000,"label":" ","price":0.6},{"type":"A","date":"2018-04-26T07:10:51.000Z","volume":16000,"label":" ","price":0.6},{"type":"A","date":"2018-04-26T07:12:29.000Z","volume":8000,"label":" ","price":0.6},{"type":"A","date":"2018-04-26T07:13:46.000Z","volume":16000,"label":" ","price":0.6},{"type":"A","date":"2018-04-26T07:19:26.000Z","volume":80000,"label":" ","price":0.6},{"type":"A","date":"2018-04-26T07:19:31.000Z","volume":8000,"label":" ","price":0.6},{"type":"A","date":"2018-04-26T07:19:36.000Z","volume":8000,"label":" ","price":0.6},{"type":"A","date":"2018-04-26T07:19:41.000Z","volume":8000,"label":" ","price":0.6},{"type":"A","date":"2018-04-26T07:19:53.000Z","volume":16000,"label":" ","price":0.6},{"type":"A","date":"2018-04-26T07:19:58.000Z","volume":8000,"label":" ","price":0.61},{"type":"B","date":"2018-04-26T07:50:37.000Z","volume":72000,"label":"Y","price":0.59},{"type":"B","date":"2018-04-26T07:50:37.000Z","volume":8000,"label":" ","price":0.59},{"type":"B","date":"2018-04-26T07:51:35.000Z","volume":40000,"label":" ","price":0.59},{"type":"A","date":"2018-04-26T07:51:41.000Z","volume":8000,"label":" ","price":0.6},{"type":"A","date":"2018-04-26T07:55:55.000Z","volume":56000,"label":" ","price":0.6},{"type":"A","date":"2018-04-26T07:58:05.000Z","volume":16000,"label":" ","price":0.6},{"type":"A","date":"2018-04-26T07:58:49.000Z","volume":8000,"label":" ","price":0.61},{"type":"B","date":"2018-04-26T07:58:52.000Z","volume":8000,"label":" ","price":0.6},{"type":"B","date":"2018-04-26T07:58:52.000Z","volume":392000,"label":" ","price":0.59},{"type":"A","date":"2018-04-26T07:58:53.000Z","volume":120000,"label":"Y","price":0.61},{"type":"A","date":"2018-04-26T07:58:53.000Z","volume":256000,"label":" ","price":0.61},{"type":"A","date":"2018-04-26T07:58:53.000Z","volume":24000,"label":" ","price":0.62},{"type":"A","date":"2018-04-26T07:58:57.000Z","volume":8000,"label":" ","price":0.62}]