[{"type":"U","date":"2018-04-06T01:20:00.000Z","volume":600,"label":"U","price":41.9},{"type":"A","date":"2018-04-06T01:30:02.000Z","volume":400,"label":" ","price":42},{"type":"A","date":"2018-04-06T01:30:02.000Z","volume":400,"label":" ","price":42.1},{"type":"B","date":"2018-04-06T01:30:04.000Z","volume":200,"label":" ","price":42},{"type":"B","date":"2018-04-06T01:30:06.000Z","volume":1000,"label":" ","price":42},{"type":"A","date":"2018-04-06T01:30:15.000Z","volume":400,"label":" ","price":42.2},{"type":"A","date":"2018-04-06T01:30:15.000Z","volume":600,"label":" ","price":42.3},{"type":"A","date":"2018-04-06T01:30:15.000Z","volume":400,"label":" ","price":42.4},{"type":"A","date":"2018-04-06T01:30:15.000Z","volume":2000,"label":" ","price":42.45},{"type":"A","date":"2018-04-06T01:30:15.000Z","volume":200,"label":" ","price":42.45},{"type":"B","date":"2018-04-06T01:30:16.000Z","volume":200,"label":" ","price":42.3},{"type":"A","date":"2018-04-06T01:30:32.000Z","volume":200,"label":" ","price":42.5},{"type":"A","date":"2018-04-06T01:30:35.000Z","volume":200,"label":" ","price":42.5},{"type":"A","date":"2018-04-06T01:30:42.000Z","volume":200,"label":" ","price":42.5},{"type":"A","date":"2018-04-06T01:30:51.000Z","volume":1000,"label":" ","price":42.5},{"type":"A","date":"2018-04-06T01:30:52.000Z","volume":200,"label":" ","price":42.5},{"type":"B","date":"2018-04-06T01:30:53.000Z","volume":200,"label":" ","price":42.3},{"type":"A","date":"2018-04-06T01:31:26.000Z","volume":200,"label":" ","price":42.4},{"type":"B","date":"2018-04-06T01:31:26.000Z","volume":1000,"label":" ","price":42.3},{"type":"B","date":"2018-04-06T01:31:37.000Z","volume":400,"label":" ","price":42.3},{"type":"A","date":"2018-04-06T01:31:47.000Z","volume":400,"label":" ","price":42.35},{"type":"A","date":"2018-04-06T01:31:47.000Z","volume":400,"label":"Y","price":42.4},{"type":"A","date":"2018-04-06T01:32:01.000Z","volume":2400,"label":" ","price":42.45},{"type":"A","date":"2018-04-06T01:32:05.000Z","volume":800,"label":" ","price":42.4},{"type":"A","date":"2018-04-06T01:32:05.000Z","volume":200,"label":" ","price":42.45},{"type":"A","date":"2018-04-06T01:32:05.000Z","volume":400,"label":" ","price":42.45},{"type":"A","date":"2018-04-06T01:32:05.000Z","volume":1000,"label":" ","price":42.5},{"type":"A","date":"2018-04-06T01:32:06.000Z","volume":200,"label":" ","price":42.6},{"type":"A","date":"2018-04-06T01:32:06.000Z","volume":400,"label":" ","price":42.4},{"type":"A","date":"2018-04-06T01:32:08.000Z","volume":400,"label":" ","price":42.6},{"type":"A","date":"2018-04-06T01:32:10.000Z","volume":200,"label":" ","price":42.55},{"type":"U","date":"2018-04-06T01:32:17.000Z","volume":200,"label":"X","price":42.425},{"type":"A","date":"2018-04-06T01:32:22.000Z","volume":200,"label":"Y","price":42.55},{"type":"A","date":"2018-04-06T01:32:26.000Z","volume":200,"label":" ","price":42.55},{"type":"A","date":"2018-04-06T01:32:26.000Z","volume":200,"label":" ","price":42.55},{"type":"A","date":"2018-04-06T01:32:32.000Z","volume":200,"label":" ","price":42.5},{"type":"B","date":"2018-04-06T01:32:37.000Z","volume":6000,"label":" ","price":42.4},{"type":"B","date":"2018-04-06T01:32:37.000Z","volume":2600,"label":" ","price":42.35},{"type":"B","date":"2018-04-06T01:32:37.000Z","volume":200,"label":" ","price":42.3},{"type":"B","date":"2018-04-06T01:32:37.000Z","volume":600,"label":" ","price":42.3},{"type":"B","date":"2018-04-06T01:32:37.000Z","volume":1800,"label":" ","price":42.4},{"type":"B","date":"2018-04-06T01:32:37.000Z","volume":600,"label":" ","price":42.2},{"type":"U","date":"2018-04-06T01:32:38.000Z","volume":200,"label":" ","price":42.15},{"type":"A","date":"2018-04-06T01:32:38.000Z","volume":400,"label":" ","price":42.2},{"type":"A","date":"2018-04-06T01:32:38.000Z","volume":200,"label":" ","price":42.2},{"type":"A","date":"2018-04-06T01:33:07.000Z","volume":200,"label":" ","price":42.4},{"type":"A","date":"2018-04-06T01:33:20.000Z","volume":200,"label":" ","price":42.35},{"type":"A","date":"2018-04-06T01:33:32.000Z","volume":200,"label":" ","price":42.35},{"type":"A","date":"2018-04-06T01:33:47.000Z","volume":200,"label":" ","price":42.3},{"type":"A","date":"2018-04-06T01:33:48.000Z","volume":200,"label":" ","price":42.3},{"type":"U","date":"2018-04-06T01:33:53.000Z","volume":200,"label":" ","price":42.25},{"type":"A","date":"2018-04-06T01:33:54.000Z","volume":200,"label":" ","price":42.3},{"type":"B","date":"2018-04-06T01:33:55.000Z","volume":200,"label":" ","price":42.25},{"type":"A","date":"2018-04-06T01:33:58.000Z","volume":400,"label":" ","price":42.3},{"type":"A","date":"2018-04-06T01:34:02.000Z","volume":200,"label":" ","price":42.35},{"type":"A","date":"2018-04-06T01:34:14.000Z","volume":200,"label":" ","price":42.4},{"type":"A","date":"2018-04-06T01:34:15.000Z","volume":200,"label":" ","price":42.4},{"type":"A","date":"2018-04-06T01:34:15.000Z","volume":1400,"label":" ","price":42.4},{"type":"A","date":"2018-04-06T01:34:17.000Z","volume":200,"label":" ","price":42.4},{"type":"A","date":"2018-04-06T01:34:17.000Z","volume":400,"label":" ","price":42.45},{"type":"A","date":"2018-04-06T01:34:18.000Z","volume":200,"label":" ","price":42.5},{"type":"A","date":"2018-04-06T01:34:19.000Z","volume":2000,"label":" ","price":42.5},{"type":"A","date":"2018-04-06T01:34:19.000Z","volume":6400,"label":" ","price":42.5},{"type":"U","date":"2018-04-06T01:34:19.000Z","volume":200,"label":" ","price":42.45},{"type":"A","date":"2018-04-06T01:34:20.000Z","volume":600,"label":" ","price":42.45},{"type":"A","date":"2018-04-06T01:34:20.000Z","volume":200,"label":" ","price":42.45},{"type":"A","date":"2018-04-06T01:34:21.000Z","volume":2200,"label":" ","price":42.55},{"type":"B","date":"2018-04-06T01:34:21.000Z","volume":800,"label":" ","price":42.45},{"type":"A","date":"2018-04-06T01:34:23.000Z","volume":400,"label":" ","price":42.45},{"type":"A","date":"2018-04-06T01:34:23.000Z","volume":200,"label":" ","price":42.45},{"type":"B","date":"2018-04-06T01:34:51.000Z","volume":200,"label":" ","price":42.4},{"type":"B","date":"2018-04-06T01:34:51.000Z","volume":200,"label":" ","price":42.4},{"type":"A","date":"2018-04-06T01:35:07.000Z","volume":200,"label":" ","price":42.5},{"type":"A","date":"2018-04-06T01:35:09.000Z","volume":200,"label":" ","price":42.45},{"type":"U","date":"2018-04-06T01:35:12.000Z","volume":400,"label":"X","price":42.424},{"type":"B","date":"2018-04-06T01:35:12.000Z","volume":800,"label":" ","price":42.4},{"type":"B","date":"2018-04-06T01:35:13.000Z","volume":800,"label":" ","price":42.4},{"type":"B","date":"2018-04-06T01:35:14.000Z","volume":200,"label":" ","price":42.35},{"type":"B","date":"2018-04-06T01:35:28.000Z","volume":400,"label":" ","price":42.1},{"type":"B","date":"2018-04-06T01:35:32.000Z","volume":200,"label":" ","price":42.1},{"type":"B","date":"2018-04-06T01:35:32.000Z","volume":400,"label":" ","price":42},{"type":"A","date":"2018-04-06T01:36:12.000Z","volume":400,"label":" ","price":42.25},{"type":"A","date":"2018-04-06T01:36:17.000Z","volume":200,"label":" ","price":42.25},{"type":"A","date":"2018-04-06T01:36:17.000Z","volume":600,"label":" ","price":42.25},{"type":"A","date":"2018-04-06T01:36:18.000Z","volume":200,"label":"Y","price":42.35},{"type":"A","date":"2018-04-06T01:36:27.000Z","volume":200,"label":" ","price":42.35},{"type":"A","date":"2018-04-06T01:36:27.000Z","volume":1600,"label":" ","price":42.35},{"type":"A","date":"2018-04-06T01:36:27.000Z","volume":200,"label":" ","price":42.35},{"type":"A","date":"2018-04-06T01:36:30.000Z","volume":400,"label":" ","price":42.4},{"type":"A","date":"2018-04-06T01:36:32.000Z","volume":600,"label":" ","price":42.4},{"type":"A","date":"2018-04-06T01:36:35.000Z","volume":200,"label":" ","price":42.4},{"type":"A","date":"2018-04-06T01:36:36.000Z","volume":200,"label":" ","price":42.4},{"type":"A","date":"2018-04-06T01:36:37.000Z","volume":200,"label":" ","price":42.45},{"type":"U","date":"2018-04-06T01:36:40.000Z","volume":200,"label":" ","price":42.45},{"type":"U","date":"2018-04-06T01:36:40.000Z","volume":200,"label":" ","price":42.45},{"type":"A","date":"2018-04-06T01:36:41.000Z","volume":200,"label":" ","price":42.45},{"type":"A","date":"2018-04-06T01:36:42.000Z","volume":200,"label":" ","price":42.45},{"type":"B","date":"2018-04-06T01:36:43.000Z","volume":2000,"label":" ","price":42.4},{"type":"A","date":"2018-04-06T01:36:54.000Z","volume":400,"label":" ","price":42.3},{"type":"B","date":"2018-04-06T01:37:04.000Z","volume":2200,"label":" ","price":42.25},{"type":"B","date":"2018-04-06T01:37:04.000Z","volume":200,"label":" ","price":42.2},{"type":"B","date":"2018-04-06T01:37:04.000Z","volume":200,"label":" ","price":42.15},{"type":"B","date":"2018-04-06T01:37:05.000Z","volume":200,"label":" ","price":42.1},{"type":"A","date":"2018-04-06T01:37:41.000Z","volume":200,"label":" ","price":42.2},{"type":"B","date":"2018-04-06T01:37:42.000Z","volume":800,"label":" ","price":42.1},{"type":"B","date":"2018-04-06T01:37:54.000Z","volume":200,"label":" ","price":42.1},{"type":"A","date":"2018-04-06T01:38:05.000Z","volume":200,"label":" ","price":42.15},{"type":"A","date":"2018-04-06T01:38:12.000Z","volume":200,"label":" ","price":42.15},{"type":"A","date":"2018-04-06T01:38:12.000Z","volume":200,"label":" ","price":42.15},{"type":"A","date":"2018-04-06T01:38:13.000Z","volume":200,"label":" ","price":42.15},{"type":"A","date":"2018-04-06T01:38:18.000Z","volume":200,"label":" ","price":42.2},{"type":"A","date":"2018-04-06T01:38:22.000Z","volume":200,"label":" ","price":42.2},{"type":"A","date":"2018-04-06T01:38:32.000Z","volume":200,"label":" ","price":42.2},{"type":"A","date":"2018-04-06T01:38:38.000Z","volume":12000,"label":"Y","price":42.2},{"type":"A","date":"2018-04-06T01:38:38.000Z","volume":1200,"label":" ","price":42.2},{"type":"A","date":"2018-04-06T01:38:39.000Z","volume":800,"label":" ","price":42.25},{"type":"A","date":"2018-04-06T01:38:39.000Z","volume":600,"label":" ","price":42.25},{"type":"A","date":"2018-04-06T01:38:39.000Z","volume":800,"label":" ","price":42.3},{"type":"A","date":"2018-04-06T01:38:39.000Z","volume":800,"label":" ","price":42.3},{"type":"U","date":"2018-04-06T01:38:39.000Z","volume":200,"label":"Y","price":42.2},{"type":"U","date":"2018-04-06T01:38:39.000Z","volume":800,"label":" ","price":42.2},{"type":"A","date":"2018-04-06T01:38:41.000Z","volume":600,"label":" ","price":42.3},{"type":"A","date":"2018-04-06T01:38:41.000Z","volume":200,"label":" ","price":42.35},{"type":"A","date":"2018-04-06T01:38:42.000Z","volume":800,"label":" ","price":42.4},{"type":"U","date":"2018-04-06T01:38:42.000Z","volume":800,"label":"X","price":42.275},{"type":"A","date":"2018-04-06T01:39:07.000Z","volume":400,"label":" ","price":42.4},{"type":"A","date":"2018-04-06T01:39:15.000Z","volume":200,"label":" ","price":42.3},{"type":"B","date":"2018-04-06T01:39:15.000Z","volume":200,"label":" ","price":42.3},{"type":"B","date":"2018-04-06T01:39:15.000Z","volume":600,"label":" ","price":42.3},{"type":"B","date":"2018-04-06T01:39:25.000Z","volume":600,"label":" ","price":42.25},{"type":"U","date":"2018-04-06T01:39:25.000Z","volume":400,"label":"X","price":42.3},{"type":"A","date":"2018-04-06T01:39:25.000Z","volume":400,"label":" ","price":42.35},{"type":"A","date":"2018-04-06T01:39:27.000Z","volume":200,"label":" ","price":42.3},{"type":"A","date":"2018-04-06T01:39:30.000Z","volume":200,"label":" ","price":42.3},{"type":"A","date":"2018-04-06T01:39:30.000Z","volume":400,"label":" ","price":42.3},{"type":"U","date":"2018-04-06T01:39:33.000Z","volume":200,"label":" ","price":42.25},{"type":"A","date":"2018-04-06T01:39:35.000Z","volume":200,"label":" ","price":42.3},{"type":"B","date":"2018-04-06T01:39:35.000Z","volume":600,"label":" ","price":42.2},{"type":"B","date":"2018-04-06T01:39:37.000Z","volume":1200,"label":" ","price":42.15},{"type":"B","date":"2018-04-06T01:39:41.000Z","volume":200,"label":" ","price":42.05},{"type":"B","date":"2018-04-06T01:39:46.000Z","volume":200,"label":"Y","price":42.05},{"type":"B","date":"2018-04-06T01:39:46.000Z","volume":200,"label":" ","price":42.05},{"type":"B","date":"2018-04-06T01:40:07.000Z","volume":600,"label":" ","price":42},{"type":"A","date":"2018-04-06T01:40:27.000Z","volume":200,"label":" ","price":42.1},{"type":"B","date":"2018-04-06T01:40:36.000Z","volume":400,"label":"Y","price":42.05},{"type":"B","date":"2018-04-06T01:40:36.000Z","volume":1200,"label":" ","price":42.05},{"type":"B","date":"2018-04-06T01:40:36.000Z","volume":1000,"label":"Y","price":42},{"type":"B","date":"2018-04-06T01:40:36.000Z","volume":3000,"label":" ","price":42},{"type":"B","date":"2018-04-06T01:40:36.000Z","volume":200,"label":" ","price":42},{"type":"B","date":"2018-04-06T01:40:45.000Z","volume":3800,"label":"Y","price":41.9},{"type":"B","date":"2018-04-06T01:40:45.000Z","volume":10400,"label":" ","price":41.9},{"type":"U","date":"2018-04-06T01:40:46.000Z","volume":2400,"label":" ","price":41.95},{"type":"U","date":"2018-04-06T01:40:46.000Z","volume":400,"label":" ","price":41.95},{"type":"B","date":"2018-04-06T01:40:49.000Z","volume":1200,"label":" ","price":41.85},{"type":"B","date":"2018-04-06T01:40:51.000Z","volume":2600,"label":" ","price":41.8},{"type":"B","date":"2018-04-06T01:40:53.000Z","volume":200,"label":" ","price":41.7},{"type":"B","date":"2018-04-06T01:40:53.000Z","volume":200,"label":" ","price":41.7},{"type":"B","date":"2018-04-06T01:40:53.000Z","volume":200,"label":" ","price":41.7},{"type":"A","date":"2018-04-06T01:41:35.000Z","volume":600,"label":" ","price":41.6},{"type":"A","date":"2018-04-06T01:41:35.000Z","volume":200,"label":"Y","price":41.65},{"type":"A","date":"2018-04-06T01:41:36.000Z","volume":200,"label":" ","price":41.7},{"type":"B","date":"2018-04-06T01:41:42.000Z","volume":800,"label":" ","price":41.65},{"type":"A","date":"2018-04-06T01:41:50.000Z","volume":200,"label":" ","price":41.85},{"type":"A","date":"2018-04-06T01:41:50.000Z","volume":200,"label":" ","price":41.9},{"type":"A","date":"2018-04-06T01:42:06.000Z","volume":400,"label":" ","price":41.9},{"type":"A","date":"2018-04-06T01:42:06.000Z","volume":200,"label":" ","price":41.9},{"type":"A","date":"2018-04-06T01:42:06.000Z","volume":400,"label":" ","price":41.95},{"type":"A","date":"2018-04-06T01:42:07.000Z","volume":200,"label":" ","price":41.95},{"type":"U","date":"2018-04-06T01:42:21.000Z","volume":400,"label":" ","price":41.9},{"type":"U","date":"2018-04-06T01:42:21.000Z","volume":200,"label":" ","price":41.9},{"type":"A","date":"2018-04-06T01:42:23.000Z","volume":600,"label":" ","price":41.9},{"type":"A","date":"2018-04-06T01:42:32.000Z","volume":200,"label":" ","price":41.95},{"type":"B","date":"2018-04-06T01:42:32.000Z","volume":200,"label":" ","price":41.9},{"type":"A","date":"2018-04-06T01:42:32.000Z","volume":200,"label":" ","price":42},{"type":"A","date":"2018-04-06T01:42:32.000Z","volume":200,"label":" ","price":42},{"type":"A","date":"2018-04-06T01:42:47.000Z","volume":200,"label":" ","price":42},{"type":"B","date":"2018-04-06T01:42:49.000Z","volume":400,"label":"Y","price":41.9},{"type":"B","date":"2018-04-06T01:42:49.000Z","volume":600,"label":" ","price":41.9},{"type":"B","date":"2018-04-06T01:42:49.000Z","volume":200,"label":" ","price":41.85},{"type":"B","date":"2018-04-06T01:42:51.000Z","volume":600,"label":" ","price":41.9},{"type":"A","date":"2018-04-06T01:43:32.000Z","volume":200,"label":" ","price":41.85},{"type":"A","date":"2018-04-06T01:43:42.000Z","volume":400,"label":" ","price":41.85},{"type":"U","date":"2018-04-06T01:43:44.000Z","volume":1000,"label":" ","price":41.75},{"type":"B","date":"2018-04-06T01:43:46.000Z","volume":400,"label":"Y","price":41.75},{"type":"B","date":"2018-04-06T01:43:46.000Z","volume":800,"label":" ","price":41.75},{"type":"B","date":"2018-04-06T01:43:46.000Z","volume":200,"label":"Y","price":41.7},{"type":"B","date":"2018-04-06T01:43:46.000Z","volume":400,"label":" ","price":41.65},{"type":"B","date":"2018-04-06T01:43:46.000Z","volume":200,"label":" ","price":41.65},{"type":"A","date":"2018-04-06T01:44:32.000Z","volume":200,"label":" ","price":41.8},{"type":"A","date":"2018-04-06T01:44:47.000Z","volume":200,"label":" ","price":41.8},{"type":"A","date":"2018-04-06T01:45:02.000Z","volume":200,"label":" ","price":41.8},{"type":"U","date":"2018-04-06T01:45:12.000Z","volume":400,"label":"X","price":42.074},{"type":"U","date":"2018-04-06T01:45:12.000Z","volume":200,"label":" ","price":41.75},{"type":"A","date":"2018-04-06T01:45:22.000Z","volume":200,"label":" ","price":41.75},{"type":"A","date":"2018-04-06T01:45:32.000Z","volume":400,"label":" ","price":41.75},{"type":"B","date":"2018-04-06T01:45:33.000Z","volume":200,"label":" ","price":41.7},{"type":"A","date":"2018-04-06T01:45:42.000Z","volume":200,"label":" ","price":41.75},{"type":"A","date":"2018-04-06T01:45:45.000Z","volume":200,"label":" ","price":41.75},{"type":"B","date":"2018-04-06T01:45:49.000Z","volume":800,"label":"Y","price":41.7},{"type":"B","date":"2018-04-06T01:45:49.000Z","volume":1600,"label":" ","price":41.7},{"type":"B","date":"2018-04-06T01:45:49.000Z","volume":200,"label":" ","price":41.65},{"type":"A","date":"2018-04-06T01:46:11.000Z","volume":400,"label":" ","price":41.7},{"type":"A","date":"2018-04-06T01:46:11.000Z","volume":600,"label":" ","price":41.7},{"type":"A","date":"2018-04-06T01:46:15.000Z","volume":200,"label":" ","price":41.7},{"type":"A","date":"2018-04-06T01:46:15.000Z","volume":200,"label":" ","price":41.7},{"type":"A","date":"2018-04-06T01:46:15.000Z","volume":400,"label":"Y","price":41.7},{"type":"A","date":"2018-04-06T01:46:15.000Z","volume":200,"label":" ","price":41.7},{"type":"B","date":"2018-04-06T01:46:15.000Z","volume":200,"label":" ","price":41.65},{"type":"A","date":"2018-04-06T01:46:31.000Z","volume":2600,"label":" ","price":41.7},{"type":"A","date":"2018-04-06T01:46:31.000Z","volume":200,"label":" ","price":41.7},{"type":"A","date":"2018-04-06T01:46:31.000Z","volume":200,"label":" ","price":41.75},{"type":"A","date":"2018-04-06T01:46:32.000Z","volume":200,"label":" ","price":41.75},{"type":"U","date":"2018-04-06T01:46:32.000Z","volume":400,"label":"X","price":41.725},{"type":"A","date":"2018-04-06T01:46:32.000Z","volume":400,"label":" ","price":41.75},{"type":"A","date":"2018-04-06T01:46:34.000Z","volume":400,"label":" ","price":41.75},{"type":"A","date":"2018-04-06T01:47:00.000Z","volume":1000,"label":" ","price":41.8},{"type":"A","date":"2018-04-06T01:47:02.000Z","volume":200,"label":" ","price":41.8},{"type":"A","date":"2018-04-06T01:47:08.000Z","volume":5000,"label":" ","price":41.8},{"type":"A","date":"2018-04-06T01:47:08.000Z","volume":200,"label":" ","price":41.8},{"type":"A","date":"2018-04-06T01:47:08.000Z","volume":200,"label":" ","price":41.85},{"type":"U","date":"2018-04-06T01:47:08.000Z","volume":600,"label":" ","price":41.8},{"type":"A","date":"2018-04-06T01:47:08.000Z","volume":800,"label":" ","price":41.9},{"type":"A","date":"2018-04-06T01:47:08.000Z","volume":400,"label":" ","price":41.9},{"type":"A","date":"2018-04-06T01:47:09.000Z","volume":200,"label":" ","price":41.9},{"type":"B","date":"2018-04-06T01:47:09.000Z","volume":200,"label":" ","price":41.9},{"type":"B","date":"2018-04-06T01:47:10.000Z","volume":400,"label":" ","price":41.9},{"type":"A","date":"2018-04-06T01:47:11.000Z","volume":200,"label":" ","price":41.95},{"type":"A","date":"2018-04-06T01:47:11.000Z","volume":2400,"label":" ","price":41.95},{"type":"B","date":"2018-04-06T01:47:20.000Z","volume":800,"label":" ","price":41.9},{"type":"B","date":"2018-04-06T01:47:21.000Z","volume":200,"label":"Y","price":41.9},{"type":"B","date":"2018-04-06T01:47:21.000Z","volume":400,"label":" ","price":41.9},{"type":"B","date":"2018-04-06T01:47:24.000Z","volume":400,"label":" ","price":41.85},{"type":"B","date":"2018-04-06T01:47:56.000Z","volume":200,"label":"Y","price":41.8},{"type":"B","date":"2018-04-06T01:47:56.000Z","volume":1600,"label":" ","price":41.8},{"type":"B","date":"2018-04-06T01:47:59.000Z","volume":3600,"label":" ","price":41.75},{"type":"B","date":"2018-04-06T01:47:59.000Z","volume":6400,"label":" ","price":41.7},{"type":"A","date":"2018-04-06T01:48:02.000Z","volume":200,"label":" ","price":41.8},{"type":"B","date":"2018-04-06T01:48:06.000Z","volume":2800,"label":" ","price":41.7},{"type":"B","date":"2018-04-06T01:48:06.000Z","volume":200,"label":" ","price":41.7},{"type":"A","date":"2018-04-06T01:48:06.000Z","volume":400,"label":" ","price":41.75},{"type":"A","date":"2018-04-06T01:48:06.000Z","volume":400,"label":" ","price":41.8},{"type":"A","date":"2018-04-06T01:48:06.000Z","volume":200,"label":" ","price":41.85},{"type":"A","date":"2018-04-06T01:48:06.000Z","volume":600,"label":" ","price":41.9},{"type":"B","date":"2018-04-06T01:48:08.000Z","volume":1400,"label":" ","price":41.75},{"type":"U","date":"2018-04-06T01:48:08.000Z","volume":200,"label":"X","price":41.825},{"type":"B","date":"2018-04-06T01:48:08.000Z","volume":400,"label":" ","price":41.75},{"type":"B","date":"2018-04-06T01:48:14.000Z","volume":600,"label":" ","price":41.65},{"type":"A","date":"2018-04-06T01:48:47.000Z","volume":200,"label":" ","price":41.8},{"type":"A","date":"2018-04-06T01:48:57.000Z","volume":200,"label":" ","price":41.8},{"type":"B","date":"2018-04-06T01:49:01.000Z","volume":600,"label":"Y","price":41.75},{"type":"B","date":"2018-04-06T01:49:01.000Z","volume":1600,"label":" ","price":41.75},{"type":"B","date":"2018-04-06T01:49:14.000Z","volume":200,"label":" ","price":41.7},{"type":"A","date":"2018-04-06T01:49:17.000Z","volume":1000,"label":" ","price":41.75},{"type":"A","date":"2018-04-06T01:49:32.000Z","volume":200,"label":" ","price":41.75},{"type":"A","date":"2018-04-06T01:49:33.000Z","volume":200,"label":" ","price":41.75},{"type":"A","date":"2018-04-06T01:49:36.000Z","volume":400,"label":" ","price":41.75},{"type":"B","date":"2018-04-06T01:49:53.000Z","volume":3000,"label":" ","price":41.75},{"type":"B","date":"2018-04-06T01:49:53.000Z","volume":800,"label":" ","price":41.7},{"type":"B","date":"2018-04-06T01:50:11.000Z","volume":600,"label":" ","price":41.65},{"type":"A","date":"2018-04-06T01:50:42.000Z","volume":200,"label":" ","price":41.7},{"type":"A","date":"2018-04-06T01:50:42.000Z","volume":200,"label":" ","price":41.7},{"type":"A","date":"2018-04-06T01:50:57.000Z","volume":200,"label":" ","price":41.7},{"type":"A","date":"2018-04-06T01:50:57.000Z","volume":200,"label":" ","price":41.7},{"type":"A","date":"2018-04-06T01:51:07.000Z","volume":200,"label":" ","price":41.7},{"type":"A","date":"2018-04-06T01:51:10.000Z","volume":5800,"label":" ","price":41.7},{"type":"A","date":"2018-04-06T01:51:10.000Z","volume":200,"label":" ","price":41.75},{"type":"A","date":"2018-04-06T01:51:11.000Z","volume":200,"label":" ","price":41.7},{"type":"A","date":"2018-04-06T01:51:11.000Z","volume":200,"label":" ","price":41.75},{"type":"A","date":"2018-04-06T01:51:11.000Z","volume":200,"label":" ","price":41.75},{"type":"U","date":"2018-04-06T01:51:11.000Z","volume":200,"label":"X","price":41.725},{"type":"A","date":"2018-04-06T01:51:12.000Z","volume":800,"label":" ","price":41.8},{"type":"A","date":"2018-04-06T01:51:12.000Z","volume":600,"label":" ","price":41.85},{"type":"A","date":"2018-04-06T01:51:13.000Z","volume":800,"label":"Y","price":41.8},{"type":"A","date":"2018-04-06T01:51:13.000Z","volume":1200,"label":" ","price":41.8},{"type":"U","date":"2018-04-06T01:51:13.000Z","volume":800,"label":" ","price":41.75},{"type":"B","date":"2018-04-06T01:51:13.000Z","volume":400,"label":" ","price":41.7},{"type":"B","date":"2018-04-06T01:51:13.000Z","volume":1800,"label":"Y","price":41.65},{"type":"B","date":"2018-04-06T01:51:13.000Z","volume":10000,"label":" ","price":41.65},{"type":"B","date":"2018-04-06T01:51:13.000Z","volume":800,"label":" ","price":41.65},{"type":"A","date":"2018-04-06T01:51:15.000Z","volume":400,"label":" ","price":41.85},{"type":"A","date":"2018-04-06T01:51:15.000Z","volume":1600,"label":" ","price":41.85},{"type":"B","date":"2018-04-06T01:51:16.000Z","volume":200,"label":" ","price":41.8},{"type":"B","date":"2018-04-06T01:51:16.000Z","volume":200,"label":" ","price":41.8},{"type":"A","date":"2018-04-06T01:51:47.000Z","volume":200,"label":" ","price":41.85},{"type":"B","date":"2018-04-06T01:51:50.000Z","volume":200,"label":"Y","price":41.7},{"type":"B","date":"2018-04-06T01:51:50.000Z","volume":1000,"label":" ","price":41.7},{"type":"B","date":"2018-04-06T01:51:50.000Z","volume":600,"label":" ","price":41.7},{"type":"B","date":"2018-04-06T01:51:54.000Z","volume":400,"label":"Y","price":41.7},{"type":"B","date":"2018-04-06T01:51:54.000Z","volume":600,"label":" ","price":41.7},{"type":"A","date":"2018-04-06T01:52:37.000Z","volume":200,"label":" ","price":41.85},{"type":"A","date":"2018-04-06T01:52:52.000Z","volume":200,"label":" ","price":41.85},{"type":"A","date":"2018-04-06T01:52:52.000Z","volume":200,"label":" ","price":41.85},{"type":"A","date":"2018-04-06T01:53:07.000Z","volume":200,"label":" ","price":41.9},{"type":"A","date":"2018-04-06T01:53:11.000Z","volume":1000,"label":" ","price":41.9},{"type":"A","date":"2018-04-06T01:53:11.000Z","volume":400,"label":" ","price":41.95},{"type":"A","date":"2018-04-06T01:53:11.000Z","volume":6600,"label":" ","price":42},{"type":"A","date":"2018-04-06T01:53:11.000Z","volume":9600,"label":" ","price":42},{"type":"U","date":"2018-04-06T01:53:11.000Z","volume":800,"label":"X","price":41.925},{"type":"A","date":"2018-04-06T01:53:12.000Z","volume":200,"label":" ","price":41.9},{"type":"A","date":"2018-04-06T01:53:14.000Z","volume":1000,"label":" ","price":41.9},{"type":"A","date":"2018-04-06T01:53:14.000Z","volume":800,"label":" ","price":41.95},{"type":"U","date":"2018-04-06T01:53:14.000Z","volume":200,"label":"X","price":41.925},{"type":"U","date":"2018-04-06T01:53:14.000Z","volume":200,"label":"X","price":41.925},{"type":"A","date":"2018-04-06T01:53:15.000Z","volume":600,"label":" ","price":41.95},{"type":"B","date":"2018-04-06T01:53:15.000Z","volume":400,"label":" ","price":41.95},{"type":"A","date":"2018-04-06T01:53:18.000Z","volume":1400,"label":" ","price":42},{"type":"B","date":"2018-04-06T01:53:20.000Z","volume":600,"label":"Y","price":41.95},{"type":"B","date":"2018-04-06T01:53:20.000Z","volume":800,"label":" ","price":41.95},{"type":"A","date":"2018-04-06T01:53:20.000Z","volume":1000,"label":"Y","price":42},{"type":"A","date":"2018-04-06T01:53:20.000Z","volume":2000,"label":" ","price":42},{"type":"B","date":"2018-04-06T01:53:20.000Z","volume":200,"label":" ","price":41.95},{"type":"A","date":"2018-04-06T01:53:20.000Z","volume":200,"label":" ","price":41.95},{"type":"A","date":"2018-04-06T01:53:20.000Z","volume":600,"label":" ","price":42},{"type":"B","date":"2018-04-06T01:53:20.000Z","volume":400,"label":" ","price":41.9},{"type":"B","date":"2018-04-06T01:53:21.000Z","volume":400,"label":" ","price":41.75},{"type":"B","date":"2018-04-06T01:53:25.000Z","volume":600,"label":" ","price":41.7},{"type":"B","date":"2018-04-06T01:53:26.000Z","volume":600,"label":" ","price":41.65},{"type":"A","date":"2018-04-06T01:53:30.000Z","volume":400,"label":" ","price":41.7},{"type":"B","date":"2018-04-06T01:54:02.000Z","volume":2600,"label":" ","price":41.75},{"type":"A","date":"2018-04-06T01:54:02.000Z","volume":200,"label":" ","price":41.75},{"type":"A","date":"2018-04-06T01:54:02.000Z","volume":800,"label":" ","price":41.75},{"type":"A","date":"2018-04-06T01:54:04.000Z","volume":7600,"label":" ","price":41.75},{"type":"A","date":"2018-04-06T01:54:04.000Z","volume":600,"label":" ","price":41.75},{"type":"A","date":"2018-04-06T01:54:04.000Z","volume":400,"label":" ","price":41.75},{"type":"A","date":"2018-04-06T01:54:06.000Z","volume":600,"label":"Y","price":42},{"type":"A","date":"2018-04-06T01:54:08.000Z","volume":800,"label":" ","price":41.95},{"type":"B","date":"2018-04-06T01:54:08.000Z","volume":2000,"label":" ","price":41.95},{"type":"B","date":"2018-04-06T01:54:10.000Z","volume":600,"label":" ","price":41.75},{"type":"A","date":"2018-04-06T01:54:10.000Z","volume":200,"label":" ","price":41.75},{"type":"A","date":"2018-04-06T01:55:00.000Z","volume":400,"label":" ","price":41.95},{"type":"A","date":"2018-04-06T01:55:05.000Z","volume":200,"label":" ","price":41.95},{"type":"U","date":"2018-04-06T01:55:12.000Z","volume":400,"label":"X","price":41.801},{"type":"A","date":"2018-04-06T01:55:17.000Z","volume":400,"label":" ","price":41.95},{"type":"A","date":"2018-04-06T01:55:19.000Z","volume":400,"label":" ","price":41.95},{"type":"A","date":"2018-04-06T01:55:19.000Z","volume":1600,"label":" ","price":42},{"type":"A","date":"2018-04-06T01:55:19.000Z","volume":800,"label":" ","price":42},{"type":"B","date":"2018-04-06T01:55:25.000Z","volume":1200,"label":" ","price":41.75},{"type":"B","date":"2018-04-06T01:55:25.000Z","volume":200,"label":" ","price":41.7},{"type":"A","date":"2018-04-06T01:55:25.000Z","volume":800,"label":" ","price":42},{"type":"B","date":"2018-04-06T01:55:34.000Z","volume":200,"label":" ","price":41.7},{"type":"A","date":"2018-04-06T01:55:57.000Z","volume":200,"label":" ","price":41.95},{"type":"A","date":"2018-04-06T01:56:12.000Z","volume":200,"label":" ","price":41.95},{"type":"A","date":"2018-04-06T01:56:26.000Z","volume":200,"label":" ","price":41.95},{"type":"A","date":"2018-04-06T01:56:42.000Z","volume":200,"label":" ","price":41.95},{"type":"A","date":"2018-04-06T01:56:55.000Z","volume":200,"label":" ","price":41.95},{"type":"A","date":"2018-04-06T01:57:09.000Z","volume":200,"label":" ","price":41.95},{"type":"A","date":"2018-04-06T01:57:09.000Z","volume":200,"label":" ","price":42},{"type":"A","date":"2018-04-06T01:57:22.000Z","volume":200,"label":" ","price":42},{"type":"A","date":"2018-04-06T01:57:30.000Z","volume":7800,"label":" ","price":42},{"type":"A","date":"2018-04-06T01:57:30.000Z","volume":400,"label":" ","price":42.05},{"type":"A","date":"2018-04-06T01:57:30.000Z","volume":400,"label":" ","price":42},{"type":"A","date":"2018-04-06T01:57:30.000Z","volume":800,"label":"Y","price":42},{"type":"A","date":"2018-04-06T01:57:32.000Z","volume":3200,"label":"Y","price":42},{"type":"A","date":"2018-04-06T01:57:32.000Z","volume":200,"label":" ","price":42},{"type":"A","date":"2018-04-06T01:57:37.000Z","volume":200,"label":" ","price":42},{"type":"B","date":"2018-04-06T01:57:39.000Z","volume":600,"label":"Y","price":41.95},{"type":"B","date":"2018-04-06T01:57:39.000Z","volume":200,"label":" ","price":41.95},{"type":"B","date":"2018-04-06T01:57:44.000Z","volume":200,"label":" ","price":41.95},{"type":"U","date":"2018-04-06T01:57:47.000Z","volume":400,"label":"X","price":41.975},{"type":"A","date":"2018-04-06T01:58:27.000Z","volume":200,"label":" ","price":42},{"type":"B","date":"2018-04-06T01:58:31.000Z","volume":2000,"label":" ","price":41.95},{"type":"A","date":"2018-04-06T01:58:31.000Z","volume":800,"label":" ","price":42},{"type":"A","date":"2018-04-06T01:58:32.000Z","volume":400,"label":" ","price":42},{"type":"B","date":"2018-04-06T01:58:33.000Z","volume":800,"label":" ","price":41.95},{"type":"A","date":"2018-04-06T01:58:33.000Z","volume":600,"label":" ","price":41.95},{"type":"A","date":"2018-04-06T01:58:33.000Z","volume":8600,"label":" ","price":42},{"type":"A","date":"2018-04-06T01:58:33.000Z","volume":200,"label":" ","price":42},{"type":"B","date":"2018-04-06T01:58:33.000Z","volume":800,"label":" ","price":42},{"type":"A","date":"2018-04-06T01:58:35.000Z","volume":1400,"label":"Y","price":42},{"type":"A","date":"2018-04-06T01:58:35.000Z","volume":3000,"label":" ","price":42},{"type":"A","date":"2018-04-06T01:58:35.000Z","volume":600,"label":" ","price":42},{"type":"A","date":"2018-04-06T01:58:43.000Z","volume":3200,"label":" ","price":42},{"type":"A","date":"2018-04-06T01:58:44.000Z","volume":3200,"label":" ","price":42},{"type":"B","date":"2018-04-06T01:58:44.000Z","volume":200,"label":" ","price":42},{"type":"A","date":"2018-04-06T01:58:57.000Z","volume":800,"label":" ","price":42.05},{"type":"A","date":"2018-04-06T01:58:57.000Z","volume":200,"label":" ","price":42.05},{"type":"A","date":"2018-04-06T01:58:57.000Z","volume":800,"label":" ","price":42.05},{"type":"A","date":"2018-04-06T01:58:58.000Z","volume":800,"label":" ","price":42.05},{"type":"A","date":"2018-04-06T01:58:58.000Z","volume":600,"label":" ","price":42.05},{"type":"A","date":"2018-04-06T01:58:59.000Z","volume":3200,"label":" ","price":42.05},{"type":"A","date":"2018-04-06T01:58:59.000Z","volume":600,"label":" ","price":42.05},{"type":"A","date":"2018-04-06T01:59:00.000Z","volume":800,"label":" ","price":42.1},{"type":"B","date":"2018-04-06T01:59:00.000Z","volume":600,"label":" ","price":42.05},{"type":"A","date":"2018-04-06T01:59:14.000Z","volume":1200,"label":" ","price":42.1},{"type":"A","date":"2018-04-06T01:59:14.000Z","volume":1400,"label":" ","price":42.1},{"type":"A","date":"2018-04-06T01:59:14.000Z","volume":800,"label":" ","price":42.1},{"type":"A","date":"2018-04-06T01:59:14.000Z","volume":1000,"label":" ","price":42.1},{"type":"A","date":"2018-04-06T01:59:15.000Z","volume":600,"label":" ","price":42.1},{"type":"A","date":"2018-04-06T01:59:15.000Z","volume":1200,"label":" ","price":42.1},{"type":"A","date":"2018-04-06T01:59:15.000Z","volume":200,"label":" ","price":42.1},{"type":"A","date":"2018-04-06T01:59:15.000Z","volume":400,"label":" ","price":42.1},{"type":"A","date":"2018-04-06T01:59:17.000Z","volume":2200,"label":" ","price":42.1},{"type":"A","date":"2018-04-06T01:59:17.000Z","volume":200,"label":" ","price":42.1},{"type":"A","date":"2018-04-06T01:59:42.000Z","volume":200,"label":" ","price":42.1},{"type":"A","date":"2018-04-06T01:59:57.000Z","volume":200,"label":" ","price":42.1},{"type":"A","date":"2018-04-06T01:59:57.000Z","volume":800,"label":" ","price":42.1},{"type":"A","date":"2018-04-06T01:59:58.000Z","volume":800,"label":" ","price":42.1},{"type":"A","date":"2018-04-06T01:59:58.000Z","volume":1000,"label":" ","price":42.1},{"type":"A","date":"2018-04-06T02:00:07.000Z","volume":200,"label":" ","price":42.1},{"type":"A","date":"2018-04-06T02:00:14.000Z","volume":2000,"label":" ","price":42.1},{"type":"A","date":"2018-04-06T02:00:17.000Z","volume":200,"label":" ","price":42.2},{"type":"A","date":"2018-04-06T02:00:17.000Z","volume":800,"label":" ","price":42.2},{"type":"A","date":"2018-04-06T02:00:27.000Z","volume":400,"label":" ","price":42.2},{"type":"B","date":"2018-04-06T02:00:28.000Z","volume":200,"label":" ","price":42.1},{"type":"B","date":"2018-04-06T02:00:28.000Z","volume":200,"label":" ","price":42.1},{"type":"B","date":"2018-04-06T02:00:28.000Z","volume":600,"label":" ","price":42.1},{"type":"B","date":"2018-04-06T02:00:28.000Z","volume":400,"label":" ","price":42.1},{"type":"B","date":"2018-04-06T02:00:28.000Z","volume":200,"label":" ","price":42.1},{"type":"A","date":"2018-04-06T02:00:31.000Z","volume":2000,"label":" ","price":42.2},{"type":"A","date":"2018-04-06T02:00:38.000Z","volume":4200,"label":" ","price":42.2},{"type":"A","date":"2018-04-06T02:00:39.000Z","volume":200,"label":" ","price":42.25},{"type":"A","date":"2018-04-06T02:00:39.000Z","volume":1400,"label":" ","price":42.25},{"type":"A","date":"2018-04-06T02:00:41.000Z","volume":2200,"label":" ","price":42.25},{"type":"B","date":"2018-04-06T02:00:42.000Z","volume":200,"label":" ","price":42.25},{"type":"U","date":"2018-04-06T02:00:47.000Z","volume":400,"label":"X","price":42.15},{"type":"B","date":"2018-04-06T02:01:01.000Z","volume":2800,"label":"Y","price":42.25},{"type":"B","date":"2018-04-06T02:01:01.000Z","volume":800,"label":" ","price":42.25},{"type":"A","date":"2018-04-06T02:01:02.000Z","volume":1000,"label":" ","price":42.3},{"type":"A","date":"2018-04-06T02:01:06.000Z","volume":1200,"label":" ","price":42.3},{"type":"A","date":"2018-04-06T02:01:27.000Z","volume":200,"label":" ","price":42.3},{"type":"B","date":"2018-04-06T02:01:31.000Z","volume":1000,"label":" ","price":42.25},{"type":"A","date":"2018-04-06T02:01:50.000Z","volume":1000,"label":" ","price":42.3},{"type":"B","date":"2018-04-06T02:02:03.000Z","volume":200,"label":" ","price":42.25},{"type":"A","date":"2018-04-06T02:02:04.000Z","volume":1000,"label":" ","price":42.3},{"type":"A","date":"2018-04-06T02:02:04.000Z","volume":1000,"label":" ","price":42.3},{"type":"A","date":"2018-04-06T02:02:12.000Z","volume":200,"label":" ","price":42.3},{"type":"A","date":"2018-04-06T02:02:12.000Z","volume":800,"label":" ","price":42.3},{"type":"B","date":"2018-04-06T02:02:12.000Z","volume":200,"label":" ","price":42.25},{"type":"A","date":"2018-04-06T02:02:15.000Z","volume":400,"label":" ","price":42.3},{"type":"A","date":"2018-04-06T02:02:17.000Z","volume":2400,"label":" ","price":42.3},{"type":"A","date":"2018-04-06T02:02:17.000Z","volume":400,"label":" ","price":42.3},{"type":"A","date":"2018-04-06T02:02:27.000Z","volume":200,"label":" ","price":42.3},{"type":"A","date":"2018-04-06T02:02:28.000Z","volume":800,"label":" ","price":42.3},{"type":"B","date":"2018-04-06T02:02:28.000Z","volume":200,"label":" ","price":42.25},{"type":"A","date":"2018-04-06T02:02:28.000Z","volume":800,"label":" ","price":42.3},{"type":"A","date":"2018-04-06T02:02:37.000Z","volume":2000,"label":" ","price":42.3},{"type":"A","date":"2018-04-06T02:02:37.000Z","volume":800,"label":" ","price":42.3},{"type":"A","date":"2018-04-06T02:02:40.000Z","volume":3000,"label":" ","price":42.3},{"type":"B","date":"2018-04-06T02:02:40.000Z","volume":200,"label":" ","price":42.3},{"type":"A","date":"2018-04-06T02:02:40.000Z","volume":800,"label":" ","price":42.35},{"type":"A","date":"2018-04-06T02:02:41.000Z","volume":1400,"label":" ","price":42.35},{"type":"A","date":"2018-04-06T02:02:41.000Z","volume":800,"label":" ","price":42.35},{"type":"A","date":"2018-04-06T02:02:42.000Z","volume":200,"label":" ","price":42.35},{"type":"A","date":"2018-04-06T02:02:42.000Z","volume":200,"label":" ","price":42.35},{"type":"A","date":"2018-04-06T02:02:44.000Z","volume":3200,"label":" ","price":42.35},{"type":"B","date":"2018-04-06T02:02:49.000Z","volume":200,"label":" ","price":42.35},{"type":"B","date":"2018-04-06T02:02:50.000Z","volume":1200,"label":" ","price":42.35},{"type":"A","date":"2018-04-06T02:02:50.000Z","volume":1200,"label":" ","price":42.4},{"type":"B","date":"2018-04-06T02:02:51.000Z","volume":400,"label":" ","price":42.35},{"type":"B","date":"2018-04-06T02:02:51.000Z","volume":600,"label":"Y","price":42.3},{"type":"A","date":"2018-04-06T02:02:56.000Z","volume":200,"label":" ","price":42.35},{"type":"A","date":"2018-04-06T02:03:22.000Z","volume":1200,"label":" ","price":42.35},{"type":"A","date":"2018-04-06T02:03:37.000Z","volume":200,"label":" ","price":42.35},{"type":"A","date":"2018-04-06T02:03:44.000Z","volume":400,"label":" ","price":42.35},{"type":"A","date":"2018-04-06T02:03:44.000Z","volume":800,"label":" ","price":42.35},{"type":"A","date":"2018-04-06T02:03:52.000Z","volume":200,"label":" ","price":42.35},{"type":"A","date":"2018-04-06T02:04:07.000Z","volume":200,"label":" ","price":42.35},{"type":"A","date":"2018-04-06T02:04:22.000Z","volume":200,"label":" ","price":42.35},{"type":"A","date":"2018-04-06T02:04:22.000Z","volume":3200,"label":" ","price":42.35},{"type":"A","date":"2018-04-06T02:04:37.000Z","volume":400,"label":" ","price":42.4},{"type":"A","date":"2018-04-06T02:04:38.000Z","volume":1400,"label":" ","price":42.4},{"type":"A","date":"2018-04-06T02:04:38.000Z","volume":600,"label":" ","price":42.4},{"type":"A","date":"2018-04-06T02:04:39.000Z","volume":800,"label":" ","price":42.4},{"type":"A","date":"2018-04-06T02:04:41.000Z","volume":8600,"label":" ","price":42.4},{"type":"A","date":"2018-04-06T02:04:41.000Z","volume":400,"label":" ","price":42.4},{"type":"A","date":"2018-04-06T02:04:41.000Z","volume":3000,"label":" ","price":42.4},{"type":"A","date":"2018-04-06T02:04:41.000Z","volume":800,"label":" ","price":42.45},{"type":"A","date":"2018-04-06T02:04:42.000Z","volume":3000,"label":" ","price":42.45},{"type":"A","date":"2018-04-06T02:04:43.000Z","volume":6000,"label":" ","price":42.45},{"type":"A","date":"2018-04-06T02:04:44.000Z","volume":6200,"label":" ","price":42.5},{"type":"A","date":"2018-04-06T02:04:49.000Z","volume":200,"label":" ","price":42.5},{"type":"A","date":"2018-04-06T02:04:56.000Z","volume":800,"label":" ","price":42.45},{"type":"A","date":"2018-04-06T02:04:57.000Z","volume":5200,"label":" ","price":42.45},{"type":"A","date":"2018-04-06T02:04:57.000Z","volume":64400,"label":" ","price":42.5},{"type":"A","date":"2018-04-06T02:04:57.000Z","volume":14000,"label":" ","price":42.5},{"type":"A","date":"2018-04-06T02:04:57.000Z","volume":800,"label":" ","price":42.55},{"type":"U","date":"2018-04-06T02:04:57.000Z","volume":21000,"label":" ","price":42.5},{"type":"U","date":"2018-04-06T02:04:57.000Z","volume":17400,"label":" ","price":42.5},{"type":"B","date":"2018-04-06T02:04:57.000Z","volume":1000,"label":" ","price":42.45},{"type":"B","date":"2018-04-06T02:04:57.000Z","volume":800,"label":" ","price":42.45},{"type":"B","date":"2018-04-06T02:04:57.000Z","volume":1600,"label":" ","price":42.45},{"type":"U","date":"2018-04-06T02:04:57.000Z","volume":11600,"label":" ","price":42.5},{"type":"A","date":"2018-04-06T02:04:57.000Z","volume":3200,"label":" ","price":42.55},{"type":"A","date":"2018-04-06T02:04:57.000Z","volume":1000,"label":" ","price":42.55},{"type":"B","date":"2018-04-06T02:04:57.000Z","volume":800,"label":" ","price":42.55},{"type":"A","date":"2018-04-06T02:04:58.000Z","volume":4800,"label":" ","price":42.5},{"type":"A","date":"2018-04-06T02:05:00.000Z","volume":200,"label":" ","price":42.5},{"type":"A","date":"2018-04-06T02:05:02.000Z","volume":47400,"label":" ","price":42.5},{"type":"B","date":"2018-04-06T02:05:02.000Z","volume":2200,"label":" ","price":42.5},{"type":"A","date":"2018-04-06T02:05:03.000Z","volume":9200,"label":" ","price":42.5},{"type":"U","date":"2018-04-06T02:05:12.000Z","volume":400,"label":"X","price":42.369},{"type":"B","date":"2018-04-06T02:05:13.000Z","volume":1200,"label":" ","price":42.45},{"type":"B","date":"2018-04-06T02:05:16.000Z","volume":6600,"label":" ","price":42.45},{"type":"B","date":"2018-04-06T02:05:16.000Z","volume":1000,"label":" ","price":42.4},{"type":"U","date":"2018-04-06T02:05:17.000Z","volume":1400,"label":"X","price":42.475},{"type":"U","date":"2018-04-06T02:05:17.000Z","volume":400,"label":"X","price":42.475},{"type":"A","date":"2018-04-06T02:05:25.000Z","volume":6000,"label":" ","price":42.45},{"type":"U","date":"2018-04-06T02:05:29.000Z","volume":1400,"label":"X","price":42.475},{"type":"A","date":"2018-04-06T02:05:55.000Z","volume":1000,"label":" ","price":42.45},{"type":"A","date":"2018-04-06T02:06:05.000Z","volume":200,"label":" ","price":42.45},{"type":"A","date":"2018-04-06T02:06:17.000Z","volume":200,"label":" ","price":42.45},{"type":"A","date":"2018-04-06T02:06:27.000Z","volume":200,"label":" ","price":42.45},{"type":"A","date":"2018-04-06T02:06:31.000Z","volume":1200,"label":" ","price":42.45},{"type":"A","date":"2018-04-06T02:06:31.000Z","volume":800,"label":" ","price":42.45},{"type":"A","date":"2018-04-06T02:06:33.000Z","volume":2000,"label":" ","price":42.45},{"type":"A","date":"2018-04-06T02:06:37.000Z","volume":200,"label":" ","price":42.45},{"type":"A","date":"2018-04-06T02:06:47.000Z","volume":200,"label":" ","price":42.45},{"type":"A","date":"2018-04-06T02:06:57.000Z","volume":200,"label":" ","price":42.45},{"type":"A","date":"2018-04-06T02:07:07.000Z","volume":200,"label":" ","price":42.45},{"type":"A","date":"2018-04-06T02:07:17.000Z","volume":200,"label":" ","price":42.45},{"type":"A","date":"2018-04-06T02:07:18.000Z","volume":800,"label":" ","price":42.45},{"type":"A","date":"2018-04-06T02:07:18.000Z","volume":4200,"label":" ","price":42.45},{"type":"A","date":"2018-04-06T02:07:27.000Z","volume":200,"label":" ","price":42.5},{"type":"A","date":"2018-04-06T02:07:28.000Z","volume":200,"label":" ","price":42.5},{"type":"A","date":"2018-04-06T02:07:28.000Z","volume":400,"label":" ","price":42.5},{"type":"A","date":"2018-04-06T02:07:28.000Z","volume":200,"label":" ","price":42.5},{"type":"A","date":"2018-04-06T02:07:28.000Z","volume":1600,"label":" ","price":42.5},{"type":"A","date":"2018-04-06T02:07:28.000Z","volume":200,"label":" ","price":42.5},{"type":"A","date":"2018-04-06T02:07:28.000Z","volume":400,"label":" ","price":42.5},{"type":"A","date":"2018-04-06T02:07:28.000Z","volume":600,"label":" ","price":42.5},{"type":"A","date":"2018-04-06T02:07:30.000Z","volume":2000,"label":" ","price":42.5},{"type":"A","date":"2018-04-06T02:07:33.000Z","volume":2000,"label":" ","price":42.5},{"type":"A","date":"2018-04-06T02:07:37.000Z","volume":200,"label":" ","price":42.5},{"type":"A","date":"2018-04-06T02:07:47.000Z","volume":200,"label":" ","price":42.5},{"type":"B","date":"2018-04-06T02:07:52.000Z","volume":5000,"label":" ","price":42.45},{"type":"A","date":"2018-04-06T02:07:52.000Z","volume":800,"label":" ","price":42.5},{"type":"B","date":"2018-04-06T02:07:57.000Z","volume":400,"label":" ","price":42.45},{"type":"B","date":"2018-04-06T02:08:07.000Z","volume":200,"label":" ","price":42.45},{"type":"A","date":"2018-04-06T02:08:08.000Z","volume":10000,"label":" ","price":42.5},{"type":"A","date":"2018-04-06T02:08:09.000Z","volume":2800,"label":" ","price":42.5},{"type":"A","date":"2018-04-06T02:08:10.000Z","volume":3800,"label":" ","price":42.5},{"type":"A","date":"2018-04-06T02:08:10.000Z","volume":19800,"label":" ","price":42.5},{"type":"U","date":"2018-04-06T02:08:10.000Z","volume":200,"label":" ","price":42.5},{"type":"A","date":"2018-04-06T02:08:10.000Z","volume":400,"label":" ","price":42.55},{"type":"A","date":"2018-04-06T02:08:11.000Z","volume":3000,"label":" ","price":42.5},{"type":"A","date":"2018-04-06T02:08:11.000Z","volume":400,"label":" ","price":42.55},{"type":"A","date":"2018-04-06T02:08:12.000Z","volume":5000,"label":" ","price":42.6},{"type":"A","date":"2018-04-06T02:08:12.000Z","volume":42800,"label":" ","price":42.6},{"type":"U","date":"2018-04-06T02:08:12.000Z","volume":200,"label":" ","price":42.6},{"type":"A","date":"2018-04-06T02:08:12.000Z","volume":5400,"label":" ","price":42.65},{"type":"A","date":"2018-04-06T02:08:14.000Z","volume":3400,"label":" ","price":42.75},{"type":"B","date":"2018-04-06T02:08:14.000Z","volume":800,"label":" ","price":42.75},{"type":"B","date":"2018-04-06T02:08:14.000Z","volume":1200,"label":" ","price":42.75},{"type":"A","date":"2018-04-06T02:08:15.000Z","volume":4200,"label":" ","price":42.8},{"type":"A","date":"2018-04-06T02:08:16.000Z","volume":5000,"label":" ","price":42.85},{"type":"A","date":"2018-04-06T02:08:16.000Z","volume":200,"label":" ","price":42.85},{"type":"U","date":"2018-04-06T02:08:17.000Z","volume":2000,"label":"X","price":42.475},{"type":"A","date":"2018-04-06T02:08:26.000Z","volume":5000,"label":" ","price":42.9},{"type":"A","date":"2018-04-06T02:08:26.000Z","volume":3200,"label":" ","price":42.9},{"type":"A","date":"2018-04-06T02:08:26.000Z","volume":400,"label":" ","price":42.9},{"type":"A","date":"2018-04-06T02:08:34.000Z","volume":3200,"label":" ","price":42.95},{"type":"A","date":"2018-04-06T02:08:34.000Z","volume":1800,"label":" ","price":43},{"type":"A","date":"2018-04-06T02:08:36.000Z","volume":2800,"label":" ","price":43},{"type":"A","date":"2018-04-06T02:08:38.000Z","volume":17200,"label":" ","price":43},{"type":"B","date":"2018-04-06T02:08:39.000Z","volume":6400,"label":" ","price":43},{"type":"B","date":"2018-04-06T02:08:39.000Z","volume":1000,"label":" ","price":42.9},{"type":"B","date":"2018-04-06T02:08:39.000Z","volume":3200,"label":" ","price":42.85},{"type":"B","date":"2018-04-06T02:08:39.000Z","volume":2400,"label":" ","price":42.8},{"type":"B","date":"2018-04-06T02:08:39.000Z","volume":800,"label":" ","price":42.75},{"type":"B","date":"2018-04-06T02:08:39.000Z","volume":200,"label":" ","price":42.6},{"type":"B","date":"2018-04-06T02:08:39.000Z","volume":400,"label":" ","price":42.6},{"type":"A","date":"2018-04-06T02:08:43.000Z","volume":6000,"label":" ","price":42.6},{"type":"A","date":"2018-04-06T02:09:25.000Z","volume":10000,"label":" ","price":42.6},{"type":"A","date":"2018-04-06T02:09:26.000Z","volume":2000,"label":" ","price":42.6},{"type":"A","date":"2018-04-06T02:09:27.000Z","volume":2000,"label":" ","price":42.6},{"type":"A","date":"2018-04-06T02:09:36.000Z","volume":1000,"label":" ","price":42.6},{"type":"A","date":"2018-04-06T02:09:36.000Z","volume":200,"label":" ","price":42.6},{"type":"A","date":"2018-04-06T02:09:36.000Z","volume":800,"label":" ","price":42.6},{"type":"A","date":"2018-04-06T02:09:36.000Z","volume":27400,"label":" ","price":42.6},{"type":"A","date":"2018-04-06T02:09:36.000Z","volume":64400,"label":" ","price":42.6},{"type":"A","date":"2018-04-06T02:09:36.000Z","volume":6000,"label":" ","price":42.95},{"type":"A","date":"2018-04-06T02:09:36.000Z","volume":200,"label":" ","price":42.9},{"type":"A","date":"2018-04-06T02:09:38.000Z","volume":6400,"label":" ","price":42.9},{"type":"B","date":"2018-04-06T02:09:38.000Z","volume":2000,"label":" ","price":42.9},{"type":"B","date":"2018-04-06T02:09:38.000Z","volume":200,"label":" ","price":42.9},{"type":"B","date":"2018-04-06T02:09:38.000Z","volume":600,"label":" ","price":42.9},{"type":"B","date":"2018-04-06T02:09:39.000Z","volume":200,"label":" ","price":42.9},{"type":"A","date":"2018-04-06T02:09:39.000Z","volume":7400,"label":" ","price":42.95},{"type":"A","date":"2018-04-06T02:09:41.000Z","volume":14600,"label":" ","price":42.95},{"type":"A","date":"2018-04-06T02:09:51.000Z","volume":200,"label":" ","price":42.95},{"type":"A","date":"2018-04-06T02:09:54.000Z","volume":5000,"label":" ","price":42.95},{"type":"A","date":"2018-04-06T02:10:05.000Z","volume":200,"label":" ","price":43},{"type":"A","date":"2018-04-06T02:10:08.000Z","volume":600,"label":" ","price":43},{"type":"B","date":"2018-04-06T02:10:18.000Z","volume":3800,"label":" ","price":42.9},{"type":"A","date":"2018-04-06T02:10:27.000Z","volume":800,"label":" ","price":42.85},{"type":"A","date":"2018-04-06T02:10:45.000Z","volume":200,"label":" ","price":42.85},{"type":"A","date":"2018-04-06T02:10:56.000Z","volume":2000,"label":" ","price":42.85},{"type":"B","date":"2018-04-06T02:10:59.000Z","volume":200,"label":" ","price":42.8},{"type":"B","date":"2018-04-06T02:11:13.000Z","volume":2400,"label":" ","price":42.8},{"type":"A","date":"2018-04-06T02:11:14.000Z","volume":200,"label":" ","price":42.8},{"type":"A","date":"2018-04-06T02:12:22.000Z","volume":200,"label":" ","price":42.75},{"type":"A","date":"2018-04-06T02:12:35.000Z","volume":200,"label":" ","price":42.75},{"type":"B","date":"2018-04-06T02:12:39.000Z","volume":200,"label":" ","price":42.7},{"type":"B","date":"2018-04-06T02:12:41.000Z","volume":3600,"label":" ","price":42.7},{"type":"B","date":"2018-04-06T02:12:41.000Z","volume":200,"label":" ","price":42.6},{"type":"A","date":"2018-04-06T02:13:36.000Z","volume":4000,"label":" ","price":42.7},{"type":"A","date":"2018-04-06T02:13:36.000Z","volume":200,"label":" ","price":42.75},{"type":"A","date":"2018-04-06T02:13:36.000Z","volume":2400,"label":" ","price":42.8},{"type":"B","date":"2018-04-06T02:13:36.000Z","volume":200,"label":" ","price":42.8},{"type":"B","date":"2018-04-06T02:13:36.000Z","volume":200,"label":" ","price":42.8},{"type":"B","date":"2018-04-06T02:13:36.000Z","volume":200,"label":" ","price":42.8},{"type":"B","date":"2018-04-06T02:13:36.000Z","volume":5200,"label":" ","price":42.8},{"type":"B","date":"2018-04-06T02:13:37.000Z","volume":2400,"label":" ","price":42.6},{"type":"B","date":"2018-04-06T02:13:37.000Z","volume":200,"label":" ","price":42.6},{"type":"B","date":"2018-04-06T02:13:38.000Z","volume":400,"label":" ","price":42.55},{"type":"B","date":"2018-04-06T02:13:39.000Z","volume":200,"label":" ","price":42.5},{"type":"A","date":"2018-04-06T02:13:39.000Z","volume":400,"label":" ","price":42.55},{"type":"B","date":"2018-04-06T02:13:42.000Z","volume":200,"label":" ","price":42.5},{"type":"A","date":"2018-04-06T02:13:42.000Z","volume":2600,"label":" ","price":42.55},{"type":"B","date":"2018-04-06T02:13:47.000Z","volume":400,"label":" ","price":42.55},{"type":"B","date":"2018-04-06T02:14:02.000Z","volume":4000,"label":" ","price":42.6},{"type":"A","date":"2018-04-06T02:14:09.000Z","volume":3000,"label":" ","price":42.65},{"type":"A","date":"2018-04-06T02:14:09.000Z","volume":200,"label":" ","price":42.65},{"type":"U","date":"2018-04-06T02:15:12.000Z","volume":400,"label":"X","price":42.676},{"type":"A","date":"2018-04-06T02:15:17.000Z","volume":200,"label":" ","price":42.8},{"type":"A","date":"2018-04-06T02:15:32.000Z","volume":400,"label":" ","price":42.8},{"type":"A","date":"2018-04-06T02:15:34.000Z","volume":200,"label":" ","price":42.8},{"type":"A","date":"2018-04-06T02:15:47.000Z","volume":2200,"label":" ","price":42.8},{"type":"A","date":"2018-04-06T02:15:47.000Z","volume":200,"label":" ","price":42.85},{"type":"A","date":"2018-04-06T02:16:02.000Z","volume":200,"label":" ","price":42.8},{"type":"A","date":"2018-04-06T02:16:13.000Z","volume":200,"label":" ","price":42.8},{"type":"A","date":"2018-04-06T02:16:20.000Z","volume":200,"label":" ","price":42.8},{"type":"B","date":"2018-04-06T02:16:27.000Z","volume":3000,"label":" ","price":42.7},{"type":"A","date":"2018-04-06T02:16:34.000Z","volume":600,"label":" ","price":42.75},{"type":"A","date":"2018-04-06T02:16:50.000Z","volume":2800,"label":" ","price":42.75},{"type":"B","date":"2018-04-06T02:17:09.000Z","volume":2400,"label":" ","price":42.75},{"type":"B","date":"2018-04-06T02:17:14.000Z","volume":200,"label":" ","price":42.75},{"type":"B","date":"2018-04-06T02:17:33.000Z","volume":3200,"label":" ","price":42.8},{"type":"A","date":"2018-04-06T02:17:44.000Z","volume":400,"label":"Y","price":42.85},{"type":"A","date":"2018-04-06T02:17:44.000Z","volume":2200,"label":" ","price":42.85},{"type":"B","date":"2018-04-06T02:17:50.000Z","volume":200,"label":" ","price":42.8},{"type":"A","date":"2018-04-06T02:18:07.000Z","volume":200,"label":" ","price":42.9},{"type":"A","date":"2018-04-06T02:18:12.000Z","volume":1600,"label":" ","price":42.9},{"type":"A","date":"2018-04-06T02:18:14.000Z","volume":1000,"label":" ","price":42.9},{"type":"A","date":"2018-04-06T02:18:27.000Z","volume":200,"label":" ","price":42.9},{"type":"A","date":"2018-04-06T02:18:28.000Z","volume":2000,"label":" ","price":42.9},{"type":"A","date":"2018-04-06T02:18:28.000Z","volume":400,"label":" ","price":42.9},{"type":"A","date":"2018-04-06T02:18:37.000Z","volume":2800,"label":" ","price":42.9},{"type":"A","date":"2018-04-06T02:18:37.000Z","volume":7000,"label":" ","price":42.95},{"type":"A","date":"2018-04-06T02:18:37.000Z","volume":10200,"label":" ","price":43},{"type":"U","date":"2018-04-06T02:18:37.000Z","volume":600,"label":" ","price":42.9},{"type":"A","date":"2018-04-06T02:18:39.000Z","volume":5400,"label":" ","price":43},{"type":"A","date":"2018-04-06T02:18:43.000Z","volume":600,"label":" ","price":43},{"type":"A","date":"2018-04-06T02:18:45.000Z","volume":3000,"label":" ","price":43},{"type":"A","date":"2018-04-06T02:19:07.000Z","volume":7000,"label":" ","price":43.05},{"type":"U","date":"2018-04-06T02:19:07.000Z","volume":400,"label":" ","price":43.05},{"type":"A","date":"2018-04-06T02:19:24.000Z","volume":1000,"label":" ","price":43.1},{"type":"A","date":"2018-04-06T02:19:26.000Z","volume":2000,"label":" ","price":43.1},{"type":"A","date":"2018-04-06T02:19:26.000Z","volume":1000,"label":" ","price":43.1},{"type":"A","date":"2018-04-06T02:19:26.000Z","volume":400,"label":" ","price":43.15},{"type":"A","date":"2018-04-06T02:19:26.000Z","volume":2400,"label":" ","price":43.15},{"type":"A","date":"2018-04-06T02:19:39.000Z","volume":3000,"label":" ","price":43.2},{"type":"B","date":"2018-04-06T02:19:50.000Z","volume":1000,"label":" ","price":43.1},{"type":"B","date":"2018-04-06T02:19:59.000Z","volume":800,"label":" ","price":43.1},{"type":"A","date":"2018-04-06T02:20:13.000Z","volume":4200,"label":" ","price":43.1},{"type":"A","date":"2018-04-06T02:20:44.000Z","volume":1800,"label":" ","price":43.2},{"type":"A","date":"2018-04-06T02:20:44.000Z","volume":200,"label":" ","price":43.2},{"type":"A","date":"2018-04-06T02:20:45.000Z","volume":2400,"label":" ","price":43.2},{"type":"A","date":"2018-04-06T02:20:46.000Z","volume":1200,"label":" ","price":43.25},{"type":"A","date":"2018-04-06T02:20:52.000Z","volume":200,"label":" ","price":43.25},{"type":"A","date":"2018-04-06T02:20:59.000Z","volume":200,"label":"Y","price":43.25},{"type":"A","date":"2018-04-06T02:20:59.000Z","volume":2000,"label":" ","price":43.25},{"type":"A","date":"2018-04-06T02:20:59.000Z","volume":200,"label":" ","price":43.25},{"type":"A","date":"2018-04-06T02:21:01.000Z","volume":600,"label":" ","price":43.25},{"type":"B","date":"2018-04-06T02:21:05.000Z","volume":200,"label":" ","price":43.2},{"type":"A","date":"2018-04-06T02:21:09.000Z","volume":200,"label":" ","price":43.25},{"type":"A","date":"2018-04-06T02:21:31.000Z","volume":1000,"label":" ","price":43.25},{"type":"A","date":"2018-04-06T02:21:31.000Z","volume":200,"label":" ","price":43.25},{"type":"A","date":"2018-04-06T02:21:31.000Z","volume":200,"label":" ","price":43.25},{"type":"A","date":"2018-04-06T02:21:31.000Z","volume":400,"label":" ","price":43.25},{"type":"A","date":"2018-04-06T02:21:31.000Z","volume":600,"label":" ","price":43.25},{"type":"A","date":"2018-04-06T02:21:33.000Z","volume":600,"label":" ","price":43.3},{"type":"A","date":"2018-04-06T02:21:52.000Z","volume":1000,"label":" ","price":43.3},{"type":"A","date":"2018-04-06T02:21:52.000Z","volume":200,"label":" ","price":43.3},{"type":"A","date":"2018-04-06T02:21:54.000Z","volume":200,"label":" ","price":43.3},{"type":"A","date":"2018-04-06T02:21:54.000Z","volume":3000,"label":" ","price":43.3},{"type":"B","date":"2018-04-06T02:21:54.000Z","volume":200,"label":" ","price":43.3},{"type":"A","date":"2018-04-06T02:22:05.000Z","volume":1000,"label":" ","price":43.35},{"type":"A","date":"2018-04-06T02:22:06.000Z","volume":4000,"label":" ","price":43.35},{"type":"B","date":"2018-04-06T02:22:06.000Z","volume":200,"label":" ","price":43.35},{"type":"B","date":"2018-04-06T02:22:08.000Z","volume":600,"label":" ","price":43.35},{"type":"A","date":"2018-04-06T02:22:16.000Z","volume":19800,"label":" ","price":43.4},{"type":"A","date":"2018-04-06T02:22:17.000Z","volume":600,"label":" ","price":43.4},{"type":"A","date":"2018-04-06T02:22:17.000Z","volume":4800,"label":" ","price":43.4},{"type":"A","date":"2018-04-06T02:22:19.000Z","volume":9200,"label":" ","price":43.4},{"type":"A","date":"2018-04-06T02:22:22.000Z","volume":4000,"label":" ","price":43.4},{"type":"A","date":"2018-04-06T02:22:27.000Z","volume":200,"label":" ","price":43.45},{"type":"A","date":"2018-04-06T02:22:29.000Z","volume":5600,"label":" ","price":43.45},{"type":"A","date":"2018-04-06T02:22:35.000Z","volume":200,"label":" ","price":43.5},{"type":"A","date":"2018-04-06T02:22:35.000Z","volume":2400,"label":" ","price":43.5},{"type":"A","date":"2018-04-06T02:22:36.000Z","volume":400,"label":" ","price":43.5},{"type":"A","date":"2018-04-06T02:22:37.000Z","volume":4000,"label":" ","price":43.5},{"type":"A","date":"2018-04-06T02:22:37.000Z","volume":200,"label":" ","price":43.5},{"type":"A","date":"2018-04-06T02:22:38.000Z","volume":400,"label":" ","price":43.5},{"type":"B","date":"2018-04-06T02:22:39.000Z","volume":2200,"label":" ","price":43.45},{"type":"B","date":"2018-04-06T02:22:39.000Z","volume":800,"label":" ","price":43.4},{"type":"A","date":"2018-04-06T02:22:43.000Z","volume":7400,"label":" ","price":43.5},{"type":"A","date":"2018-04-06T02:22:43.000Z","volume":200,"label":" ","price":43.5},{"type":"A","date":"2018-04-06T02:22:44.000Z","volume":1000,"label":" ","price":43.55},{"type":"B","date":"2018-04-06T02:22:45.000Z","volume":600,"label":" ","price":43.5},{"type":"A","date":"2018-04-06T02:22:47.000Z","volume":2400,"label":" ","price":43.5},{"type":"A","date":"2018-04-06T02:22:48.000Z","volume":400,"label":" ","price":43.5},{"type":"B","date":"2018-04-06T02:22:52.000Z","volume":200,"label":" ","price":43.45},{"type":"B","date":"2018-04-06T02:22:54.000Z","volume":200,"label":" ","price":43.45},{"type":"U","date":"2018-04-06T02:22:59.000Z","volume":400,"label":"X","price":43.475},{"type":"A","date":"2018-04-06T02:23:08.000Z","volume":200,"label":" ","price":43.45},{"type":"A","date":"2018-04-06T02:23:12.000Z","volume":200,"label":" ","price":43.45},{"type":"A","date":"2018-04-06T02:23:23.000Z","volume":3800,"label":" ","price":43.45},{"type":"A","date":"2018-04-06T02:23:24.000Z","volume":400,"label":" ","price":43.45},{"type":"A","date":"2018-04-06T02:23:26.000Z","volume":400,"label":" ","price":43.45},{"type":"A","date":"2018-04-06T02:23:27.000Z","volume":200,"label":" ","price":43.45},{"type":"A","date":"2018-04-06T02:23:28.000Z","volume":1400,"label":" ","price":43.45},{"type":"A","date":"2018-04-06T02:23:29.000Z","volume":200,"label":" ","price":43.45},{"type":"A","date":"2018-04-06T02:23:32.000Z","volume":800,"label":" ","price":43.45},{"type":"A","date":"2018-04-06T02:23:33.000Z","volume":200,"label":" ","price":43.45},{"type":"A","date":"2018-04-06T02:23:33.000Z","volume":1600,"label":" ","price":43.45},{"type":"A","date":"2018-04-06T02:23:34.000Z","volume":200,"label":" ","price":43.45},{"type":"A","date":"2018-04-06T02:23:40.000Z","volume":2800,"label":" ","price":43.45},{"type":"A","date":"2018-04-06T02:23:41.000Z","volume":200,"label":" ","price":43.45},{"type":"A","date":"2018-04-06T02:23:51.000Z","volume":600,"label":" ","price":43.45},{"type":"A","date":"2018-04-06T02:23:52.000Z","volume":200,"label":" ","price":43.45},{"type":"B","date":"2018-04-06T02:24:08.000Z","volume":800,"label":" ","price":43.4},{"type":"A","date":"2018-04-06T02:24:09.000Z","volume":1000,"label":" ","price":43.45},{"type":"A","date":"2018-04-06T02:24:10.000Z","volume":200,"label":" ","price":43.45},{"type":"B","date":"2018-04-06T02:24:41.000Z","volume":600,"label":" ","price":43.4},{"type":"B","date":"2018-04-06T02:25:07.000Z","volume":800,"label":"Y","price":43.4},{"type":"B","date":"2018-04-06T02:25:07.000Z","volume":600,"label":" ","price":43.4},{"type":"B","date":"2018-04-06T02:25:10.000Z","volume":200,"label":" ","price":43.4},{"type":"B","date":"2018-04-06T02:25:12.000Z","volume":200,"label":" ","price":43.4},{"type":"A","date":"2018-04-06T02:25:13.000Z","volume":6800,"label":" ","price":43.4},{"type":"A","date":"2018-04-06T02:25:13.000Z","volume":5600,"label":" ","price":43.45},{"type":"A","date":"2018-04-06T02:25:22.000Z","volume":8200,"label":" ","price":43.45},{"type":"A","date":"2018-04-06T02:25:57.000Z","volume":200,"label":" ","price":43.5},{"type":"A","date":"2018-04-06T02:25:57.000Z","volume":200,"label":" ","price":43.5},{"type":"A","date":"2018-04-06T02:25:57.000Z","volume":200,"label":" ","price":43.5},{"type":"A","date":"2018-04-06T02:25:57.000Z","volume":1600,"label":" ","price":43.5},{"type":"U","date":"2018-04-06T02:25:57.000Z","volume":200,"label":"X","price":43.436},{"type":"A","date":"2018-04-06T02:26:02.000Z","volume":200,"label":" ","price":43.5},{"type":"A","date":"2018-04-06T02:26:03.000Z","volume":200,"label":" ","price":43.5},{"type":"A","date":"2018-04-06T02:26:04.000Z","volume":2000,"label":" ","price":43.5},{"type":"B","date":"2018-04-06T02:26:10.000Z","volume":2400,"label":" ","price":43.45},{"type":"A","date":"2018-04-06T02:26:13.000Z","volume":200,"label":" ","price":43.55},{"type":"A","date":"2018-04-06T02:26:24.000Z","volume":200,"label":" ","price":43.55},{"type":"A","date":"2018-04-06T02:26:24.000Z","volume":6000,"label":" ","price":43.55},{"type":"A","date":"2018-04-06T02:26:25.000Z","volume":600,"label":" ","price":43.55},{"type":"A","date":"2018-04-06T02:26:31.000Z","volume":2000,"label":" ","price":43.55},{"type":"A","date":"2018-04-06T02:26:32.000Z","volume":200,"label":" ","price":43.55},{"type":"B","date":"2018-04-06T02:26:45.000Z","volume":200,"label":" ","price":43.5},{"type":"A","date":"2018-04-06T02:26:46.000Z","volume":2000,"label":" ","price":43.55},{"type":"B","date":"2018-04-06T02:26:46.000Z","volume":400,"label":" ","price":43.5},{"type":"A","date":"2018-04-06T02:26:46.000Z","volume":400,"label":" ","price":43.5},{"type":"A","date":"2018-04-06T02:26:51.000Z","volume":2800,"label":" ","price":43.5},{"type":"A","date":"2018-04-06T02:26:52.000Z","volume":200,"label":" ","price":43.6},{"type":"B","date":"2018-04-06T02:26:56.000Z","volume":400,"label":" ","price":43.55},{"type":"A","date":"2018-04-06T02:26:57.000Z","volume":200,"label":" ","price":43.55},{"type":"A","date":"2018-04-06T02:27:08.000Z","volume":2000,"label":" ","price":43.55},{"type":"A","date":"2018-04-06T02:27:09.000Z","volume":200,"label":" ","price":43.55},{"type":"B","date":"2018-04-06T02:27:15.000Z","volume":2200,"label":" ","price":43.5},{"type":"A","date":"2018-04-06T02:27:16.000Z","volume":200,"label":" ","price":43.55},{"type":"B","date":"2018-04-06T02:27:23.000Z","volume":200,"label":" ","price":43.5},{"type":"B","date":"2018-04-06T02:27:28.000Z","volume":2800,"label":"Y","price":43.5},{"type":"B","date":"2018-04-06T02:27:28.000Z","volume":17200,"label":" ","price":43.5},{"type":"B","date":"2018-04-06T02:27:28.000Z","volume":400,"label":" ","price":43.5},{"type":"B","date":"2018-04-06T02:27:28.000Z","volume":400,"label":" ","price":43.5},{"type":"A","date":"2018-04-06T02:27:28.000Z","volume":1000,"label":" ","price":43.55},{"type":"B","date":"2018-04-06T02:27:28.000Z","volume":200,"label":" ","price":43.5},{"type":"B","date":"2018-04-06T02:27:29.000Z","volume":5800,"label":" ","price":43.45},{"type":"B","date":"2018-04-06T02:28:01.000Z","volume":200,"label":" ","price":43.4},{"type":"A","date":"2018-04-06T02:28:12.000Z","volume":2200,"label":" ","price":43.5},{"type":"B","date":"2018-04-06T02:28:12.000Z","volume":3600,"label":" ","price":43.5},{"type":"A","date":"2018-04-06T02:28:19.000Z","volume":1200,"label":" ","price":43.6},{"type":"A","date":"2018-04-06T02:29:27.000Z","volume":200,"label":" ","price":43.6},{"type":"A","date":"2018-04-06T02:29:32.000Z","volume":1000,"label":"Y","price":43.6},{"type":"A","date":"2018-04-06T02:29:38.000Z","volume":1000,"label":" ","price":43.55},{"type":"A","date":"2018-04-06T02:29:39.000Z","volume":200,"label":" ","price":43.55},{"type":"A","date":"2018-04-06T02:29:44.000Z","volume":200,"label":" ","price":43.55},{"type":"A","date":"2018-04-06T02:30:02.000Z","volume":200,"label":" ","price":43.55},{"type":"B","date":"2018-04-06T02:30:07.000Z","volume":1000,"label":" ","price":43.5},{"type":"A","date":"2018-04-06T02:30:08.000Z","volume":200,"label":" ","price":43.5},{"type":"B","date":"2018-04-06T02:30:19.000Z","volume":11200,"label":" ","price":43.45},{"type":"B","date":"2018-04-06T02:30:19.000Z","volume":22000,"label":" ","price":43.4},{"type":"A","date":"2018-04-06T02:30:19.000Z","volume":800,"label":" ","price":43.5},{"type":"B","date":"2018-04-06T02:30:21.000Z","volume":6600,"label":" ","price":43.35},{"type":"B","date":"2018-04-06T02:30:23.000Z","volume":200,"label":" ","price":43.35},{"type":"U","date":"2018-04-06T02:30:24.000Z","volume":400,"label":" ","price":43.2},{"type":"A","date":"2018-04-06T02:30:48.000Z","volume":2000,"label":" ","price":43.25},{"type":"A","date":"2018-04-06T02:30:49.000Z","volume":200,"label":" ","price":43.25},{"type":"B","date":"2018-04-06T02:30:49.000Z","volume":200,"label":" ","price":43.2},{"type":"B","date":"2018-04-06T02:31:13.000Z","volume":600,"label":" ","price":43.2},{"type":"B","date":"2018-04-06T02:31:17.000Z","volume":800,"label":" ","price":43.2},{"type":"A","date":"2018-04-06T02:31:17.000Z","volume":200,"label":" ","price":43.2},{"type":"A","date":"2018-04-06T02:31:19.000Z","volume":800,"label":" ","price":43.2},{"type":"B","date":"2018-04-06T02:31:24.000Z","volume":4800,"label":" ","price":43.15},{"type":"B","date":"2018-04-06T02:31:24.000Z","volume":200,"label":" ","price":43.15},{"type":"B","date":"2018-04-06T02:31:25.000Z","volume":600,"label":" ","price":43.15},{"type":"A","date":"2018-04-06T02:31:25.000Z","volume":400,"label":" ","price":43.15},{"type":"A","date":"2018-04-06T02:31:25.000Z","volume":200,"label":" ","price":43.15},{"type":"A","date":"2018-04-06T02:31:57.000Z","volume":7000,"label":" ","price":43.15},{"type":"B","date":"2018-04-06T02:31:57.000Z","volume":200,"label":" ","price":43.1},{"type":"A","date":"2018-04-06T02:31:58.000Z","volume":400,"label":" ","price":43.15},{"type":"B","date":"2018-04-06T02:31:58.000Z","volume":200,"label":" ","price":43.1},{"type":"B","date":"2018-04-06T02:32:08.000Z","volume":8800,"label":" ","price":43.1},{"type":"B","date":"2018-04-06T02:32:08.000Z","volume":400,"label":" ","price":43.1},{"type":"A","date":"2018-04-06T02:32:09.000Z","volume":1200,"label":" ","price":43.15},{"type":"A","date":"2018-04-06T02:32:11.000Z","volume":1000,"label":" ","price":43.15},{"type":"A","date":"2018-04-06T02:32:19.000Z","volume":2800,"label":" ","price":43.15},{"type":"A","date":"2018-04-06T02:32:20.000Z","volume":400,"label":" ","price":43.15},{"type":"A","date":"2018-04-06T02:32:20.000Z","volume":2800,"label":" ","price":43.15},{"type":"A","date":"2018-04-06T02:32:24.000Z","volume":3200,"label":" ","price":43.2},{"type":"A","date":"2018-04-06T02:32:27.000Z","volume":3200,"label":" ","price":43.2},{"type":"A","date":"2018-04-06T02:32:57.000Z","volume":200,"label":" ","price":43.25},{"type":"A","date":"2018-04-06T02:32:57.000Z","volume":200,"label":" ","price":43.25},{"type":"A","date":"2018-04-06T02:32:57.000Z","volume":200,"label":" ","price":43.25},{"type":"A","date":"2018-04-06T02:32:57.000Z","volume":400,"label":" ","price":43.25},{"type":"A","date":"2018-04-06T02:33:02.000Z","volume":200,"label":" ","price":43.25},{"type":"B","date":"2018-04-06T02:33:07.000Z","volume":1000,"label":" ","price":43.2},{"type":"B","date":"2018-04-06T02:33:11.000Z","volume":400,"label":" ","price":43.2},{"type":"A","date":"2018-04-06T02:33:32.000Z","volume":3400,"label":" ","price":43.2},{"type":"B","date":"2018-04-06T02:33:57.000Z","volume":600,"label":" ","price":43.2},{"type":"B","date":"2018-04-06T02:34:04.000Z","volume":400,"label":" ","price":43.25},{"type":"B","date":"2018-04-06T02:34:13.000Z","volume":600,"label":" ","price":43.25},{"type":"B","date":"2018-04-06T02:34:13.000Z","volume":1200,"label":" ","price":43.15},{"type":"A","date":"2018-04-06T02:34:13.000Z","volume":200,"label":" ","price":43.25},{"type":"A","date":"2018-04-06T02:34:16.000Z","volume":3200,"label":" ","price":43.25},{"type":"U","date":"2018-04-06T02:34:27.000Z","volume":400,"label":" ","price":43.3},{"type":"A","date":"2018-04-06T02:34:31.000Z","volume":2200,"label":" ","price":43.3},{"type":"A","date":"2018-04-06T02:34:32.000Z","volume":200,"label":" ","price":43.3},{"type":"A","date":"2018-04-06T02:34:38.000Z","volume":3200,"label":" ","price":43.3},{"type":"A","date":"2018-04-06T02:34:39.000Z","volume":400,"label":" ","price":43.35},{"type":"A","date":"2018-04-06T02:34:44.000Z","volume":3200,"label":" ","price":43.35},{"type":"A","date":"2018-04-06T02:34:45.000Z","volume":400,"label":" ","price":43.35},{"type":"A","date":"2018-04-06T02:34:49.000Z","volume":2800,"label":" ","price":43.35},{"type":"A","date":"2018-04-06T02:34:50.000Z","volume":400,"label":" ","price":43.35},{"type":"A","date":"2018-04-06T02:34:56.000Z","volume":3000,"label":" ","price":43.35},{"type":"B","date":"2018-04-06T02:35:07.000Z","volume":200,"label":" ","price":43.35},{"type":"B","date":"2018-04-06T02:35:07.000Z","volume":200,"label":" ","price":43.35},{"type":"B","date":"2018-04-06T02:35:07.000Z","volume":200,"label":" ","price":43.35},{"type":"A","date":"2018-04-06T02:35:08.000Z","volume":400,"label":" ","price":43.4},{"type":"B","date":"2018-04-06T02:35:08.000Z","volume":600,"label":" ","price":43.35},{"type":"B","date":"2018-04-06T02:35:09.000Z","volume":200,"label":" ","price":43.35},{"type":"B","date":"2018-04-06T02:35:15.000Z","volume":200,"label":" ","price":43.35},{"type":"B","date":"2018-04-06T02:35:23.000Z","volume":200,"label":" ","price":43.35},{"type":"A","date":"2018-04-06T02:35:37.000Z","volume":200,"label":" ","price":43.4},{"type":"B","date":"2018-04-06T02:35:41.000Z","volume":1000,"label":" ","price":43.35},{"type":"B","date":"2018-04-06T02:35:49.000Z","volume":200,"label":" ","price":43.35},{"type":"A","date":"2018-04-06T02:35:52.000Z","volume":200,"label":" ","price":43.4},{"type":"U","date":"2018-04-06T02:35:57.000Z","volume":400,"label":"X","price":43.365},{"type":"A","date":"2018-04-06T02:36:07.000Z","volume":200,"label":" ","price":43.4},{"type":"A","date":"2018-04-06T02:36:12.000Z","volume":4600,"label":" ","price":43.4},{"type":"A","date":"2018-04-06T02:36:13.000Z","volume":800,"label":" ","price":43.45},{"type":"A","date":"2018-04-06T02:36:22.000Z","volume":200,"label":" ","price":43.45},{"type":"B","date":"2018-04-06T02:36:26.000Z","volume":1200,"label":" ","price":43.4},{"type":"B","date":"2018-04-06T02:36:26.000Z","volume":200,"label":" ","price":43.4},{"type":"B","date":"2018-04-06T02:36:53.000Z","volume":2000,"label":" ","price":43.4},{"type":"A","date":"2018-04-06T02:36:54.000Z","volume":400,"label":" ","price":43.45},{"type":"A","date":"2018-04-06T02:36:57.000Z","volume":3000,"label":" ","price":43.45},{"type":"A","date":"2018-04-06T02:36:57.000Z","volume":1800,"label":" ","price":43.5},{"type":"A","date":"2018-04-06T02:36:58.000Z","volume":600,"label":" ","price":43.5},{"type":"B","date":"2018-04-06T02:37:10.000Z","volume":800,"label":" ","price":43.45},{"type":"A","date":"2018-04-06T02:37:35.000Z","volume":4400,"label":" ","price":43.5},{"type":"A","date":"2018-04-06T02:37:35.000Z","volume":5400,"label":" ","price":43.55},{"type":"A","date":"2018-04-06T02:37:35.000Z","volume":3200,"label":" ","price":43.6},{"type":"A","date":"2018-04-06T02:37:36.000Z","volume":1400,"label":" ","price":43.5},{"type":"A","date":"2018-04-06T02:37:39.000Z","volume":2000,"label":" ","price":43.5},{"type":"A","date":"2018-04-06T02:37:50.000Z","volume":2000,"label":" ","price":43.6},{"type":"A","date":"2018-04-06T02:37:57.000Z","volume":200,"label":" ","price":43.6},{"type":"A","date":"2018-04-06T02:37:58.000Z","volume":600,"label":" ","price":43.6},{"type":"A","date":"2018-04-06T02:37:58.000Z","volume":9800,"label":" ","price":43.6},{"type":"A","date":"2018-04-06T02:37:58.000Z","volume":5000,"label":" ","price":43.65},{"type":"A","date":"2018-04-06T02:37:58.000Z","volume":3800,"label":" ","price":43.7},{"type":"A","date":"2018-04-06T02:37:58.000Z","volume":3000,"label":" ","price":43.7},{"type":"A","date":"2018-04-06T02:38:02.000Z","volume":2400,"label":" ","price":43.7},{"type":"A","date":"2018-04-06T02:38:12.000Z","volume":200,"label":" ","price":43.75},{"type":"A","date":"2018-04-06T02:38:13.000Z","volume":2600,"label":" ","price":43.75},{"type":"A","date":"2018-04-06T02:38:21.000Z","volume":15000,"label":" ","price":43.8},{"type":"A","date":"2018-04-06T02:38:21.000Z","volume":9000,"label":" ","price":43.8},{"type":"A","date":"2018-04-06T02:38:24.000Z","volume":200,"label":" ","price":43.75},{"type":"B","date":"2018-04-06T02:38:24.000Z","volume":800,"label":" ","price":43.75},{"type":"B","date":"2018-04-06T02:38:24.000Z","volume":200,"label":" ","price":43.75},{"type":"A","date":"2018-04-06T02:38:24.000Z","volume":200,"label":" ","price":43.8},{"type":"A","date":"2018-04-06T02:38:25.000Z","volume":1200,"label":" ","price":43.8},{"type":"A","date":"2018-04-06T02:38:26.000Z","volume":400,"label":" ","price":43.85},{"type":"B","date":"2018-04-06T02:38:28.000Z","volume":800,"label":" ","price":43.8},{"type":"A","date":"2018-04-06T02:38:46.000Z","volume":1600,"label":" ","price":43.8},{"type":"A","date":"2018-04-06T02:38:46.000Z","volume":2600,"label":" ","price":43.85},{"type":"A","date":"2018-04-06T02:38:46.000Z","volume":7000,"label":" ","price":43.9},{"type":"A","date":"2018-04-06T02:38:47.000Z","volume":1200,"label":" ","price":43.95},{"type":"A","date":"2018-04-06T02:38:47.000Z","volume":7000,"label":" ","price":43.95},{"type":"A","date":"2018-04-06T02:38:57.000Z","volume":200,"label":" ","price":43.95},{"type":"A","date":"2018-04-06T02:38:58.000Z","volume":600,"label":" ","price":44},{"type":"B","date":"2018-04-06T02:39:06.000Z","volume":200,"label":" ","price":43.95},{"type":"B","date":"2018-04-06T02:39:06.000Z","volume":200,"label":" ","price":43.95},{"type":"A","date":"2018-04-06T02:39:07.000Z","volume":1400,"label":" ","price":43.95},{"type":"A","date":"2018-04-06T02:39:07.000Z","volume":600,"label":" ","price":44},{"type":"B","date":"2018-04-06T02:39:23.000Z","volume":10000,"label":" ","price":43.9},{"type":"U","date":"2018-04-06T02:39:23.000Z","volume":200,"label":" ","price":43.95},{"type":"A","date":"2018-04-06T02:39:32.000Z","volume":1200,"label":" ","price":43.95},{"type":"A","date":"2018-04-06T02:39:32.000Z","volume":5800,"label":" ","price":44},{"type":"A","date":"2018-04-06T02:39:32.000Z","volume":15600,"label":" ","price":44},{"type":"B","date":"2018-04-06T02:39:36.000Z","volume":1200,"label":" ","price":43.8},{"type":"A","date":"2018-04-06T02:39:36.000Z","volume":2400,"label":" ","price":43.8},{"type":"A","date":"2018-04-06T02:39:36.000Z","volume":200,"label":" ","price":43.8},{"type":"U","date":"2018-04-06T02:39:54.000Z","volume":800,"label":" ","price":43.75},{"type":"A","date":"2018-04-06T02:39:57.000Z","volume":3200,"label":" ","price":43.8},{"type":"B","date":"2018-04-06T02:40:27.000Z","volume":600,"label":" ","price":43.9},{"type":"B","date":"2018-04-06T02:40:32.000Z","volume":200,"label":" ","price":43.9},{"type":"B","date":"2018-04-06T02:40:34.000Z","volume":200,"label":" ","price":43.9},{"type":"A","date":"2018-04-06T02:40:38.000Z","volume":1200,"label":" ","price":43.9},{"type":"U","date":"2018-04-06T02:40:48.000Z","volume":400,"label":"X","price":43.95},{"type":"U","date":"2018-04-06T02:40:49.000Z","volume":200,"label":" ","price":43.9},{"type":"A","date":"2018-04-06T02:40:50.000Z","volume":200,"label":" ","price":43.9},{"type":"A","date":"2018-04-06T02:40:50.000Z","volume":200,"label":" ","price":43.95},{"type":"A","date":"2018-04-06T02:40:52.000Z","volume":800,"label":" ","price":43.95},{"type":"A","date":"2018-04-06T02:40:52.000Z","volume":400,"label":" ","price":44},{"type":"B","date":"2018-04-06T02:41:17.000Z","volume":600,"label":" ","price":43.95},{"type":"A","date":"2018-04-06T02:41:17.000Z","volume":200,"label":" ","price":43.95},{"type":"A","date":"2018-04-06T02:41:17.000Z","volume":1000,"label":" ","price":43.95},{"type":"U","date":"2018-04-06T02:41:18.000Z","volume":158,"label":"D","price":43.6},{"type":"A","date":"2018-04-06T02:41:18.000Z","volume":200,"label":" ","price":44},{"type":"A","date":"2018-04-06T02:41:23.000Z","volume":3000,"label":" ","price":44},{"type":"A","date":"2018-04-06T02:41:23.000Z","volume":200,"label":" ","price":44},{"type":"A","date":"2018-04-06T02:41:25.000Z","volume":3000,"label":" ","price":44.05},{"type":"A","date":"2018-04-06T02:41:25.000Z","volume":7000,"label":" ","price":44.2},{"type":"A","date":"2018-04-06T02:41:27.000Z","volume":200,"label":" ","price":44.05},{"type":"B","date":"2018-04-06T02:41:59.000Z","volume":200,"label":" ","price":44.05},{"type":"B","date":"2018-04-06T02:42:08.000Z","volume":2400,"label":" ","price":44.05},{"type":"A","date":"2018-04-06T02:42:08.000Z","volume":200,"label":" ","price":44.05},{"type":"A","date":"2018-04-06T02:42:14.000Z","volume":600,"label":" ","price":44.05},{"type":"A","date":"2018-04-06T02:42:23.000Z","volume":200,"label":" ","price":44.05},{"type":"B","date":"2018-04-06T02:42:24.000Z","volume":400,"label":" ","price":44},{"type":"A","date":"2018-04-06T02:42:24.000Z","volume":44400,"label":" ","price":44},{"type":"B","date":"2018-04-06T02:42:24.000Z","volume":800,"label":" ","price":43.95},{"type":"A","date":"2018-04-06T02:42:37.000Z","volume":5600,"label":" ","price":44},{"type":"B","date":"2018-04-06T02:42:57.000Z","volume":400,"label":" ","price":43.95},{"type":"A","date":"2018-04-06T02:42:57.000Z","volume":200,"label":" ","price":43.95},{"type":"A","date":"2018-04-06T02:42:57.000Z","volume":44400,"label":" ","price":43.95},{"type":"A","date":"2018-04-06T02:42:57.000Z","volume":1200,"label":" ","price":43.95},{"type":"B","date":"2018-04-06T02:43:11.000Z","volume":1200,"label":" ","price":43.9},{"type":"B","date":"2018-04-06T02:43:16.000Z","volume":600,"label":" ","price":43.85},{"type":"A","date":"2018-04-06T02:43:17.000Z","volume":5000,"label":" ","price":43.95},{"type":"A","date":"2018-04-06T02:43:18.000Z","volume":200,"label":" ","price":43.95},{"type":"A","date":"2018-04-06T02:43:26.000Z","volume":1000,"label":" ","price":43.95},{"type":"B","date":"2018-04-06T02:43:42.000Z","volume":600,"label":" ","price":43.9},{"type":"A","date":"2018-04-06T02:44:02.000Z","volume":1000,"label":" ","price":44},{"type":"B","date":"2018-04-06T02:44:23.000Z","volume":2400,"label":" ","price":43.95},{"type":"B","date":"2018-04-06T02:44:26.000Z","volume":200,"label":" ","price":43.95},{"type":"B","date":"2018-04-06T02:44:34.000Z","volume":1400,"label":" ","price":43.9},{"type":"B","date":"2018-04-06T02:44:59.000Z","volume":1600,"label":" ","price":43.85},{"type":"B","date":"2018-04-06T02:44:59.000Z","volume":600,"label":" ","price":43.8},{"type":"A","date":"2018-04-06T02:44:59.000Z","volume":200,"label":" ","price":43.85},{"type":"A","date":"2018-04-06T02:45:37.000Z","volume":1000,"label":" ","price":43.8},{"type":"B","date":"2018-04-06T02:45:54.000Z","volume":400,"label":" ","price":43.8},{"type":"U","date":"2018-04-06T02:45:57.000Z","volume":200,"label":"X","price":43.864},{"type":"B","date":"2018-04-06T02:46:00.000Z","volume":400,"label":" ","price":43.8},{"type":"A","date":"2018-04-06T02:46:00.000Z","volume":200,"label":" ","price":43.8},{"type":"A","date":"2018-04-06T02:47:17.000Z","volume":200,"label":" ","price":43.8},{"type":"A","date":"2018-04-06T02:47:32.000Z","volume":200,"label":" ","price":43.8},{"type":"B","date":"2018-04-06T02:47:44.000Z","volume":3000,"label":" ","price":43.7},{"type":"B","date":"2018-04-06T02:47:48.000Z","volume":400,"label":" ","price":43.7},{"type":"B","date":"2018-04-06T02:47:52.000Z","volume":600,"label":" ","price":43.7},{"type":"A","date":"2018-04-06T02:47:52.000Z","volume":200,"label":" ","price":43.7},{"type":"A","date":"2018-04-06T02:48:28.000Z","volume":47600,"label":" ","price":43.7},{"type":"A","date":"2018-04-06T02:48:28.000Z","volume":400,"label":" ","price":43.8},{"type":"U","date":"2018-04-06T02:48:38.000Z","volume":600,"label":" ","price":43.7},{"type":"A","date":"2018-04-06T02:48:39.000Z","volume":600,"label":"Y","price":43.8},{"type":"A","date":"2018-04-06T02:48:39.000Z","volume":3600,"label":" ","price":43.8},{"type":"A","date":"2018-04-06T02:48:39.000Z","volume":200,"label":" ","price":43.85},{"type":"A","date":"2018-04-06T02:48:39.000Z","volume":200,"label":" ","price":43.9},{"type":"B","date":"2018-04-06T02:49:22.000Z","volume":1800,"label":" ","price":43.9},{"type":"A","date":"2018-04-06T02:50:20.000Z","volume":200,"label":" ","price":43.9},{"type":"A","date":"2018-04-06T02:50:56.000Z","volume":3600,"label":" ","price":43.9},{"type":"B","date":"2018-04-06T02:51:09.000Z","volume":400,"label":" ","price":43.9},{"type":"A","date":"2018-04-06T02:51:20.000Z","volume":200,"label":" ","price":44},{"type":"B","date":"2018-04-06T02:51:28.000Z","volume":2000,"label":" ","price":43.95},{"type":"B","date":"2018-04-06T02:51:37.000Z","volume":1000,"label":" ","price":43.95},{"type":"A","date":"2018-04-06T02:51:38.000Z","volume":4000,"label":" ","price":44},{"type":"B","date":"2018-04-06T02:51:38.000Z","volume":200,"label":" ","price":43.9},{"type":"B","date":"2018-04-06T02:51:42.000Z","volume":5400,"label":" ","price":43.9},{"type":"B","date":"2018-04-06T02:51:42.000Z","volume":400,"label":" ","price":43.9},{"type":"B","date":"2018-04-06T02:51:42.000Z","volume":200,"label":" ","price":43.9},{"type":"B","date":"2018-04-06T02:52:15.000Z","volume":600,"label":" ","price":43.8},{"type":"A","date":"2018-04-06T02:52:47.000Z","volume":1200,"label":" ","price":43.9},{"type":"A","date":"2018-04-06T02:52:51.000Z","volume":3000,"label":" ","price":43.9},{"type":"A","date":"2018-04-06T02:53:47.000Z","volume":200,"label":" ","price":43.9},{"type":"A","date":"2018-04-06T02:53:56.000Z","volume":200,"label":" ","price":43.85},{"type":"A","date":"2018-04-06T02:54:02.000Z","volume":400,"label":" ","price":43.85},{"type":"A","date":"2018-04-06T02:54:22.000Z","volume":200,"label":" ","price":43.85},{"type":"B","date":"2018-04-06T02:54:23.000Z","volume":3000,"label":" ","price":43.8},{"type":"B","date":"2018-04-06T02:54:23.000Z","volume":200,"label":" ","price":43.8},{"type":"U","date":"2018-04-06T02:54:25.000Z","volume":400,"label":"X","price":43.774},{"type":"B","date":"2018-04-06T02:54:27.000Z","volume":200,"label":" ","price":43.8},{"type":"B","date":"2018-04-06T02:54:31.000Z","volume":1000,"label":" ","price":43.8},{"type":"A","date":"2018-04-06T02:54:45.000Z","volume":3000,"label":" ","price":43.85},{"type":"A","date":"2018-04-06T02:54:45.000Z","volume":1000,"label":" ","price":43.9},{"type":"A","date":"2018-04-06T02:54:46.000Z","volume":600,"label":" ","price":43.9},{"type":"A","date":"2018-04-06T02:54:46.000Z","volume":2600,"label":" ","price":43.9},{"type":"A","date":"2018-04-06T02:54:47.000Z","volume":200,"label":" ","price":43.9},{"type":"A","date":"2018-04-06T02:54:50.000Z","volume":3000,"label":" ","price":43.9},{"type":"A","date":"2018-04-06T02:55:00.000Z","volume":3600,"label":" ","price":44},{"type":"A","date":"2018-04-06T02:55:00.000Z","volume":200,"label":" ","price":44.05},{"type":"A","date":"2018-04-06T02:55:00.000Z","volume":200,"label":" ","price":44},{"type":"A","date":"2018-04-06T02:55:04.000Z","volume":800,"label":" ","price":44.1},{"type":"A","date":"2018-04-06T02:55:04.000Z","volume":5200,"label":" ","price":44.1},{"type":"U","date":"2018-04-06T02:55:17.000Z","volume":400,"label":" ","price":44.1},{"type":"B","date":"2018-04-06T02:55:21.000Z","volume":1400,"label":" ","price":44.1},{"type":"A","date":"2018-04-06T02:55:21.000Z","volume":200,"label":" ","price":44.15},{"type":"B","date":"2018-04-06T02:55:21.000Z","volume":200,"label":" ","price":44.1},{"type":"U","date":"2018-04-06T02:55:30.000Z","volume":200,"label":"X","price":44.1},{"type":"A","date":"2018-04-06T02:55:32.000Z","volume":11400,"label":" ","price":44.15},{"type":"A","date":"2018-04-06T02:55:33.000Z","volume":1200,"label":" ","price":44.2},{"type":"A","date":"2018-04-06T02:55:39.000Z","volume":15800,"label":" ","price":44.2},{"type":"B","date":"2018-04-06T02:55:39.000Z","volume":200,"label":" ","price":44.2},{"type":"B","date":"2018-04-06T02:55:39.000Z","volume":1000,"label":" ","price":44.2},{"type":"A","date":"2018-04-06T02:55:40.000Z","volume":1800,"label":" ","price":44.25},{"type":"B","date":"2018-04-06T02:55:45.000Z","volume":11400,"label":" ","price":44.2},{"type":"B","date":"2018-04-06T02:55:45.000Z","volume":5600,"label":" ","price":44.2},{"type":"U","date":"2018-04-06T02:55:48.000Z","volume":200,"label":"X","price":44.175},{"type":"A","date":"2018-04-06T02:56:48.000Z","volume":8000,"label":" ","price":44.2},{"type":"A","date":"2018-04-06T02:56:48.000Z","volume":800,"label":" ","price":44.2},{"type":"A","date":"2018-04-06T02:57:03.000Z","volume":200,"label":" ","price":44.25},{"type":"A","date":"2018-04-06T02:57:03.000Z","volume":200,"label":" ","price":44.25},{"type":"A","date":"2018-04-06T02:57:03.000Z","volume":400,"label":" ","price":44.25},{"type":"A","date":"2018-04-06T02:57:03.000Z","volume":200,"label":" ","price":44.25},{"type":"A","date":"2018-04-06T02:57:27.000Z","volume":400,"label":" ","price":44.25},{"type":"A","date":"2018-04-06T02:57:27.000Z","volume":1400,"label":" ","price":44.25},{"type":"A","date":"2018-04-06T02:57:28.000Z","volume":200,"label":" ","price":44.25},{"type":"A","date":"2018-04-06T02:57:36.000Z","volume":1000,"label":" ","price":44.25},{"type":"A","date":"2018-04-06T02:57:36.000Z","volume":400,"label":" ","price":44.25},{"type":"A","date":"2018-04-06T02:58:09.000Z","volume":200,"label":" ","price":44.25},{"type":"A","date":"2018-04-06T02:58:10.000Z","volume":200,"label":" ","price":44.25},{"type":"A","date":"2018-04-06T02:58:20.000Z","volume":200,"label":" ","price":44.25},{"type":"A","date":"2018-04-06T02:58:31.000Z","volume":200,"label":" ","price":44.25},{"type":"A","date":"2018-04-06T02:58:42.000Z","volume":200,"label":" ","price":44.25},{"type":"A","date":"2018-04-06T02:58:57.000Z","volume":2000,"label":" ","price":44.25},{"type":"A","date":"2018-04-06T02:58:57.000Z","volume":400,"label":" ","price":44.25},{"type":"A","date":"2018-04-06T02:58:58.000Z","volume":200,"label":" ","price":44.25},{"type":"A","date":"2018-04-06T02:59:12.000Z","volume":200,"label":" ","price":44.25},{"type":"B","date":"2018-04-06T02:59:26.000Z","volume":2000,"label":" ","price":44.2},{"type":"A","date":"2018-04-06T02:59:27.000Z","volume":200,"label":" ","price":44.25},{"type":"A","date":"2018-04-06T02:59:47.000Z","volume":200,"label":" ","price":44.25},{"type":"A","date":"2018-04-06T02:59:48.000Z","volume":200,"label":" ","price":44.25},{"type":"A","date":"2018-04-06T03:00:02.000Z","volume":200,"label":" ","price":44.25},{"type":"B","date":"2018-04-06T03:00:12.000Z","volume":10600,"label":" ","price":44.2},{"type":"A","date":"2018-04-06T03:00:24.000Z","volume":1000,"label":" ","price":44.2},{"type":"B","date":"2018-04-06T03:00:50.000Z","volume":400,"label":" ","price":44.05},{"type":"B","date":"2018-04-06T03:01:06.000Z","volume":200,"label":" ","price":44.05},{"type":"B","date":"2018-04-06T03:01:06.000Z","volume":800,"label":" ","price":43.95},{"type":"A","date":"2018-04-06T03:01:06.000Z","volume":200,"label":" ","price":44.05},{"type":"A","date":"2018-04-06T03:01:28.000Z","volume":200,"label":" ","price":44},{"type":"A","date":"2018-04-06T03:02:08.000Z","volume":1000,"label":" ","price":44},{"type":"A","date":"2018-04-06T03:02:33.000Z","volume":200,"label":" ","price":44},{"type":"A","date":"2018-04-06T03:02:43.000Z","volume":800,"label":" ","price":44},{"type":"A","date":"2018-04-06T03:02:48.000Z","volume":1600,"label":" ","price":44},{"type":"A","date":"2018-04-06T03:02:48.000Z","volume":200,"label":" ","price":44},{"type":"A","date":"2018-04-06T03:02:48.000Z","volume":200,"label":" ","price":44},{"type":"A","date":"2018-04-06T03:03:07.000Z","volume":200,"label":" ","price":44},{"type":"A","date":"2018-04-06T03:03:08.000Z","volume":200,"label":" ","price":44},{"type":"A","date":"2018-04-06T03:03:34.000Z","volume":200,"label":"Y","price":44},{"type":"A","date":"2018-04-06T03:03:34.000Z","volume":200,"label":" ","price":44},{"type":"B","date":"2018-04-06T03:03:45.000Z","volume":1600,"label":" ","price":43.95},{"type":"A","date":"2018-04-06T03:03:45.000Z","volume":400,"label":" ","price":43.95},{"type":"B","date":"2018-04-06T03:03:45.000Z","volume":200,"label":" ","price":43.9},{"type":"A","date":"2018-04-06T03:03:46.000Z","volume":200,"label":" ","price":43.95},{"type":"A","date":"2018-04-06T03:04:06.000Z","volume":400,"label":" ","price":43.95},{"type":"B","date":"2018-04-06T03:04:20.000Z","volume":1200,"label":" ","price":43.9},{"type":"B","date":"2018-04-06T03:04:20.000Z","volume":600,"label":" ","price":43.85},{"type":"B","date":"2018-04-06T03:04:20.000Z","volume":3200,"label":" ","price":43.8},{"type":"A","date":"2018-04-06T03:04:20.000Z","volume":2000,"label":" ","price":43.8},{"type":"A","date":"2018-04-06T03:04:20.000Z","volume":1000,"label":" ","price":43.8},{"type":"A","date":"2018-04-06T03:04:20.000Z","volume":2000,"label":" ","price":43.8},{"type":"A","date":"2018-04-06T03:04:20.000Z","volume":200,"label":" ","price":43.9},{"type":"U","date":"2018-04-06T03:04:25.000Z","volume":200,"label":"X","price":44.108},{"type":"B","date":"2018-04-06T03:04:40.000Z","volume":200,"label":" ","price":43.8},{"type":"A","date":"2018-04-06T03:04:40.000Z","volume":2000,"label":" ","price":43.9},{"type":"A","date":"2018-04-06T03:04:41.000Z","volume":3000,"label":" ","price":43.9},{"type":"U","date":"2018-04-06T03:04:41.000Z","volume":200,"label":" ","price":43.9},{"type":"A","date":"2018-04-06T03:05:18.000Z","volume":600,"label":" ","price":43.95},{"type":"A","date":"2018-04-06T03:05:18.000Z","volume":200,"label":" ","price":43.95},{"type":"A","date":"2018-04-06T03:05:18.000Z","volume":200,"label":" ","price":43.95},{"type":"A","date":"2018-04-06T03:06:49.000Z","volume":200,"label":" ","price":43.95},{"type":"B","date":"2018-04-06T03:07:06.000Z","volume":400,"label":" ","price":43.9},{"type":"A","date":"2018-04-06T03:07:25.000Z","volume":1000,"label":" ","price":43.95},{"type":"B","date":"2018-04-06T03:08:08.000Z","volume":200,"label":" ","price":43.9},{"type":"A","date":"2018-04-06T03:08:09.000Z","volume":200,"label":" ","price":43.95},{"type":"B","date":"2018-04-06T03:08:18.000Z","volume":7000,"label":" ","price":43.9},{"type":"B","date":"2018-04-06T03:08:19.000Z","volume":200,"label":" ","price":43.9},{"type":"A","date":"2018-04-06T03:08:19.000Z","volume":200,"label":" ","price":43.9},{"type":"A","date":"2018-04-06T03:08:19.000Z","volume":3200,"label":" ","price":43.9},{"type":"A","date":"2018-04-06T03:08:19.000Z","volume":400,"label":" ","price":43.85},{"type":"A","date":"2018-04-06T03:08:19.000Z","volume":2000,"label":" ","price":43.9},{"type":"B","date":"2018-04-06T03:09:03.000Z","volume":400,"label":" ","price":43.85},{"type":"A","date":"2018-04-06T03:09:08.000Z","volume":1000,"label":" ","price":43.95},{"type":"B","date":"2018-04-06T03:09:19.000Z","volume":200,"label":" ","price":43.9},{"type":"A","date":"2018-04-06T03:09:19.000Z","volume":200,"label":" ","price":43.95},{"type":"B","date":"2018-04-06T03:09:19.000Z","volume":200,"label":" ","price":43.9},{"type":"B","date":"2018-04-06T03:09:25.000Z","volume":600,"label":" ","price":43.9},{"type":"A","date":"2018-04-06T03:09:41.000Z","volume":2000,"label":" ","price":43.9},{"type":"A","date":"2018-04-06T03:09:42.000Z","volume":3200,"label":" ","price":43.9},{"type":"A","date":"2018-04-06T03:09:47.000Z","volume":600,"label":" ","price":43.9},{"type":"A","date":"2018-04-06T03:09:47.000Z","volume":3200,"label":" ","price":43.9},{"type":"A","date":"2018-04-06T03:10:18.000Z","volume":200,"label":" ","price":43.95},{"type":"A","date":"2018-04-06T03:10:18.000Z","volume":200,"label":" ","price":43.95},{"type":"A","date":"2018-04-06T03:10:18.000Z","volume":200,"label":" ","price":43.95},{"type":"A","date":"2018-04-06T03:10:18.000Z","volume":400,"label":" ","price":43.95},{"type":"A","date":"2018-04-06T03:10:19.000Z","volume":200,"label":" ","price":43.95},{"type":"B","date":"2018-04-06T03:10:22.000Z","volume":800,"label":" ","price":43.9},{"type":"A","date":"2018-04-06T03:10:48.000Z","volume":1000,"label":" ","price":43.9},{"type":"A","date":"2018-04-06T03:10:48.000Z","volume":200,"label":" ","price":43.9},{"type":"A","date":"2018-04-06T03:10:49.000Z","volume":3000,"label":" ","price":43.9},{"type":"A","date":"2018-04-06T03:10:49.000Z","volume":2400,"label":" ","price":43.9},{"type":"A","date":"2018-04-06T03:11:04.000Z","volume":1200,"label":" ","price":43.95},{"type":"A","date":"2018-04-06T03:11:05.000Z","volume":600,"label":" ","price":43.95},{"type":"B","date":"2018-04-06T03:11:05.000Z","volume":200,"label":" ","price":43.9},{"type":"B","date":"2018-04-06T03:11:23.000Z","volume":200,"label":" ","price":43.9},{"type":"B","date":"2018-04-06T03:13:00.000Z","volume":1400,"label":" ","price":43.85},{"type":"A","date":"2018-04-06T03:13:00.000Z","volume":8000,"label":" ","price":43.9},{"type":"A","date":"2018-04-06T03:13:01.000Z","volume":3000,"label":" ","price":43.9},{"type":"A","date":"2018-04-06T03:13:01.000Z","volume":1600,"label":" ","price":43.9},{"type":"A","date":"2018-04-06T03:13:01.000Z","volume":200,"label":" ","price":43.9},{"type":"A","date":"2018-04-06T03:13:02.000Z","volume":400,"label":" ","price":43.9},{"type":"A","date":"2018-04-06T03:13:03.000Z","volume":3000,"label":" ","price":43.9},{"type":"U","date":"2018-04-06T03:13:18.000Z","volume":600,"label":" ","price":43.9},{"type":"B","date":"2018-04-06T03:13:25.000Z","volume":1400,"label":" ","price":43.9},{"type":"A","date":"2018-04-06T03:13:25.000Z","volume":1000,"label":" ","price":43.95},{"type":"U","date":"2018-04-06T03:13:29.000Z","volume":600,"label":" ","price":43.9},{"type":"A","date":"2018-04-06T03:13:30.000Z","volume":3000,"label":" ","price":43.9},{"type":"A","date":"2018-04-06T03:13:36.000Z","volume":3000,"label":" ","price":43.95},{"type":"B","date":"2018-04-06T03:13:45.000Z","volume":800,"label":" ","price":43.9},{"type":"A","date":"2018-04-06T03:13:46.000Z","volume":200,"label":" ","price":43.95},{"type":"B","date":"2018-04-06T03:13:57.000Z","volume":200,"label":" ","price":43.9},{"type":"B","date":"2018-04-06T03:13:57.000Z","volume":200,"label":" ","price":43.9},{"type":"A","date":"2018-04-06T03:13:58.000Z","volume":200,"label":" ","price":43.9},{"type":"A","date":"2018-04-06T03:13:59.000Z","volume":1600,"label":" ","price":43.9},{"type":"A","date":"2018-04-06T03:14:01.000Z","volume":1000,"label":" ","price":43.9},{"type":"B","date":"2018-04-06T03:14:10.000Z","volume":200,"label":" ","price":43.85},{"type":"B","date":"2018-04-06T03:15:15.000Z","volume":1000,"label":" ","price":43.85},{"type":"A","date":"2018-04-06T03:16:57.000Z","volume":200,"label":" ","price":43.85},{"type":"A","date":"2018-04-06T03:17:22.000Z","volume":200,"label":" ","price":43.85},{"type":"A","date":"2018-04-06T03:17:23.000Z","volume":4600,"label":" ","price":43.85},{"type":"A","date":"2018-04-06T03:17:23.000Z","volume":200,"label":" ","price":43.85},{"type":"B","date":"2018-04-06T03:17:25.000Z","volume":200,"label":" ","price":43.85},{"type":"A","date":"2018-04-06T03:17:25.000Z","volume":400,"label":" ","price":43.9},{"type":"A","date":"2018-04-06T03:17:31.000Z","volume":5000,"label":" ","price":43.9},{"type":"A","date":"2018-04-06T03:17:31.000Z","volume":200,"label":" ","price":43.9},{"type":"A","date":"2018-04-06T03:17:32.000Z","volume":600,"label":" ","price":43.9},{"type":"B","date":"2018-04-06T03:17:35.000Z","volume":200,"label":" ","price":43.85},{"type":"A","date":"2018-04-06T03:18:12.000Z","volume":200,"label":" ","price":43.9},{"type":"A","date":"2018-04-06T03:18:37.000Z","volume":200,"label":" ","price":43.9},{"type":"A","date":"2018-04-06T03:19:02.000Z","volume":200,"label":" ","price":43.9},{"type":"A","date":"2018-04-06T03:19:03.000Z","volume":2400,"label":" ","price":43.9},{"type":"A","date":"2018-04-06T03:19:03.000Z","volume":400,"label":" ","price":43.95},{"type":"B","date":"2018-04-06T03:19:04.000Z","volume":200,"label":" ","price":43.9},{"type":"A","date":"2018-04-06T03:19:27.000Z","volume":200,"label":" ","price":43.95},{"type":"B","date":"2018-04-06T03:19:37.000Z","volume":2600,"label":" ","price":43.9},{"type":"A","date":"2018-04-06T03:19:38.000Z","volume":200,"label":" ","price":43.95},{"type":"B","date":"2018-04-06T03:19:54.000Z","volume":400,"label":"Y","price":43.9},{"type":"B","date":"2018-04-06T03:19:54.000Z","volume":600,"label":" ","price":43.9},{"type":"A","date":"2018-04-06T03:19:55.000Z","volume":200,"label":" ","price":43.95},{"type":"U","date":"2018-04-06T03:19:59.000Z","volume":200,"label":"X","price":43.9},{"type":"B","date":"2018-04-06T03:20:24.000Z","volume":200,"label":" ","price":43.9},{"type":"B","date":"2018-04-06T03:20:33.000Z","volume":2200,"label":" ","price":43.9},{"type":"B","date":"2018-04-06T03:20:33.000Z","volume":200,"label":" ","price":43.9},{"type":"B","date":"2018-04-06T03:20:57.000Z","volume":2600,"label":" ","price":43.85},{"type":"B","date":"2018-04-06T03:20:57.000Z","volume":2800,"label":" ","price":43.8},{"type":"B","date":"2018-04-06T03:20:57.000Z","volume":1600,"label":" ","price":43.75},{"type":"B","date":"2018-04-06T03:20:57.000Z","volume":200,"label":" ","price":43.85}