[{"type":"U","date":"2018-04-09T01:20:00.000Z","volume":8000,"label":"U","price":0.85},{"type":"A","date":"2018-04-09T01:59:04.000Z","volume":12000,"label":" ","price":0.85},{"type":"A","date":"2018-04-09T02:11:42.000Z","volume":12000,"label":" ","price":0.85},{"type":"A","date":"2018-04-09T02:14:27.000Z","volume":16000,"label":" ","price":0.85},{"type":"A","date":"2018-04-09T02:36:19.000Z","volume":24000,"label":" ","price":0.85},{"type":"A","date":"2018-04-09T05:11:01.000Z","volume":32000,"label":" ","price":0.84},{"type":"A","date":"2018-04-09T05:36:39.000Z","volume":12000,"label":" ","price":0.84},{"type":"A","date":"2018-04-09T05:38:43.000Z","volume":100000,"label":" ","price":0.83},{"type":"A","date":"2018-04-09T05:38:53.000Z","volume":40000,"label":" ","price":0.83},{"type":"A","date":"2018-04-09T05:39:00.000Z","volume":32000,"label":" ","price":0.83},{"type":"A","date":"2018-04-09T05:39:47.000Z","volume":44000,"label":" ","price":0.83},{"type":"A","date":"2018-04-09T05:39:57.000Z","volume":64000,"label":" ","price":0.83},{"type":"A","date":"2018-04-09T05:40:24.000Z","volume":36000,"label":" ","price":0.83},{"type":"A","date":"2018-04-09T05:42:01.000Z","volume":100000,"label":" ","price":0.83},{"type":"A","date":"2018-04-09T05:43:03.000Z","volume":80000,"label":" ","price":0.83},{"type":"A","date":"2018-04-09T05:43:08.000Z","volume":72000,"label":" ","price":0.83},{"type":"A","date":"2018-04-09T05:43:56.000Z","volume":84000,"label":" ","price":0.83},{"type":"A","date":"2018-04-09T05:44:08.000Z","volume":48000,"label":" ","price":0.83},{"type":"A","date":"2018-04-09T05:44:21.000Z","volume":4000,"label":" ","price":0.84},{"type":"A","date":"2018-04-09T05:44:57.000Z","volume":32000,"label":" ","price":0.83},{"type":"A","date":"2018-04-09T05:45:08.000Z","volume":140000,"label":" ","price":0.83},{"type":"A","date":"2018-04-09T05:53:30.000Z","volume":40000,"label":" ","price":0.84},{"type":"A","date":"2018-04-09T06:08:52.000Z","volume":4000,"label":" ","price":0.84},{"type":"B","date":"2018-04-09T06:18:53.000Z","volume":144000,"label":" ","price":0.83},{"type":"B","date":"2018-04-09T06:21:59.000Z","volume":152000,"label":" ","price":0.83},{"type":"B","date":"2018-04-09T06:23:06.000Z","volume":132000,"label":" ","price":0.83},{"type":"B","date":"2018-04-09T06:23:40.000Z","volume":172000,"label":" ","price":0.83},{"type":"B","date":"2018-04-09T06:24:52.000Z","volume":80000,"label":" ","price":0.83},{"type":"B","date":"2018-04-09T06:25:03.000Z","volume":64000,"label":" ","price":0.83},{"type":"B","date":"2018-04-09T06:26:45.000Z","volume":100000,"label":" ","price":0.83},{"type":"B","date":"2018-04-09T06:27:02.000Z","volume":32000,"label":" ","price":0.83},{"type":"B","date":"2018-04-09T06:27:09.000Z","volume":20000,"label":" ","price":0.83},{"type":"B","date":"2018-04-09T06:27:34.000Z","volume":60000,"label":" ","price":0.83},{"type":"B","date":"2018-04-09T06:27:42.000Z","volume":72000,"label":" ","price":0.83},{"type":"B","date":"2018-04-09T06:29:19.000Z","volume":40000,"label":" ","price":0.83},{"type":"B","date":"2018-04-09T06:29:26.000Z","volume":100000,"label":" ","price":0.83},{"type":"B","date":"2018-04-09T06:29:29.000Z","volume":32000,"label":" ","price":0.83},{"type":"B","date":"2018-04-09T06:31:39.000Z","volume":128000,"label":" ","price":0.83},{"type":"B","date":"2018-04-09T06:31:48.000Z","volume":4000,"label":" ","price":0.83},{"type":"B","date":"2018-04-09T06:34:30.000Z","volume":40000,"label":" ","price":0.83},{"type":"A","date":"2018-04-09T06:37:47.000Z","volume":20000,"label":" ","price":0.84},{"type":"A","date":"2018-04-09T06:39:55.000Z","volume":144000,"label":" ","price":0.83},{"type":"B","date":"2018-04-09T06:52:07.000Z","volume":80000,"label":" ","price":0.83},{"type":"B","date":"2018-04-09T06:52:49.000Z","volume":92000,"label":" ","price":0.83},{"type":"B","date":"2018-04-09T07:20:47.000Z","volume":28000,"label":" ","price":0.83},{"type":"A","date":"2018-04-09T07:22:25.000Z","volume":4000,"label":" ","price":0.84},{"type":"A","date":"2018-04-09T07:41:56.000Z","volume":4000,"label":" ","price":0.84},{"type":"A","date":"2018-04-09T07:51:27.000Z","volume":4000,"label":" ","price":0.84},{"type":"B","date":"2018-04-09T07:59:15.000Z","volume":8000,"label":" ","price":0.83},{"type":"A","date":"2018-04-09T07:59:19.000Z","volume":20000,"label":" ","price":0.84},{"type":"B","date":"2018-04-09T07:59:25.000Z","volume":8000,"label":" ","price":0.83},{"type":"A","date":"2018-04-09T07:59:27.000Z","volume":4000,"label":" ","price":0.84},{"type":"A","date":"2018-04-09T07:59:28.000Z","volume":4000,"label":" ","price":0.84}]