[{"type":"B","date":"2018-04-04T01:57:20.000Z","volume":16000,"label":" ","price":1.7},{"type":"A","date":"2018-04-04T01:58:24.000Z","volume":16000,"label":" ","price":1.7},{"type":"A","date":"2018-04-04T01:59:31.000Z","volume":40000,"label":" ","price":1.7},{"type":"B","date":"2018-04-04T02:00:46.000Z","volume":16000,"label":" ","price":1.69},{"type":"A","date":"2018-04-04T02:06:38.000Z","volume":16000,"label":" ","price":1.7},{"type":"A","date":"2018-04-04T02:07:06.000Z","volume":8000,"label":" ","price":1.7},{"type":"B","date":"2018-04-04T02:19:05.000Z","volume":16000,"label":"Y","price":1.69},{"type":"B","date":"2018-04-04T02:37:07.000Z","volume":8000,"label":" ","price":1.68},{"type":"B","date":"2018-04-04T02:52:21.000Z","volume":8000,"label":" ","price":1.68},{"type":"B","date":"2018-04-04T03:08:21.000Z","volume":8000,"label":" ","price":1.68},{"type":"B","date":"2018-04-04T03:14:49.000Z","volume":16000,"label":" ","price":1.68},{"type":"B","date":"2018-04-04T03:18:52.000Z","volume":40000,"label":" ","price":1.68},{"type":"B","date":"2018-04-04T03:36:04.000Z","volume":88000,"label":" ","price":1.67},{"type":"B","date":"2018-04-04T05:00:04.000Z","volume":8000,"label":" ","price":1.67},{"type":"B","date":"2018-04-04T05:05:42.000Z","volume":64000,"label":" ","price":1.67},{"type":"B","date":"2018-04-04T05:08:59.000Z","volume":8000,"label":" ","price":1.67},{"type":"B","date":"2018-04-04T05:48:15.000Z","volume":32000,"label":" ","price":1.66},{"type":"B","date":"2018-04-04T05:48:45.000Z","volume":8000,"label":" ","price":1.66},{"type":"B","date":"2018-04-04T05:52:02.000Z","volume":16000,"label":" ","price":1.66},{"type":"B","date":"2018-04-04T05:52:07.000Z","volume":8000,"label":" ","price":1.66},{"type":"B","date":"2018-04-04T05:54:31.000Z","volume":16000,"label":" ","price":1.66},{"type":"B","date":"2018-04-04T06:00:35.000Z","volume":8000,"label":"Y","price":1.66},{"type":"B","date":"2018-04-04T06:00:35.000Z","volume":40000,"label":" ","price":1.66},{"type":"B","date":"2018-04-04T06:00:39.000Z","volume":8000,"label":" ","price":1.66},{"type":"B","date":"2018-04-04T06:08:47.000Z","volume":16000,"label":" ","price":1.66},{"type":"B","date":"2018-04-04T06:15:18.000Z","volume":8000,"label":" ","price":1.66},{"type":"B","date":"2018-04-04T06:55:28.000Z","volume":8000,"label":" ","price":1.66},{"type":"B","date":"2018-04-04T07:02:00.000Z","volume":64000,"label":" ","price":1.66},{"type":"B","date":"2018-04-04T07:08:56.000Z","volume":16000,"label":" ","price":1.66},{"type":"B","date":"2018-04-04T07:10:19.000Z","volume":64000,"label":" ","price":1.66},{"type":"B","date":"2018-04-04T07:13:54.000Z","volume":24000,"label":" ","price":1.66},{"type":"B","date":"2018-04-04T07:19:20.000Z","volume":40000,"label":" ","price":1.66},{"type":"B","date":"2018-04-04T07:19:37.000Z","volume":8000,"label":" ","price":1.65},{"type":"B","date":"2018-04-04T07:26:39.000Z","volume":24000,"label":" ","price":1.65},{"type":"A","date":"2018-04-04T07:37:19.000Z","volume":40000,"label":" ","price":1.66},{"type":"B","date":"2018-04-04T07:40:13.000Z","volume":8000,"label":" ","price":1.65},{"type":"B","date":"2018-04-04T07:41:32.000Z","volume":32000,"label":" ","price":1.65},{"type":"B","date":"2018-04-04T07:47:07.000Z","volume":96000,"label":" ","price":1.65},{"type":"B","date":"2018-04-04T07:47:47.000Z","volume":32000,"label":" ","price":1.65},{"type":"B","date":"2018-04-04T07:49:05.000Z","volume":8000,"label":" ","price":1.65},{"type":"B","date":"2018-04-04T07:51:12.000Z","volume":48000,"label":" ","price":1.66},{"type":"B","date":"2018-04-04T07:51:32.000Z","volume":24000,"label":" ","price":1.66},{"type":"B","date":"2018-04-04T07:51:44.000Z","volume":8000,"label":" ","price":1.66},{"type":"A","date":"2018-04-04T07:53:40.000Z","volume":8000,"label":" ","price":1.66},{"type":"A","date":"2018-04-04T07:56:45.000Z","volume":8000,"label":" ","price":1.66},{"type":"A","date":"2018-04-04T07:59:03.000Z","volume":16000,"label":" ","price":1.66},{"type":"B","date":"2018-04-04T07:59:13.000Z","volume":8000,"label":" ","price":1.65},{"type":"B","date":"2018-04-04T07:59:21.000Z","volume":8000,"label":" ","price":1.65}]