[{"type":"U","date":"2018-04-03T01:20:00.000Z","volume":95000,"label":"U","price":0.43},{"type":"B","date":"2018-04-03T01:34:12.000Z","volume":30000,"label":" ","price":0.42},{"type":"B","date":"2018-04-03T01:34:58.000Z","volume":5000,"label":" ","price":0.42},{"type":"B","date":"2018-04-03T01:36:11.000Z","volume":5000,"label":" ","price":0.42},{"type":"A","date":"2018-04-03T01:37:03.000Z","volume":45000,"label":" ","price":0.42},{"type":"B","date":"2018-04-03T01:37:34.000Z","volume":5000,"label":" ","price":0.42},{"type":"B","date":"2018-04-03T01:37:51.000Z","volume":15000,"label":" ","price":0.415},{"type":"B","date":"2018-04-03T01:37:51.000Z","volume":85000,"label":" ","price":0.41},{"type":"A","date":"2018-04-03T01:44:11.000Z","volume":20000,"label":" ","price":0.415},{"type":"B","date":"2018-04-03T01:49:08.000Z","volume":80000,"label":" ","price":0.415},{"type":"A","date":"2018-04-03T01:50:09.000Z","volume":15000,"label":" ","price":0.42},{"type":"A","date":"2018-04-03T01:50:09.000Z","volume":85000,"label":" ","price":0.425},{"type":"B","date":"2018-04-03T01:59:19.000Z","volume":40000,"label":" ","price":0.415},{"type":"B","date":"2018-04-03T01:59:19.000Z","volume":80000,"label":" ","price":0.415},{"type":"B","date":"2018-04-03T02:05:28.000Z","volume":100000,"label":" ","price":0.41},{"type":"B","date":"2018-04-03T02:05:53.000Z","volume":90000,"label":"Y","price":0.41},{"type":"B","date":"2018-04-03T02:05:53.000Z","volume":40000,"label":" ","price":0.41},{"type":"B","date":"2018-04-03T02:05:53.000Z","volume":60000,"label":" ","price":0.41},{"type":"U","date":"2018-04-03T02:10:51.000Z","volume":5000,"label":" ","price":0.41},{"type":"B","date":"2018-04-03T02:13:17.000Z","volume":95000,"label":" ","price":0.41},{"type":"B","date":"2018-04-03T02:21:42.000Z","volume":400000,"label":" ","price":0.41},{"type":"A","date":"2018-04-03T02:22:32.000Z","volume":55000,"label":" ","price":0.41},{"type":"B","date":"2018-04-03T02:33:54.000Z","volume":50000,"label":" ","price":0.405},{"type":"B","date":"2018-04-03T02:38:12.000Z","volume":10000,"label":" ","price":0.405},{"type":"B","date":"2018-04-03T02:40:31.000Z","volume":45000,"label":"Y","price":0.405},{"type":"B","date":"2018-04-03T02:40:31.000Z","volume":140000,"label":" ","price":0.405},{"type":"B","date":"2018-04-03T02:42:58.000Z","volume":50000,"label":"Y","price":0.4},{"type":"B","date":"2018-04-03T02:42:58.000Z","volume":565000,"label":" ","price":0.4},{"type":"B","date":"2018-04-03T02:42:58.000Z","volume":50000,"label":" ","price":0.4},{"type":"B","date":"2018-04-03T02:42:58.000Z","volume":30000,"label":"Y","price":0.4},{"type":"B","date":"2018-04-03T02:42:58.000Z","volume":75000,"label":" ","price":0.4},{"type":"A","date":"2018-04-03T02:44:42.000Z","volume":100000,"label":" ","price":0.4},{"type":"A","date":"2018-04-03T02:47:05.000Z","volume":100000,"label":" ","price":0.405},{"type":"A","date":"2018-04-03T02:49:16.000Z","volume":5000,"label":" ","price":0.41},{"type":"B","date":"2018-04-03T02:51:09.000Z","volume":10000,"label":" ","price":0.405},{"type":"A","date":"2018-04-03T02:54:42.000Z","volume":30000,"label":" ","price":0.405},{"type":"B","date":"2018-04-03T03:08:29.000Z","volume":50000,"label":" ","price":0.405},{"type":"B","date":"2018-04-03T03:36:13.000Z","volume":100000,"label":" ","price":0.405},{"type":"B","date":"2018-04-03T03:42:46.000Z","volume":5000,"label":" ","price":0.405},{"type":"A","date":"2018-04-03T03:49:04.000Z","volume":35000,"label":" ","price":0.41},{"type":"A","date":"2018-04-03T03:58:54.000Z","volume":5000,"label":"Y","price":0.41},{"type":"A","date":"2018-04-03T03:58:54.000Z","volume":25000,"label":" ","price":0.41},{"type":"B","date":"2018-04-03T05:00:00.000Z","volume":20000,"label":" ","price":0.405},{"type":"A","date":"2018-04-03T05:00:06.000Z","volume":50000,"label":" ","price":0.41},{"type":"B","date":"2018-04-03T05:32:56.000Z","volume":30000,"label":" ","price":0.405},{"type":"B","date":"2018-04-03T05:39:25.000Z","volume":40000,"label":" ","price":0.405},{"type":"B","date":"2018-04-03T05:39:40.000Z","volume":10000,"label":" ","price":0.405},{"type":"B","date":"2018-04-03T05:40:49.000Z","volume":55000,"label":" ","price":0.405},{"type":"A","date":"2018-04-03T05:46:33.000Z","volume":30000,"label":" ","price":0.405},{"type":"B","date":"2018-04-03T05:46:33.000Z","volume":20000,"label":" ","price":0.405},{"type":"A","date":"2018-04-03T05:50:40.000Z","volume":10000,"label":" ","price":0.405},{"type":"A","date":"2018-04-03T06:08:32.000Z","volume":10000,"label":" ","price":0.405},{"type":"A","date":"2018-04-03T06:16:56.000Z","volume":35000,"label":" ","price":0.405},{"type":"A","date":"2018-04-03T06:18:41.000Z","volume":5000,"label":" ","price":0.41},{"type":"A","date":"2018-04-03T06:31:18.000Z","volume":10000,"label":" ","price":0.41},{"type":"A","date":"2018-04-03T07:00:18.000Z","volume":50000,"label":" ","price":0.41},{"type":"A","date":"2018-04-03T07:16:17.000Z","volume":50000,"label":" ","price":0.41},{"type":"A","date":"2018-04-03T07:16:36.000Z","volume":195000,"label":" ","price":0.41},{"type":"B","date":"2018-04-03T07:30:58.000Z","volume":20000,"label":" ","price":0.41},{"type":"B","date":"2018-04-03T07:36:28.000Z","volume":100000,"label":" ","price":0.41},{"type":"B","date":"2018-04-03T07:38:54.000Z","volume":50000,"label":" ","price":0.41},{"type":"B","date":"2018-04-03T07:39:40.000Z","volume":100000,"label":" ","price":0.41},{"type":"B","date":"2018-04-03T07:40:14.000Z","volume":45000,"label":" ","price":0.41},{"type":"A","date":"2018-04-03T07:41:01.000Z","volume":40000,"label":" ","price":0.41},{"type":"A","date":"2018-04-03T07:46:16.000Z","volume":20000,"label":" ","price":0.41},{"type":"B","date":"2018-04-03T07:49:31.000Z","volume":80000,"label":" ","price":0.41},{"type":"A","date":"2018-04-03T07:55:38.000Z","volume":50000,"label":" ","price":0.41},{"type":"A","date":"2018-04-03T07:56:26.000Z","volume":70000,"label":" ","price":0.41},{"type":"B","date":"2018-04-03T07:56:26.000Z","volume":30000,"label":" ","price":0.41}]