[{"type":"U","date":"2018-04-19T01:20:00.000Z","volume":18000,"label":"U","price":26.2},{"type":"B","date":"2018-04-19T01:30:00.000Z","volume":2000,"label":" ","price":26.15},{"type":"A","date":"2018-04-19T01:30:01.000Z","volume":26000,"label":" ","price":26.2},{"type":"A","date":"2018-04-19T01:30:01.000Z","volume":18000,"label":" ","price":26.2},{"type":"A","date":"2018-04-19T01:30:02.000Z","volume":4000,"label":" ","price":26.35},{"type":"B","date":"2018-04-19T01:30:06.000Z","volume":4000,"label":" ","price":26.25},{"type":"B","date":"2018-04-19T01:30:09.000Z","volume":8000,"label":" ","price":26.25},{"type":"B","date":"2018-04-19T01:30:09.000Z","volume":2000,"label":" ","price":26.2},{"type":"B","date":"2018-04-19T01:30:11.000Z","volume":2000,"label":" ","price":26.2},{"type":"A","date":"2018-04-19T01:30:12.000Z","volume":4000,"label":" ","price":26.3},{"type":"A","date":"2018-04-19T01:30:30.000Z","volume":2000,"label":" ","price":26.25},{"type":"B","date":"2018-04-19T01:30:30.000Z","volume":20000,"label":" ","price":26.2},{"type":"A","date":"2018-04-19T01:30:36.000Z","volume":2000,"label":" ","price":26.2},{"type":"A","date":"2018-04-19T01:30:40.000Z","volume":4000,"label":" ","price":26.15},{"type":"A","date":"2018-04-19T01:30:40.000Z","volume":6000,"label":" ","price":26.2},{"type":"B","date":"2018-04-19T01:31:15.000Z","volume":6000,"label":" ","price":26.05},{"type":"B","date":"2018-04-19T01:31:19.000Z","volume":4000,"label":" ","price":26.05},{"type":"B","date":"2018-04-19T01:31:19.000Z","volume":20000,"label":" ","price":26},{"type":"B","date":"2018-04-19T01:31:24.000Z","volume":4000,"label":" ","price":25.95},{"type":"A","date":"2018-04-19T01:31:46.000Z","volume":2000,"label":" ","price":25.95},{"type":"B","date":"2018-04-19T01:31:55.000Z","volume":4000,"label":" ","price":25.9},{"type":"B","date":"2018-04-19T01:32:02.000Z","volume":6000,"label":" ","price":25.85},{"type":"B","date":"2018-04-19T01:32:11.000Z","volume":2000,"label":" ","price":25.85},{"type":"B","date":"2018-04-19T01:32:12.000Z","volume":8000,"label":" ","price":25.85},{"type":"B","date":"2018-04-19T01:32:12.000Z","volume":2000,"label":" ","price":25.8},{"type":"B","date":"2018-04-19T01:32:12.000Z","volume":2000,"label":" ","price":25.75},{"type":"B","date":"2018-04-19T01:32:12.000Z","volume":8000,"label":" ","price":25.7},{"type":"B","date":"2018-04-19T01:32:12.000Z","volume":10000,"label":" ","price":25.5},{"type":"B","date":"2018-04-19T01:32:12.000Z","volume":12000,"label":" ","price":25.45},{"type":"U","date":"2018-04-19T01:32:13.000Z","volume":4000,"label":" ","price":25.45},{"type":"B","date":"2018-04-19T01:32:19.000Z","volume":4000,"label":" ","price":25.3},{"type":"U","date":"2018-04-19T01:32:20.000Z","volume":2000,"label":" ","price":25.35},{"type":"U","date":"2018-04-19T01:34:01.000Z","volume":4000,"label":" ","price":25.75},{"type":"A","date":"2018-04-19T01:34:07.000Z","volume":2000,"label":" ","price":25.9},{"type":"A","date":"2018-04-19T01:34:11.000Z","volume":50000,"label":" ","price":25.9},{"type":"A","date":"2018-04-19T01:34:19.000Z","volume":6000,"label":" ","price":25.95},{"type":"A","date":"2018-04-19T01:34:26.000Z","volume":2000,"label":" ","price":26},{"type":"A","date":"2018-04-19T01:34:35.000Z","volume":98000,"label":" ","price":26},{"type":"A","date":"2018-04-19T01:34:42.000Z","volume":2000,"label":" ","price":26.15},{"type":"B","date":"2018-04-19T01:34:48.000Z","volume":2000,"label":" ","price":26},{"type":"A","date":"2018-04-19T01:34:58.000Z","volume":2000,"label":" ","price":26.1},{"type":"A","date":"2018-04-19T01:34:58.000Z","volume":2000,"label":" ","price":26.1},{"type":"A","date":"2018-04-19T01:35:06.000Z","volume":4000,"label":"Y","price":26.15},{"type":"B","date":"2018-04-19T01:35:08.000Z","volume":2000,"label":"Y","price":26.15},{"type":"B","date":"2018-04-19T01:35:09.000Z","volume":10000,"label":" ","price":26.15},{"type":"A","date":"2018-04-19T01:35:09.000Z","volume":2000,"label":" ","price":26.15},{"type":"A","date":"2018-04-19T01:35:31.000Z","volume":6000,"label":" ","price":26.1},{"type":"A","date":"2018-04-19T01:35:31.000Z","volume":4000,"label":" ","price":26.15},{"type":"A","date":"2018-04-19T01:35:41.000Z","volume":2000,"label":" ","price":26.15},{"type":"A","date":"2018-04-19T01:35:57.000Z","volume":2000,"label":" ","price":26.15},{"type":"A","date":"2018-04-19T01:36:03.000Z","volume":2000,"label":" ","price":26.15},{"type":"B","date":"2018-04-19T01:36:14.000Z","volume":2000,"label":" ","price":26.1},{"type":"B","date":"2018-04-19T01:36:15.000Z","volume":2000,"label":" ","price":26.1},{"type":"A","date":"2018-04-19T01:37:07.000Z","volume":8000,"label":" ","price":26.1},{"type":"U","date":"2018-04-19T01:37:08.000Z","volume":486,"label":"D","price":25.8},{"type":"A","date":"2018-04-19T01:37:24.000Z","volume":2000,"label":" ","price":26.1},{"type":"A","date":"2018-04-19T01:38:01.000Z","volume":2000,"label":" ","price":26.05},{"type":"B","date":"2018-04-19T01:38:08.000Z","volume":2000,"label":" ","price":26.05},{"type":"B","date":"2018-04-19T01:38:08.000Z","volume":4000,"label":" ","price":26.05},{"type":"B","date":"2018-04-19T01:38:08.000Z","volume":6000,"label":" ","price":26.05},{"type":"B","date":"2018-04-19T01:38:13.000Z","volume":2000,"label":" ","price":26},{"type":"B","date":"2018-04-19T01:38:13.000Z","volume":2000,"label":" ","price":26},{"type":"A","date":"2018-04-19T01:38:50.000Z","volume":6000,"label":" ","price":26.05},{"type":"B","date":"2018-04-19T01:39:00.000Z","volume":38000,"label":" ","price":26},{"type":"A","date":"2018-04-19T01:39:13.000Z","volume":2000,"label":" ","price":26},{"type":"A","date":"2018-04-19T01:39:13.000Z","volume":2000,"label":" ","price":26},{"type":"B","date":"2018-04-19T01:40:47.000Z","volume":2000,"label":" ","price":25.95},{"type":"A","date":"2018-04-19T01:40:50.000Z","volume":4000,"label":"Y","price":26},{"type":"A","date":"2018-04-19T01:40:50.000Z","volume":6000,"label":" ","price":26},{"type":"B","date":"2018-04-19T01:40:59.000Z","volume":2000,"label":" ","price":25.95},{"type":"B","date":"2018-04-19T01:41:45.000Z","volume":2000,"label":" ","price":25.95},{"type":"B","date":"2018-04-19T01:41:45.000Z","volume":2000,"label":" ","price":25.95},{"type":"B","date":"2018-04-19T01:42:34.000Z","volume":2000,"label":" ","price":25.9},{"type":"A","date":"2018-04-19T01:42:57.000Z","volume":2000,"label":" ","price":25.95},{"type":"A","date":"2018-04-19T01:43:01.000Z","volume":2000,"label":" ","price":25.95},{"type":"B","date":"2018-04-19T01:43:09.000Z","volume":8000,"label":" ","price":25.9},{"type":"A","date":"2018-04-19T01:43:36.000Z","volume":10000,"label":" ","price":26},{"type":"A","date":"2018-04-19T01:44:10.000Z","volume":2000,"label":" ","price":26},{"type":"A","date":"2018-04-19T01:45:08.000Z","volume":2000,"label":" ","price":26},{"type":"A","date":"2018-04-19T01:45:51.000Z","volume":4000,"label":" ","price":26},{"type":"A","date":"2018-04-19T01:45:51.000Z","volume":4000,"label":" ","price":26},{"type":"A","date":"2018-04-19T01:45:57.000Z","volume":6000,"label":" ","price":26},{"type":"A","date":"2018-04-19T01:46:29.000Z","volume":32000,"label":" ","price":26},{"type":"A","date":"2018-04-19T01:46:31.000Z","volume":2000,"label":" ","price":26.05},{"type":"A","date":"2018-04-19T01:46:31.000Z","volume":2000,"label":"Y","price":26.05},{"type":"A","date":"2018-04-19T01:46:48.000Z","volume":2000,"label":" ","price":26.05},{"type":"B","date":"2018-04-19T01:47:29.000Z","volume":16000,"label":" ","price":26.05},{"type":"A","date":"2018-04-19T01:47:32.000Z","volume":4000,"label":" ","price":26.05},{"type":"A","date":"2018-04-19T01:47:57.000Z","volume":2000,"label":" ","price":26.1},{"type":"B","date":"2018-04-19T01:48:00.000Z","volume":2000,"label":" ","price":26},{"type":"A","date":"2018-04-19T01:48:16.000Z","volume":2000,"label":" ","price":26.1},{"type":"B","date":"2018-04-19T01:48:21.000Z","volume":2000,"label":" ","price":26.05},{"type":"A","date":"2018-04-19T01:48:39.000Z","volume":10000,"label":" ","price":26.1},{"type":"A","date":"2018-04-19T01:48:39.000Z","volume":76000,"label":" ","price":26.1},{"type":"A","date":"2018-04-19T01:48:42.000Z","volume":14000,"label":" ","price":26.15},{"type":"A","date":"2018-04-19T01:48:42.000Z","volume":16000,"label":" ","price":26.15},{"type":"B","date":"2018-04-19T01:49:13.000Z","volume":2000,"label":" ","price":26.1},{"type":"A","date":"2018-04-19T01:49:31.000Z","volume":2000,"label":" ","price":26.15},{"type":"A","date":"2018-04-19T01:49:43.000Z","volume":2000,"label":" ","price":26.15},{"type":"A","date":"2018-04-19T01:49:48.000Z","volume":2000,"label":" ","price":26.15},{"type":"A","date":"2018-04-19T01:49:48.000Z","volume":20000,"label":" ","price":26.2},{"type":"A","date":"2018-04-19T01:49:59.000Z","volume":2000,"label":"Y","price":26.15},{"type":"A","date":"2018-04-19T01:50:54.000Z","volume":20000,"label":" ","price":26.2},{"type":"B","date":"2018-04-19T01:51:15.000Z","volume":8000,"label":" ","price":26.15},{"type":"A","date":"2018-04-19T01:52:16.000Z","volume":2000,"label":" ","price":26.15},{"type":"B","date":"2018-04-19T01:52:33.000Z","volume":28000,"label":" ","price":26.1},{"type":"A","date":"2018-04-19T01:53:28.000Z","volume":2000,"label":" ","price":26.1},{"type":"A","date":"2018-04-19T01:54:10.000Z","volume":2000,"label":" ","price":26.1},{"type":"A","date":"2018-04-19T01:55:53.000Z","volume":22000,"label":" ","price":26.1},{"type":"A","date":"2018-04-19T01:56:01.000Z","volume":18000,"label":" ","price":26.15},{"type":"A","date":"2018-04-19T01:56:38.000Z","volume":6000,"label":"Y","price":26.2},{"type":"A","date":"2018-04-19T01:56:38.000Z","volume":54000,"label":" ","price":26.2},{"type":"A","date":"2018-04-19T01:56:38.000Z","volume":8000,"label":" ","price":26.2},{"type":"A","date":"2018-04-19T01:56:53.000Z","volume":4000,"label":" ","price":26.25},{"type":"A","date":"2018-04-19T01:57:10.000Z","volume":40000,"label":" ","price":26.25},{"type":"A","date":"2018-04-19T01:57:10.000Z","volume":22000,"label":" ","price":26.25},{"type":"B","date":"2018-04-19T01:57:14.000Z","volume":4000,"label":" ","price":26.2},{"type":"A","date":"2018-04-19T01:57:46.000Z","volume":2000,"label":" ","price":26.3},{"type":"A","date":"2018-04-19T01:58:02.000Z","volume":8000,"label":"Y","price":26.3},{"type":"A","date":"2018-04-19T01:58:02.000Z","volume":2000,"label":" ","price":26.3},{"type":"A","date":"2018-04-19T01:58:02.000Z","volume":100000,"label":" ","price":26.3},{"type":"B","date":"2018-04-19T01:58:17.000Z","volume":2000,"label":" ","price":26.3},{"type":"B","date":"2018-04-19T01:58:34.000Z","volume":10000,"label":" ","price":26.3},{"type":"A","date":"2018-04-19T01:58:52.000Z","volume":2000,"label":"Y","price":26.35},{"type":"B","date":"2018-04-19T01:59:02.000Z","volume":8000,"label":" ","price":26.3},{"type":"B","date":"2018-04-19T01:59:14.000Z","volume":8000,"label":" ","price":26.25},{"type":"A","date":"2018-04-19T01:59:31.000Z","volume":2000,"label":" ","price":26.25},{"type":"A","date":"2018-04-19T01:59:42.000Z","volume":8000,"label":" ","price":26.25},{"type":"A","date":"2018-04-19T01:59:42.000Z","volume":2000,"label":" ","price":26.3},{"type":"A","date":"2018-04-19T01:59:57.000Z","volume":2000,"label":" ","price":26.3},{"type":"A","date":"2018-04-19T02:00:07.000Z","volume":2000,"label":" ","price":26.3},{"type":"A","date":"2018-04-19T02:00:18.000Z","volume":14000,"label":" ","price":26.3},{"type":"A","date":"2018-04-19T02:00:21.000Z","volume":4000,"label":" ","price":26.3},{"type":"B","date":"2018-04-19T02:00:24.000Z","volume":4000,"label":" ","price":26.25},{"type":"A","date":"2018-04-19T02:00:35.000Z","volume":2000,"label":"Y","price":26.3},{"type":"A","date":"2018-04-19T02:00:35.000Z","volume":22000,"label":" ","price":26.3},{"type":"A","date":"2018-04-19T02:00:44.000Z","volume":12000,"label":" ","price":26.35},{"type":"A","date":"2018-04-19T02:01:26.000Z","volume":2000,"label":" ","price":26.35},{"type":"B","date":"2018-04-19T02:01:31.000Z","volume":2000,"label":" ","price":26.3},{"type":"A","date":"2018-04-19T02:01:39.000Z","volume":60000,"label":" ","price":26.35},{"type":"A","date":"2018-04-19T02:01:50.000Z","volume":4000,"label":" ","price":26.35},{"type":"A","date":"2018-04-19T02:02:37.000Z","volume":2000,"label":" ","price":26.35},{"type":"A","date":"2018-04-19T02:03:41.000Z","volume":6000,"label":" ","price":26.35},{"type":"B","date":"2018-04-19T02:03:44.000Z","volume":2000,"label":" ","price":26.3},{"type":"A","date":"2018-04-19T02:03:47.000Z","volume":10000,"label":" ","price":26.35},{"type":"B","date":"2018-04-19T02:03:55.000Z","volume":10000,"label":" ","price":26.3},{"type":"B","date":"2018-04-19T02:04:42.000Z","volume":2000,"label":" ","price":26.3},{"type":"B","date":"2018-04-19T02:04:45.000Z","volume":2000,"label":" ","price":26.3},{"type":"B","date":"2018-04-19T02:04:45.000Z","volume":2000,"label":" ","price":26.3},{"type":"A","date":"2018-04-19T02:04:45.000Z","volume":2000,"label":" ","price":26.35},{"type":"A","date":"2018-04-19T02:04:52.000Z","volume":4000,"label":" ","price":26.3},{"type":"A","date":"2018-04-19T02:05:40.000Z","volume":2000,"label":" ","price":26.3},{"type":"B","date":"2018-04-19T02:06:27.000Z","volume":6000,"label":" ","price":26.25},{"type":"A","date":"2018-04-19T02:06:29.000Z","volume":4000,"label":" ","price":26.3},{"type":"A","date":"2018-04-19T02:06:36.000Z","volume":10000,"label":" ","price":26.3},{"type":"B","date":"2018-04-19T02:07:04.000Z","volume":2000,"label":" ","price":26.25},{"type":"B","date":"2018-04-19T02:07:07.000Z","volume":12000,"label":" ","price":26.25},{"type":"B","date":"2018-04-19T02:07:17.000Z","volume":2000,"label":" ","price":26.2},{"type":"B","date":"2018-04-19T02:07:34.000Z","volume":4000,"label":" ","price":26.2},{"type":"A","date":"2018-04-19T02:07:49.000Z","volume":8000,"label":" ","price":26.25},{"type":"B","date":"2018-04-19T02:07:52.000Z","volume":2000,"label":" ","price":26.2},{"type":"A","date":"2018-04-19T02:07:53.000Z","volume":6000,"label":" ","price":26.25},{"type":"B","date":"2018-04-19T02:07:55.000Z","volume":10000,"label":" ","price":26.25},{"type":"A","date":"2018-04-19T02:08:01.000Z","volume":8000,"label":" ","price":26.3},{"type":"A","date":"2018-04-19T02:08:35.000Z","volume":16000,"label":" ","price":26.3},{"type":"A","date":"2018-04-19T02:09:31.000Z","volume":16000,"label":" ","price":26.3},{"type":"B","date":"2018-04-19T02:10:17.000Z","volume":10000,"label":" ","price":26.3},{"type":"A","date":"2018-04-19T02:10:31.000Z","volume":24000,"label":" ","price":26.35},{"type":"B","date":"2018-04-19T02:10:34.000Z","volume":2000,"label":" ","price":26.3},{"type":"B","date":"2018-04-19T02:10:46.000Z","volume":2000,"label":" ","price":26.3},{"type":"B","date":"2018-04-19T02:11:04.000Z","volume":2000,"label":" ","price":26.3},{"type":"B","date":"2018-04-19T02:12:24.000Z","volume":6000,"label":" ","price":26.25},{"type":"A","date":"2018-04-19T02:12:30.000Z","volume":2000,"label":" ","price":26.25},{"type":"A","date":"2018-04-19T02:12:55.000Z","volume":2000,"label":" ","price":26.25},{"type":"B","date":"2018-04-19T02:14:13.000Z","volume":6000,"label":" ","price":26.25},{"type":"B","date":"2018-04-19T02:14:30.000Z","volume":16000,"label":" ","price":26.2},{"type":"A","date":"2018-04-19T02:15:25.000Z","volume":2000,"label":" ","price":26.2},{"type":"B","date":"2018-04-19T02:15:26.000Z","volume":2000,"label":" ","price":26.15},{"type":"A","date":"2018-04-19T02:15:26.000Z","volume":2000,"label":" ","price":26.2},{"type":"B","date":"2018-04-19T02:15:35.000Z","volume":10000,"label":" ","price":26.15},{"type":"A","date":"2018-04-19T02:15:39.000Z","volume":2000,"label":" ","price":26.2},{"type":"B","date":"2018-04-19T02:15:45.000Z","volume":10000,"label":" ","price":26.15},{"type":"A","date":"2018-04-19T02:15:45.000Z","volume":2000,"label":" ","price":26.2},{"type":"A","date":"2018-04-19T02:16:17.000Z","volume":6000,"label":" ","price":26.2},{"type":"A","date":"2018-04-19T02:16:58.000Z","volume":2000,"label":" ","price":26.2},{"type":"A","date":"2018-04-19T02:17:01.000Z","volume":10000,"label":" ","price":26.2},{"type":"A","date":"2018-04-19T02:17:04.000Z","volume":24000,"label":" ","price":26.25},{"type":"A","date":"2018-04-19T02:17:06.000Z","volume":4000,"label":" ","price":26.3},{"type":"B","date":"2018-04-19T02:17:15.000Z","volume":8000,"label":" ","price":26.25},{"type":"A","date":"2018-04-19T02:17:15.000Z","volume":2000,"label":" ","price":26.25},{"type":"A","date":"2018-04-19T02:17:37.000Z","volume":2000,"label":" ","price":26.25},{"type":"A","date":"2018-04-19T02:18:04.000Z","volume":4000,"label":" ","price":26.25},{"type":"A","date":"2018-04-19T02:18:21.000Z","volume":8000,"label":" ","price":26.25},{"type":"A","date":"2018-04-19T02:18:41.000Z","volume":2000,"label":" ","price":26.25},{"type":"A","date":"2018-04-19T02:19:59.000Z","volume":2000,"label":" ","price":26.25},{"type":"A","date":"2018-04-19T02:20:25.000Z","volume":8000,"label":" ","price":26.25},{"type":"A","date":"2018-04-19T02:20:36.000Z","volume":36000,"label":" ","price":26.3},{"type":"A","date":"2018-04-19T02:20:38.000Z","volume":30000,"label":" ","price":26.35},{"type":"A","date":"2018-04-19T02:20:42.000Z","volume":2000,"label":" ","price":26.35},{"type":"A","date":"2018-04-19T02:20:49.000Z","volume":8000,"label":" ","price":26.3},{"type":"A","date":"2018-04-19T02:21:04.000Z","volume":4000,"label":" ","price":26.3},{"type":"A","date":"2018-04-19T02:21:24.000Z","volume":2000,"label":" ","price":26.3},{"type":"A","date":"2018-04-19T02:21:28.000Z","volume":10000,"label":" ","price":26.3},{"type":"A","date":"2018-04-19T02:21:32.000Z","volume":2000,"label":" ","price":26.4},{"type":"B","date":"2018-04-19T02:21:33.000Z","volume":4000,"label":" ","price":26.3},{"type":"B","date":"2018-04-19T02:21:47.000Z","volume":6000,"label":" ","price":26.35},{"type":"A","date":"2018-04-19T02:21:47.000Z","volume":2000,"label":" ","price":26.4},{"type":"A","date":"2018-04-19T02:22:17.000Z","volume":2000,"label":"Y","price":26.4},{"type":"A","date":"2018-04-19T02:22:17.000Z","volume":2000,"label":" ","price":26.4},{"type":"A","date":"2018-04-19T02:22:33.000Z","volume":8000,"label":" ","price":26.4},{"type":"B","date":"2018-04-19T02:22:33.000Z","volume":2000,"label":" ","price":26.35},{"type":"A","date":"2018-04-19T02:22:33.000Z","volume":2000,"label":" ","price":26.4},{"type":"B","date":"2018-04-19T02:22:34.000Z","volume":2000,"label":" ","price":26.35},{"type":"A","date":"2018-04-19T02:22:36.000Z","volume":2000,"label":" ","price":26.4},{"type":"A","date":"2018-04-19T02:22:38.000Z","volume":2000,"label":" ","price":26.4},{"type":"A","date":"2018-04-19T02:22:38.000Z","volume":102000,"label":" ","price":26.4},{"type":"A","date":"2018-04-19T02:22:39.000Z","volume":18000,"label":" ","price":26.45},{"type":"A","date":"2018-04-19T02:22:48.000Z","volume":68000,"label":" ","price":26.45},{"type":"A","date":"2018-04-19T02:22:49.000Z","volume":10000,"label":" ","price":26.5},{"type":"A","date":"2018-04-19T02:22:49.000Z","volume":10000,"label":" ","price":26.5},{"type":"A","date":"2018-04-19T02:22:49.000Z","volume":4000,"label":" ","price":26.5},{"type":"A","date":"2018-04-19T02:22:51.000Z","volume":2000,"label":" ","price":26.5},{"type":"B","date":"2018-04-19T02:22:59.000Z","volume":2000,"label":" ","price":26.45},{"type":"B","date":"2018-04-19T02:22:59.000Z","volume":14000,"label":" ","price":26.4},{"type":"A","date":"2018-04-19T02:22:59.000Z","volume":4000,"label":" ","price":26.5},{"type":"A","date":"2018-04-19T02:23:01.000Z","volume":2000,"label":" ","price":26.5},{"type":"A","date":"2018-04-19T02:23:31.000Z","volume":2000,"label":" ","price":26.5},{"type":"A","date":"2018-04-19T02:23:39.000Z","volume":20000,"label":" ","price":26.5},{"type":"A","date":"2018-04-19T02:23:39.000Z","volume":70000,"label":" ","price":26.5},{"type":"A","date":"2018-04-19T02:23:42.000Z","volume":2000,"label":" ","price":26.55},{"type":"A","date":"2018-04-19T02:23:45.000Z","volume":10000,"label":" ","price":26.55},{"type":"A","date":"2018-04-19T02:23:45.000Z","volume":20000,"label":" ","price":26.55},{"type":"B","date":"2018-04-19T02:23:45.000Z","volume":2000,"label":" ","price":26.5},{"type":"A","date":"2018-04-19T02:23:47.000Z","volume":4000,"label":" ","price":26.6},{"type":"A","date":"2018-04-19T02:23:47.000Z","volume":8000,"label":" ","price":26.6},{"type":"A","date":"2018-04-19T02:23:52.000Z","volume":2000,"label":" ","price":26.6},{"type":"A","date":"2018-04-19T02:24:16.000Z","volume":2000,"label":" ","price":26.55},{"type":"A","date":"2018-04-19T02:24:18.000Z","volume":2000,"label":" ","price":26.55},{"type":"A","date":"2018-04-19T02:24:25.000Z","volume":6000,"label":" ","price":26.55},{"type":"A","date":"2018-04-19T02:24:26.000Z","volume":8000,"label":" ","price":26.55},{"type":"A","date":"2018-04-19T02:24:26.000Z","volume":2000,"label":" ","price":26.6},{"type":"B","date":"2018-04-19T02:24:30.000Z","volume":2000,"label":"Y","price":26.55},{"type":"B","date":"2018-04-19T02:24:30.000Z","volume":2000,"label":" ","price":26.55},{"type":"A","date":"2018-04-19T02:24:35.000Z","volume":2000,"label":"Y","price":26.6},{"type":"A","date":"2018-04-19T02:24:35.000Z","volume":62000,"label":" ","price":26.6},{"type":"A","date":"2018-04-19T02:24:35.000Z","volume":4000,"label":"Y","price":26.6},{"type":"A","date":"2018-04-19T02:24:35.000Z","volume":6000,"label":" ","price":26.6},{"type":"B","date":"2018-04-19T02:24:38.000Z","volume":4000,"label":" ","price":26.55},{"type":"A","date":"2018-04-19T02:24:39.000Z","volume":12000,"label":"Y","price":26.6},{"type":"A","date":"2018-04-19T02:24:39.000Z","volume":14000,"label":" ","price":26.6},{"type":"A","date":"2018-04-19T02:24:51.000Z","volume":2000,"label":" ","price":26.55},{"type":"B","date":"2018-04-19T02:24:58.000Z","volume":6000,"label":" ","price":26.5},{"type":"A","date":"2018-04-19T02:25:19.000Z","volume":10000,"label":" ","price":26.5},{"type":"U","date":"2018-04-19T02:25:30.000Z","volume":2000,"label":" ","price":26.5},{"type":"A","date":"2018-04-19T02:25:55.000Z","volume":4000,"label":" ","price":26.55},{"type":"B","date":"2018-04-19T02:26:03.000Z","volume":4000,"label":" ","price":26.5},{"type":"A","date":"2018-04-19T02:26:09.000Z","volume":6000,"label":" ","price":26.55},{"type":"B","date":"2018-04-19T02:26:22.000Z","volume":2000,"label":"Y","price":26.55},{"type":"B","date":"2018-04-19T02:26:27.000Z","volume":18000,"label":"Y","price":26.55},{"type":"A","date":"2018-04-19T02:26:45.000Z","volume":2000,"label":" ","price":26.5},{"type":"A","date":"2018-04-19T02:27:01.000Z","volume":8000,"label":" ","price":26.5},{"type":"A","date":"2018-04-19T02:27:16.000Z","volume":2000,"label":" ","price":26.55},{"type":"A","date":"2018-04-19T02:27:25.000Z","volume":2000,"label":"Y","price":26.55},{"type":"B","date":"2018-04-19T02:27:32.000Z","volume":2000,"label":"Y","price":26.55},{"type":"A","date":"2018-04-19T02:27:36.000Z","volume":2000,"label":" ","price":26.6},{"type":"B","date":"2018-04-19T02:27:42.000Z","volume":4000,"label":" ","price":26.55},{"type":"A","date":"2018-04-19T02:27:44.000Z","volume":2000,"label":" ","price":26.55},{"type":"A","date":"2018-04-19T02:27:46.000Z","volume":2000,"label":" ","price":26.55},{"type":"B","date":"2018-04-19T02:28:00.000Z","volume":2000,"label":" ","price":26.5},{"type":"A","date":"2018-04-19T02:28:14.000Z","volume":2000,"label":"Y","price":26.5},{"type":"A","date":"2018-04-19T02:28:14.000Z","volume":2000,"label":" ","price":26.5},{"type":"A","date":"2018-04-19T02:28:43.000Z","volume":2000,"label":" ","price":26.5},{"type":"B","date":"2018-04-19T02:28:54.000Z","volume":2000,"label":" ","price":26.45},{"type":"A","date":"2018-04-19T02:28:59.000Z","volume":10000,"label":" ","price":26.5},{"type":"A","date":"2018-04-19T02:29:03.000Z","volume":4000,"label":" ","price":26.5},{"type":"B","date":"2018-04-19T02:29:18.000Z","volume":2000,"label":" ","price":26.45},{"type":"B","date":"2018-04-19T02:29:34.000Z","volume":2000,"label":" ","price":26.45},{"type":"A","date":"2018-04-19T02:29:57.000Z","volume":2000,"label":" ","price":26.5},{"type":"A","date":"2018-04-19T02:30:25.000Z","volume":2000,"label":" ","price":26.5},{"type":"A","date":"2018-04-19T02:30:32.000Z","volume":4000,"label":"Y","price":26.5},{"type":"B","date":"2018-04-19T02:30:58.000Z","volume":20000,"label":" ","price":26.45},{"type":"B","date":"2018-04-19T02:31:08.000Z","volume":4000,"label":"Y","price":26.45},{"type":"A","date":"2018-04-19T02:31:23.000Z","volume":14000,"label":" ","price":26.5},{"type":"A","date":"2018-04-19T02:31:44.000Z","volume":2000,"label":" ","price":26.55},{"type":"B","date":"2018-04-19T02:31:46.000Z","volume":6000,"label":" ","price":26.5},{"type":"A","date":"2018-04-19T02:32:04.000Z","volume":2000,"label":" ","price":26.55},{"type":"B","date":"2018-04-19T02:32:16.000Z","volume":2000,"label":" ","price":26.5},{"type":"A","date":"2018-04-19T02:32:17.000Z","volume":16000,"label":" ","price":26.55},{"type":"A","date":"2018-04-19T02:32:30.000Z","volume":2000,"label":" ","price":26.6},{"type":"B","date":"2018-04-19T02:33:11.000Z","volume":8000,"label":" ","price":26.55},{"type":"A","date":"2018-04-19T02:33:12.000Z","volume":2000,"label":" ","price":26.6},{"type":"A","date":"2018-04-19T02:33:39.000Z","volume":4000,"label":" ","price":26.6},{"type":"A","date":"2018-04-19T02:33:43.000Z","volume":48000,"label":" ","price":26.6},{"type":"A","date":"2018-04-19T02:33:54.000Z","volume":22000,"label":" ","price":26.6},{"type":"A","date":"2018-04-19T02:34:00.000Z","volume":10000,"label":" ","price":26.65},{"type":"A","date":"2018-04-19T02:34:01.000Z","volume":2000,"label":" ","price":26.65},{"type":"A","date":"2018-04-19T02:34:18.000Z","volume":4000,"label":"Y","price":26.65},{"type":"A","date":"2018-04-19T02:34:18.000Z","volume":2000,"label":"Y","price":26.65},{"type":"B","date":"2018-04-19T02:34:24.000Z","volume":6000,"label":" ","price":26.65},{"type":"B","date":"2018-04-19T02:34:34.000Z","volume":12000,"label":"Y","price":26.65},{"type":"B","date":"2018-04-19T02:34:46.000Z","volume":10000,"label":" ","price":26.6},{"type":"A","date":"2018-04-19T02:34:53.000Z","volume":22000,"label":"Y","price":26.65},{"type":"B","date":"2018-04-19T02:35:15.000Z","volume":4000,"label":" ","price":26.6},{"type":"B","date":"2018-04-19T02:35:16.000Z","volume":2000,"label":" ","price":26.6},{"type":"A","date":"2018-04-19T02:35:44.000Z","volume":28000,"label":" ","price":26.6},{"type":"A","date":"2018-04-19T02:36:03.000Z","volume":2000,"label":" ","price":26.6},{"type":"A","date":"2018-04-19T02:36:41.000Z","volume":4000,"label":" ","price":26.6},{"type":"A","date":"2018-04-19T02:36:52.000Z","volume":2000,"label":" ","price":26.6},{"type":"A","date":"2018-04-19T02:37:03.000Z","volume":2000,"label":"Y","price":26.6},{"type":"A","date":"2018-04-19T02:37:18.000Z","volume":26000,"label":" ","price":26.6},{"type":"B","date":"2018-04-19T02:37:18.000Z","volume":2000,"label":" ","price":26.6},{"type":"B","date":"2018-04-19T02:37:21.000Z","volume":2000,"label":" ","price":26.6},{"type":"A","date":"2018-04-19T02:37:37.000Z","volume":2000,"label":" ","price":26.6},{"type":"A","date":"2018-04-19T02:37:43.000Z","volume":20000,"label":"Y","price":26.6},{"type":"A","date":"2018-04-19T02:37:43.000Z","volume":2000,"label":" ","price":26.6},{"type":"A","date":"2018-04-19T02:37:46.000Z","volume":2000,"label":" ","price":26.65},{"type":"A","date":"2018-04-19T02:37:47.000Z","volume":2000,"label":" ","price":26.65},{"type":"A","date":"2018-04-19T02:38:11.000Z","volume":4000,"label":"Y","price":26.65},{"type":"A","date":"2018-04-19T02:38:11.000Z","volume":6000,"label":" ","price":26.65},{"type":"B","date":"2018-04-19T02:38:41.000Z","volume":6000,"label":" ","price":26.65},{"type":"B","date":"2018-04-19T02:38:47.000Z","volume":4000,"label":" ","price":26.65},{"type":"A","date":"2018-04-19T02:38:56.000Z","volume":2000,"label":" ","price":26.65},{"type":"A","date":"2018-04-19T02:39:06.000Z","volume":18000,"label":" ","price":26.65},{"type":"B","date":"2018-04-19T02:39:19.000Z","volume":2000,"label":" ","price":26.65},{"type":"B","date":"2018-04-19T02:39:21.000Z","volume":4000,"label":"Y","price":26.65},{"type":"A","date":"2018-04-19T02:39:43.000Z","volume":6000,"label":"Y","price":26.7},{"type":"A","date":"2018-04-19T02:39:43.000Z","volume":12000,"label":" ","price":26.7},{"type":"B","date":"2018-04-19T02:39:43.000Z","volume":4000,"label":" ","price":26.65},{"type":"A","date":"2018-04-19T02:39:45.000Z","volume":12000,"label":" ","price":26.7},{"type":"B","date":"2018-04-19T02:39:48.000Z","volume":2000,"label":" ","price":26.65},{"type":"B","date":"2018-04-19T02:39:49.000Z","volume":2000,"label":" ","price":26.65},{"type":"B","date":"2018-04-19T02:40:00.000Z","volume":6000,"label":" ","price":26.65},{"type":"B","date":"2018-04-19T02:40:00.000Z","volume":2000,"label":" ","price":26.65},{"type":"A","date":"2018-04-19T02:40:21.000Z","volume":10000,"label":" ","price":26.7},{"type":"A","date":"2018-04-19T02:40:21.000Z","volume":78000,"label":" ","price":26.7},{"type":"B","date":"2018-04-19T02:40:26.000Z","volume":20000,"label":"Y","price":26.65},{"type":"B","date":"2018-04-19T02:40:33.000Z","volume":2000,"label":"Y","price":26.7},{"type":"B","date":"2018-04-19T02:40:54.000Z","volume":2000,"label":"Y","price":26.7},{"type":"B","date":"2018-04-19T02:40:57.000Z","volume":2000,"label":"Y","price":26.7},{"type":"B","date":"2018-04-19T02:40:57.000Z","volume":2000,"label":" ","price":26.7},{"type":"A","date":"2018-04-19T02:41:03.000Z","volume":2000,"label":" ","price":26.65},{"type":"B","date":"2018-04-19T02:41:13.000Z","volume":2000,"label":" ","price":26.6},{"type":"A","date":"2018-04-19T02:41:28.000Z","volume":2000,"label":"Y","price":26.7},{"type":"A","date":"2018-04-19T02:41:28.000Z","volume":2000,"label":" ","price":26.7},{"type":"B","date":"2018-04-19T02:41:29.000Z","volume":4000,"label":" ","price":26.6},{"type":"A","date":"2018-04-19T02:42:17.000Z","volume":10000,"label":" ","price":26.7},{"type":"A","date":"2018-04-19T02:42:18.000Z","volume":2000,"label":" ","price":26.7},{"type":"A","date":"2018-04-19T02:42:19.000Z","volume":2000,"label":" ","price":26.7},{"type":"A","date":"2018-04-19T02:42:19.000Z","volume":2000,"label":" ","price":26.7},{"type":"A","date":"2018-04-19T02:42:46.000Z","volume":2000,"label":" ","price":26.7},{"type":"A","date":"2018-04-19T02:43:01.000Z","volume":2000,"label":" ","price":26.7},{"type":"B","date":"2018-04-19T02:43:05.000Z","volume":2000,"label":" ","price":26.65},{"type":"B","date":"2018-04-19T02:43:11.000Z","volume":10000,"label":" ","price":26.65},{"type":"A","date":"2018-04-19T02:43:19.000Z","volume":2000,"label":" ","price":26.7},{"type":"A","date":"2018-04-19T02:43:23.000Z","volume":4000,"label":"Y","price":26.7},{"type":"A","date":"2018-04-19T02:43:23.000Z","volume":4000,"label":" ","price":26.7},{"type":"B","date":"2018-04-19T02:43:28.000Z","volume":4000,"label":" ","price":26.7},{"type":"B","date":"2018-04-19T02:43:43.000Z","volume":6000,"label":"Y","price":26.7},{"type":"B","date":"2018-04-19T02:44:10.000Z","volume":20000,"label":" ","price":26.6},{"type":"B","date":"2018-04-19T02:44:33.000Z","volume":4000,"label":" ","price":26.65},{"type":"B","date":"2018-04-19T02:44:43.000Z","volume":8000,"label":" ","price":26.65},{"type":"A","date":"2018-04-19T02:45:04.000Z","volume":2000,"label":" ","price":26.7},{"type":"A","date":"2018-04-19T02:45:10.000Z","volume":4000,"label":" ","price":26.7},{"type":"B","date":"2018-04-19T02:45:30.000Z","volume":24000,"label":" ","price":26.6},{"type":"A","date":"2018-04-19T02:45:31.000Z","volume":2000,"label":" ","price":26.65},{"type":"B","date":"2018-04-19T02:46:17.000Z","volume":2000,"label":" ","price":26.6},{"type":"B","date":"2018-04-19T02:46:22.000Z","volume":4000,"label":" ","price":26.65},{"type":"B","date":"2018-04-19T02:47:01.000Z","volume":2000,"label":" ","price":26.6},{"type":"A","date":"2018-04-19T02:47:02.000Z","volume":2000,"label":" ","price":26.65},{"type":"B","date":"2018-04-19T02:48:10.000Z","volume":2000,"label":" ","price":26.6},{"type":"B","date":"2018-04-19T02:48:42.000Z","volume":2000,"label":" ","price":26.6},{"type":"A","date":"2018-04-19T02:48:44.000Z","volume":2000,"label":" ","price":26.65},{"type":"A","date":"2018-04-19T02:48:56.000Z","volume":8000,"label":" ","price":26.65},{"type":"A","date":"2018-04-19T02:48:57.000Z","volume":20000,"label":" ","price":26.7},{"type":"A","date":"2018-04-19T02:48:59.000Z","volume":2000,"label":" ","price":26.75},{"type":"B","date":"2018-04-19T02:49:00.000Z","volume":4000,"label":" ","price":26.7},{"type":"A","date":"2018-04-19T02:49:24.000Z","volume":2000,"label":" ","price":26.65},{"type":"A","date":"2018-04-19T02:49:31.000Z","volume":2000,"label":" ","price":26.65},{"type":"A","date":"2018-04-19T02:49:47.000Z","volume":12000,"label":" ","price":26.7},{"type":"A","date":"2018-04-19T02:49:47.000Z","volume":28000,"label":" ","price":26.75},{"type":"A","date":"2018-04-19T02:50:19.000Z","volume":4000,"label":"Y","price":26.65},{"type":"A","date":"2018-04-19T02:50:45.000Z","volume":2000,"label":" ","price":26.7},{"type":"B","date":"2018-04-19T02:50:48.000Z","volume":2000,"label":" ","price":26.65},{"type":"A","date":"2018-04-19T02:51:00.000Z","volume":2000,"label":" ","price":26.7},{"type":"B","date":"2018-04-19T02:51:02.000Z","volume":10000,"label":" ","price":26.65},{"type":"A","date":"2018-04-19T02:51:22.000Z","volume":6000,"label":" ","price":26.7},{"type":"A","date":"2018-04-19T02:51:22.000Z","volume":4000,"label":" ","price":26.7},{"type":"B","date":"2018-04-19T02:51:30.000Z","volume":8000,"label":" ","price":26.65},{"type":"A","date":"2018-04-19T02:51:35.000Z","volume":2000,"label":" ","price":26.7},{"type":"B","date":"2018-04-19T02:52:19.000Z","volume":2000,"label":"Y","price":26.6},{"type":"B","date":"2018-04-19T02:52:59.000Z","volume":2000,"label":"Y","price":26.6},{"type":"B","date":"2018-04-19T02:53:14.000Z","volume":60000,"label":" ","price":26.6},{"type":"A","date":"2018-04-19T02:53:30.000Z","volume":2000,"label":" ","price":26.65},{"type":"A","date":"2018-04-19T02:53:30.000Z","volume":8000,"label":" ","price":26.65},{"type":"B","date":"2018-04-19T02:54:37.000Z","volume":10000,"label":" ","price":26.55},{"type":"B","date":"2018-04-19T02:54:38.000Z","volume":2000,"label":" ","price":26.55},{"type":"B","date":"2018-04-19T02:55:13.000Z","volume":6000,"label":" ","price":26.5},{"type":"B","date":"2018-04-19T02:55:22.000Z","volume":8000,"label":" ","price":26.5},{"type":"B","date":"2018-04-19T02:56:02.000Z","volume":2000,"label":" ","price":26.45},{"type":"B","date":"2018-04-19T02:56:55.000Z","volume":4000,"label":" ","price":26.45},{"type":"B","date":"2018-04-19T02:57:00.000Z","volume":2000,"label":"Y","price":26.45},{"type":"B","date":"2018-04-19T02:57:06.000Z","volume":6000,"label":" ","price":26.45},{"type":"B","date":"2018-04-19T02:57:20.000Z","volume":2000,"label":" ","price":26.45},{"type":"A","date":"2018-04-19T02:57:43.000Z","volume":4000,"label":" ","price":26.45},{"type":"A","date":"2018-04-19T02:57:43.000Z","volume":2000,"label":" ","price":26.5},{"type":"B","date":"2018-04-19T02:57:46.000Z","volume":12000,"label":" ","price":26.4},{"type":"A","date":"2018-04-19T02:58:32.000Z","volume":18000,"label":" ","price":26.5},{"type":"A","date":"2018-04-19T02:58:44.000Z","volume":2000,"label":" ","price":26.5},{"type":"A","date":"2018-04-19T02:58:46.000Z","volume":2000,"label":" ","price":26.55},{"type":"B","date":"2018-04-19T02:59:09.000Z","volume":2000,"label":" ","price":26.5},{"type":"B","date":"2018-04-19T02:59:27.000Z","volume":2000,"label":" ","price":26.5},{"type":"A","date":"2018-04-19T02:59:39.000Z","volume":10000,"label":" ","price":26.5},{"type":"A","date":"2018-04-19T02:59:41.000Z","volume":6000,"label":" ","price":26.55},{"type":"A","date":"2018-04-19T02:59:43.000Z","volume":6000,"label":" ","price":26.6},{"type":"B","date":"2018-04-19T02:59:48.000Z","volume":8000,"label":"Y","price":26.5},{"type":"A","date":"2018-04-19T03:00:32.000Z","volume":2000,"label":" ","price":26.6},{"type":"B","date":"2018-04-19T03:01:13.000Z","volume":2000,"label":" ","price":26.55},{"type":"B","date":"2018-04-19T03:01:52.000Z","volume":2000,"label":" ","price":26.55},{"type":"A","date":"2018-04-19T03:02:16.000Z","volume":2000,"label":" ","price":26.55},{"type":"A","date":"2018-04-19T03:02:27.000Z","volume":2000,"label":" ","price":26.6},{"type":"A","date":"2018-04-19T03:02:37.000Z","volume":2000,"label":" ","price":26.6},{"type":"B","date":"2018-04-19T03:04:13.000Z","volume":10000,"label":" ","price":26.5},{"type":"A","date":"2018-04-19T03:06:31.000Z","volume":2000,"label":" ","price":26.55},{"type":"A","date":"2018-04-19T03:07:15.000Z","volume":2000,"label":" ","price":26.55},{"type":"A","date":"2018-04-19T03:07:39.000Z","volume":6000,"label":" ","price":26.55},{"type":"A","date":"2018-04-19T03:07:39.000Z","volume":2000,"label":" ","price":26.55},{"type":"B","date":"2018-04-19T03:08:01.000Z","volume":30000,"label":" ","price":26.5},{"type":"B","date":"2018-04-19T03:09:20.000Z","volume":34000,"label":" ","price":26.45},{"type":"B","date":"2018-04-19T03:09:25.000Z","volume":4000,"label":"Y","price":26.45},{"type":"A","date":"2018-04-19T03:11:01.000Z","volume":2000,"label":" ","price":26.5},{"type":"B","date":"2018-04-19T03:11:09.000Z","volume":2000,"label":" ","price":26.45},{"type":"A","date":"2018-04-19T03:11:13.000Z","volume":2000,"label":" ","price":26.5},{"type":"B","date":"2018-04-19T03:11:55.000Z","volume":18000,"label":" ","price":26.45},{"type":"A","date":"2018-04-19T03:12:03.000Z","volume":2000,"label":" ","price":26.45},{"type":"B","date":"2018-04-19T03:12:30.000Z","volume":16000,"label":" ","price":26.4},{"type":"A","date":"2018-04-19T03:13:32.000Z","volume":4000,"label":" ","price":26.4},{"type":"A","date":"2018-04-19T03:13:44.000Z","volume":2000,"label":" ","price":26.4},{"type":"A","date":"2018-04-19T03:14:06.000Z","volume":2000,"label":" ","price":26.4},{"type":"A","date":"2018-04-19T03:14:16.000Z","volume":2000,"label":" ","price":26.4},{"type":"B","date":"2018-04-19T03:15:34.000Z","volume":8000,"label":" ","price":26.35},{"type":"B","date":"2018-04-19T03:16:07.000Z","volume":4000,"label":" ","price":26.35},{"type":"B","date":"2018-04-19T03:16:19.000Z","volume":2000,"label":" ","price":26.35},{"type":"B","date":"2018-04-19T03:17:00.000Z","volume":2000,"label":" ","price":26.3},{"type":"B","date":"2018-04-19T03:17:11.000Z","volume":4000,"label":" ","price":26.3},{"type":"B","date":"2018-04-19T03:17:18.000Z","volume":20000,"label":" ","price":26.3},{"type":"B","date":"2018-04-19T03:17:30.000Z","volume":6000,"label":"Y","price":26.25},{"type":"B","date":"2018-04-19T03:17:30.000Z","volume":10000,"label":" ","price":26.25},{"type":"A","date":"2018-04-19T03:17:43.000Z","volume":2000,"label":"Y","price":26.25},{"type":"A","date":"2018-04-19T03:19:32.000Z","volume":30000,"label":" ","price":26.25},{"type":"A","date":"2018-04-19T03:19:32.000Z","volume":2000,"label":" ","price":26.3},{"type":"A","date":"2018-04-19T03:19:48.000Z","volume":6000,"label":" ","price":26.4},{"type":"A","date":"2018-04-19T03:20:25.000Z","volume":2000,"label":" ","price":26.4},{"type":"B","date":"2018-04-19T03:20:36.000Z","volume":2000,"label":" ","price":26.3},{"type":"A","date":"2018-04-19T03:21:08.000Z","volume":2000,"label":" ","price":26.4},{"type":"A","date":"2018-04-19T03:21:11.000Z","volume":2000,"label":" ","price":26.4},{"type":"B","date":"2018-04-19T03:21:49.000Z","volume":12000,"label":" ","price":26.35},{"type":"A","date":"2018-04-19T03:22:11.000Z","volume":2000,"label":" ","price":26.4},{"type":"A","date":"2018-04-19T03:22:32.000Z","volume":2000,"label":" ","price":26.4},{"type":"A","date":"2018-04-19T03:24:06.000Z","volume":2000,"label":" ","price":26.4},{"type":"A","date":"2018-04-19T03:24:47.000Z","volume":4000,"label":"Y","price":26.4},{"type":"A","date":"2018-04-19T03:24:54.000Z","volume":2000,"label":" ","price":26.4},{"type":"A","date":"2018-04-19T03:27:31.000Z","volume":2000,"label":" ","price":26.4},{"type":"B","date":"2018-04-19T03:28:18.000Z","volume":18000,"label":" ","price":26.35},{"type":"A","date":"2018-04-19T03:32:55.000Z","volume":2000,"label":" ","price":26.35},{"type":"B","date":"2018-04-19T03:34:16.000Z","volume":2000,"label":" ","price":26.3},{"type":"A","date":"2018-04-19T03:35:43.000Z","volume":2000,"label":" ","price":26.35},{"type":"A","date":"2018-04-19T03:38:27.000Z","volume":2000,"label":" ","price":26.35},{"type":"B","date":"2018-04-19T03:40:27.000Z","volume":18000,"label":" ","price":26.3},{"type":"B","date":"2018-04-19T03:42:11.000Z","volume":4000,"label":" ","price":26.3},{"type":"B","date":"2018-04-19T03:42:33.000Z","volume":2000,"label":" ","price":26.3},{"type":"A","date":"2018-04-19T03:44:11.000Z","volume":2000,"label":" ","price":26.35},{"type":"A","date":"2018-04-19T03:47:02.000Z","volume":2000,"label":" ","price":26.35},{"type":"A","date":"2018-04-19T03:49:33.000Z","volume":2000,"label":" ","price":26.35},{"type":"B","date":"2018-04-19T03:55:10.000Z","volume":2000,"label":" ","price":26.3},{"type":"B","date":"2018-04-19T03:55:10.000Z","volume":14000,"label":" ","price":26.3},{"type":"A","date":"2018-04-19T03:57:21.000Z","volume":2000,"label":" ","price":26.3},{"type":"A","date":"2018-04-19T03:57:23.000Z","volume":4000,"label":" ","price":26.3},{"type":"A","date":"2018-04-19T03:58:01.000Z","volume":2000,"label":" ","price":26.35},{"type":"A","date":"2018-04-19T03:59:56.000Z","volume":2000,"label":" ","price":26.35},{"type":"A","date":"2018-04-19T05:00:00.000Z","volume":4000,"label":"Y","price":26.35},{"type":"A","date":"2018-04-19T05:00:00.000Z","volume":12000,"label":" ","price":26.35},{"type":"A","date":"2018-04-19T05:00:01.000Z","volume":2000,"label":" ","price":26.35},{"type":"A","date":"2018-04-19T05:00:06.000Z","volume":14000,"label":" ","price":26.35},{"type":"A","date":"2018-04-19T05:00:07.000Z","volume":6000,"label":" ","price":26.35},{"type":"A","date":"2018-04-19T05:00:07.000Z","volume":42000,"label":" ","price":26.35},{"type":"A","date":"2018-04-19T05:00:09.000Z","volume":8000,"label":" ","price":26.4},{"type":"A","date":"2018-04-19T05:01:01.000Z","volume":26000,"label":" ","price":26.4},{"type":"A","date":"2018-04-19T05:01:03.000Z","volume":2000,"label":" ","price":26.45},{"type":"A","date":"2018-04-19T05:01:35.000Z","volume":8000,"label":" ","price":26.5},{"type":"B","date":"2018-04-19T05:03:02.000Z","volume":8000,"label":" ","price":26.45},{"type":"A","date":"2018-04-19T05:03:04.000Z","volume":4000,"label":" ","price":26.5},{"type":"A","date":"2018-04-19T05:04:25.000Z","volume":2000,"label":" ","price":26.5},{"type":"A","date":"2018-04-19T05:04:50.000Z","volume":2000,"label":" ","price":26.5},{"type":"A","date":"2018-04-19T05:04:59.000Z","volume":6000,"label":" ","price":26.5},{"type":"B","date":"2018-04-19T05:07:07.000Z","volume":4000,"label":" ","price":26.45},{"type":"B","date":"2018-04-19T05:07:28.000Z","volume":10000,"label":" ","price":26.45},{"type":"B","date":"2018-04-19T05:08:13.000Z","volume":10000,"label":" ","price":26.45},{"type":"B","date":"2018-04-19T05:08:48.000Z","volume":2000,"label":" ","price":26.45},{"type":"B","date":"2018-04-19T05:08:51.000Z","volume":6000,"label":" ","price":26.45},{"type":"B","date":"2018-04-19T05:09:28.000Z","volume":6000,"label":" ","price":26.45},{"type":"A","date":"2018-04-19T05:10:14.000Z","volume":4000,"label":" ","price":26.45},{"type":"A","date":"2018-04-19T05:10:18.000Z","volume":4000,"label":" ","price":26.5},{"type":"B","date":"2018-04-19T05:12:22.000Z","volume":8000,"label":" ","price":26.45},{"type":"A","date":"2018-04-19T05:13:32.000Z","volume":2000,"label":" ","price":26.45},{"type":"B","date":"2018-04-19T05:15:30.000Z","volume":4000,"label":" ","price":26.4},{"type":"B","date":"2018-04-19T05:15:30.000Z","volume":2000,"label":" ","price":26.4},{"type":"B","date":"2018-04-19T05:17:05.000Z","volume":4000,"label":" ","price":26.4},{"type":"B","date":"2018-04-19T05:17:05.000Z","volume":2000,"label":" ","price":26.35},{"type":"A","date":"2018-04-19T05:17:08.000Z","volume":6000,"label":" ","price":26.45},{"type":"B","date":"2018-04-19T05:17:08.000Z","volume":2000,"label":" ","price":26.45},{"type":"A","date":"2018-04-19T05:17:09.000Z","volume":4000,"label":" ","price":26.5},{"type":"A","date":"2018-04-19T05:18:49.000Z","volume":2000,"label":" ","price":26.45},{"type":"B","date":"2018-04-19T05:19:10.000Z","volume":2000,"label":" ","price":26.45},{"type":"A","date":"2018-04-19T05:19:38.000Z","volume":2000,"label":" ","price":26.5},{"type":"B","date":"2018-04-19T05:19:52.000Z","volume":2000,"label":" ","price":26.45},{"type":"B","date":"2018-04-19T05:19:54.000Z","volume":4000,"label":" ","price":26.45},{"type":"B","date":"2018-04-19T05:20:04.000Z","volume":2000,"label":" ","price":26.4},{"type":"B","date":"2018-04-19T05:21:20.000Z","volume":6000,"label":" ","price":26.4},{"type":"A","date":"2018-04-19T05:21:21.000Z","volume":6000,"label":" ","price":26.4},{"type":"A","date":"2018-04-19T05:21:22.000Z","volume":4000,"label":" ","price":26.45},{"type":"B","date":"2018-04-19T05:22:12.000Z","volume":4000,"label":" ","price":26.35},{"type":"A","date":"2018-04-19T05:22:14.000Z","volume":2000,"label":" ","price":26.35},{"type":"A","date":"2018-04-19T05:25:16.000Z","volume":2000,"label":" ","price":26.4},{"type":"A","date":"2018-04-19T05:25:17.000Z","volume":2000,"label":" ","price":26.4},{"type":"B","date":"2018-04-19T05:25:51.000Z","volume":4000,"label":" ","price":26.35},{"type":"A","date":"2018-04-19T05:25:53.000Z","volume":2000,"label":" ","price":26.35},{"type":"B","date":"2018-04-19T05:27:31.000Z","volume":2000,"label":" ","price":26.3},{"type":"B","date":"2018-04-19T05:27:49.000Z","volume":2000,"label":" ","price":26.35},{"type":"B","date":"2018-04-19T05:27:49.000Z","volume":2000,"label":" ","price":26.3},{"type":"B","date":"2018-04-19T05:28:06.000Z","volume":8000,"label":" ","price":26.3},{"type":"U","date":"2018-04-19T05:28:06.000Z","volume":2000,"label":" ","price":26.35},{"type":"U","date":"2018-04-19T05:29:14.000Z","volume":4000,"label":" ","price":26.35},{"type":"B","date":"2018-04-19T05:30:19.000Z","volume":2000,"label":" ","price":26.35},{"type":"B","date":"2018-04-19T05:30:20.000Z","volume":4000,"label":" ","price":26.35},{"type":"A","date":"2018-04-19T05:30:48.000Z","volume":2000,"label":" ","price":26.4},{"type":"A","date":"2018-04-19T05:31:09.000Z","volume":2000,"label":" ","price":26.4},{"type":"A","date":"2018-04-19T05:31:47.000Z","volume":4000,"label":" ","price":26.4},{"type":"A","date":"2018-04-19T05:34:29.000Z","volume":14000,"label":" ","price":26.4},{"type":"B","date":"2018-04-19T05:34:29.000Z","volume":6000,"label":" ","price":26.4},{"type":"B","date":"2018-04-19T05:34:29.000Z","volume":2000,"label":" ","price":26.4},{"type":"B","date":"2018-04-19T05:34:31.000Z","volume":4000,"label":" ","price":26.4},{"type":"A","date":"2018-04-19T05:34:31.000Z","volume":6000,"label":" ","price":26.45},{"type":"A","date":"2018-04-19T05:35:02.000Z","volume":2000,"label":" ","price":26.45},{"type":"A","date":"2018-04-19T05:36:31.000Z","volume":4000,"label":" ","price":26.45},{"type":"U","date":"2018-04-19T05:39:36.000Z","volume":4000,"label":" ","price":26.35},{"type":"A","date":"2018-04-19T05:39:36.000Z","volume":2000,"label":" ","price":26.4},{"type":"A","date":"2018-04-19T05:42:36.000Z","volume":2000,"label":" ","price":26.4},{"type":"B","date":"2018-04-19T05:45:22.000Z","volume":10000,"label":" ","price":26.35},{"type":"B","date":"2018-04-19T05:45:22.000Z","volume":6000,"label":" ","price":26.35},{"type":"A","date":"2018-04-19T05:45:33.000Z","volume":4000,"label":" ","price":26.4},{"type":"A","date":"2018-04-19T05:45:43.000Z","volume":2000,"label":" ","price":26.35},{"type":"A","date":"2018-04-19T05:45:47.000Z","volume":2000,"label":" ","price":26.35},{"type":"B","date":"2018-04-19T05:47:06.000Z","volume":32000,"label":" ","price":26.3},{"type":"A","date":"2018-04-19T05:47:38.000Z","volume":2000,"label":" ","price":26.35},{"type":"B","date":"2018-04-19T05:49:31.000Z","volume":2000,"label":" ","price":26.3},{"type":"A","date":"2018-04-19T05:50:55.000Z","volume":2000,"label":" ","price":26.35},{"type":"B","date":"2018-04-19T05:51:12.000Z","volume":8000,"label":" ","price":26.3},{"type":"A","date":"2018-04-19T05:51:14.000Z","volume":10000,"label":" ","price":26.3},{"type":"A","date":"2018-04-19T05:51:33.000Z","volume":12000,"label":" ","price":26.35},{"type":"B","date":"2018-04-19T05:51:34.000Z","volume":4000,"label":" ","price":26.35},{"type":"B","date":"2018-04-19T05:53:47.000Z","volume":2000,"label":" ","price":26.3},{"type":"B","date":"2018-04-19T05:56:14.000Z","volume":2000,"label":" ","price":26.3},{"type":"B","date":"2018-04-19T05:57:46.000Z","volume":4000,"label":" ","price":26.3},{"type":"B","date":"2018-04-19T05:57:46.000Z","volume":2000,"label":" ","price":26.3},{"type":"B","date":"2018-04-19T05:57:46.000Z","volume":2000,"label":" ","price":26.3},{"type":"B","date":"2018-04-19T06:01:03.000Z","volume":32000,"label":" ","price":26.25},{"type":"A","date":"2018-04-19T06:01:51.000Z","volume":6000,"label":" ","price":26.3},{"type":"B","date":"2018-04-19T06:03:05.000Z","volume":16000,"label":" ","price":26.2},{"type":"B","date":"2018-04-19T06:03:57.000Z","volume":4000,"label":" ","price":26.2},{"type":"B","date":"2018-04-19T06:04:18.000Z","volume":10000,"label":" ","price":26.2},{"type":"B","date":"2018-04-19T06:05:03.000Z","volume":2000,"label":" ","price":26.15},{"type":"B","date":"2018-04-19T06:05:04.000Z","volume":6000,"label":" ","price":26.15},{"type":"B","date":"2018-04-19T06:05:12.000Z","volume":2000,"label":" ","price":26.15},{"type":"B","date":"2018-04-19T06:05:16.000Z","volume":4000,"label":" ","price":26.15},{"type":"B","date":"2018-04-19T06:05:16.000Z","volume":2000,"label":" ","price":26.15},{"type":"B","date":"2018-04-19T06:05:18.000Z","volume":8000,"label":" ","price":26.15},{"type":"A","date":"2018-04-19T06:05:58.000Z","volume":4000,"label":" ","price":26.15},{"type":"B","date":"2018-04-19T06:06:20.000Z","volume":12000,"label":" ","price":26.1},{"type":"A","date":"2018-04-19T06:07:03.000Z","volume":14000,"label":" ","price":26.1},{"type":"A","date":"2018-04-19T06:07:03.000Z","volume":38000,"label":" ","price":26.1},{"type":"B","date":"2018-04-19T06:07:23.000Z","volume":12000,"label":" ","price":26.1},{"type":"B","date":"2018-04-19T06:07:23.000Z","volume":6000,"label":" ","price":26.05},{"type":"B","date":"2018-04-19T06:07:57.000Z","volume":2000,"label":" ","price":26.1},{"type":"B","date":"2018-04-19T06:08:03.000Z","volume":22000,"label":" ","price":26.05},{"type":"B","date":"2018-04-19T06:08:16.000Z","volume":2000,"label":" ","price":26.05},{"type":"A","date":"2018-04-19T06:08:38.000Z","volume":2000,"label":" ","price":26.1},{"type":"A","date":"2018-04-19T06:10:02.000Z","volume":2000,"label":" ","price":26.1},{"type":"B","date":"2018-04-19T06:10:05.000Z","volume":2000,"label":"Y","price":26.05},{"type":"B","date":"2018-04-19T06:10:05.000Z","volume":22000,"label":" ","price":26.05},{"type":"A","date":"2018-04-19T06:10:11.000Z","volume":16000,"label":" ","price":26.05},{"type":"A","date":"2018-04-19T06:10:28.000Z","volume":4000,"label":" ","price":26.05},{"type":"A","date":"2018-04-19T06:10:34.000Z","volume":10000,"label":" ","price":26.05},{"type":"A","date":"2018-04-19T06:10:34.000Z","volume":12000,"label":" ","price":26.05},{"type":"A","date":"2018-04-19T06:10:34.000Z","volume":26000,"label":" ","price":26.05},{"type":"A","date":"2018-04-19T06:10:34.000Z","volume":8000,"label":" ","price":26.05},{"type":"A","date":"2018-04-19T06:10:59.000Z","volume":2000,"label":" ","price":26.05},{"type":"A","date":"2018-04-19T06:11:16.000Z","volume":14000,"label":" ","price":26.1},{"type":"A","date":"2018-04-19T06:11:53.000Z","volume":2000,"label":" ","price":26.1},{"type":"B","date":"2018-04-19T06:12:17.000Z","volume":2000,"label":" ","price":26.1},{"type":"B","date":"2018-04-19T06:12:23.000Z","volume":8000,"label":" ","price":26.1},{"type":"A","date":"2018-04-19T06:12:35.000Z","volume":2000,"label":" ","price":26.1},{"type":"B","date":"2018-04-19T06:12:43.000Z","volume":2000,"label":" ","price":26.05},{"type":"B","date":"2018-04-19T06:13:14.000Z","volume":6000,"label":" ","price":26.05},{"type":"A","date":"2018-04-19T06:13:27.000Z","volume":2000,"label":"Y","price":26.05},{"type":"A","date":"2018-04-19T06:13:33.000Z","volume":2000,"label":"Y","price":26.05},{"type":"B","date":"2018-04-19T06:13:41.000Z","volume":30000,"label":" ","price":26},{"type":"B","date":"2018-04-19T06:13:56.000Z","volume":2000,"label":"Y","price":26},{"type":"B","date":"2018-04-19T06:13:56.000Z","volume":28000,"label":" ","price":26},{"type":"B","date":"2018-04-19T06:13:57.000Z","volume":20000,"label":" ","price":26},{"type":"B","date":"2018-04-19T06:14:14.000Z","volume":10000,"label":" ","price":26},{"type":"U","date":"2018-04-19T06:15:31.000Z","volume":1500,"label":"D","price":25.75},{"type":"B","date":"2018-04-19T06:15:38.000Z","volume":2000,"label":"Y","price":25.95},{"type":"B","date":"2018-04-19T06:15:38.000Z","volume":20000,"label":" ","price":25.95},{"type":"B","date":"2018-04-19T06:15:44.000Z","volume":2000,"label":" ","price":25.95},{"type":"B","date":"2018-04-19T06:16:04.000Z","volume":16000,"label":" ","price":25.95},{"type":"B","date":"2018-04-19T06:16:12.000Z","volume":18000,"label":" ","price":25.95},{"type":"B","date":"2018-04-19T06:16:12.000Z","volume":28000,"label":" ","price":25.9},{"type":"A","date":"2018-04-19T06:16:12.000Z","volume":20000,"label":" ","price":25.9},{"type":"A","date":"2018-04-19T06:16:13.000Z","volume":2000,"label":"Y","price":26.05},{"type":"U","date":"2018-04-19T06:16:26.000Z","volume":2000,"label":" ","price":26},{"type":"B","date":"2018-04-19T06:16:48.000Z","volume":10000,"label":" ","price":25.9},{"type":"A","date":"2018-04-19T06:17:15.000Z","volume":2000,"label":" ","price":26},{"type":"B","date":"2018-04-19T06:17:25.000Z","volume":10000,"label":" ","price":25.95},{"type":"A","date":"2018-04-19T06:18:07.000Z","volume":2000,"label":" ","price":26},{"type":"A","date":"2018-04-19T06:18:43.000Z","volume":22000,"label":" ","price":26},{"type":"B","date":"2018-04-19T06:19:08.000Z","volume":6000,"label":" ","price":26},{"type":"B","date":"2018-04-19T06:19:09.000Z","volume":4000,"label":" ","price":26},{"type":"A","date":"2018-04-19T06:19:09.000Z","volume":6000,"label":" ","price":26},{"type":"A","date":"2018-04-19T06:19:14.000Z","volume":2000,"label":" ","price":26.05},{"type":"A","date":"2018-04-19T06:19:51.000Z","volume":4000,"label":" ","price":26.05},{"type":"B","date":"2018-04-19T06:20:01.000Z","volume":4000,"label":" ","price":26},{"type":"A","date":"2018-04-19T06:20:02.000Z","volume":6000,"label":" ","price":26},{"type":"B","date":"2018-04-19T06:20:33.000Z","volume":4000,"label":" ","price":25.95},{"type":"B","date":"2018-04-19T06:20:33.000Z","volume":2000,"label":"Y","price":25.9},{"type":"B","date":"2018-04-19T06:20:33.000Z","volume":46000,"label":" ","price":25.9},{"type":"B","date":"2018-04-19T06:21:15.000Z","volume":10000,"label":"Y","price":26},{"type":"B","date":"2018-04-19T06:21:15.000Z","volume":2000,"label":" ","price":26},{"type":"A","date":"2018-04-19T06:21:15.000Z","volume":20000,"label":" ","price":26},{"type":"A","date":"2018-04-19T06:21:24.000Z","volume":10000,"label":" ","price":26},{"type":"A","date":"2018-04-19T06:21:40.000Z","volume":2000,"label":" ","price":26},{"type":"B","date":"2018-04-19T06:22:05.000Z","volume":2000,"label":" ","price":26},{"type":"B","date":"2018-04-19T06:22:33.000Z","volume":6000,"label":" ","price":26},{"type":"A","date":"2018-04-19T06:22:33.000Z","volume":4000,"label":" ","price":26},{"type":"A","date":"2018-04-19T06:22:58.000Z","volume":4000,"label":" ","price":26},{"type":"B","date":"2018-04-19T06:23:23.000Z","volume":2000,"label":"Y","price":25.95},{"type":"B","date":"2018-04-19T06:23:23.000Z","volume":8000,"label":" ","price":25.95},{"type":"B","date":"2018-04-19T06:24:56.000Z","volume":4000,"label":" ","price":25.95},{"type":"A","date":"2018-04-19T06:25:02.000Z","volume":2000,"label":" ","price":26},{"type":"B","date":"2018-04-19T06:26:12.000Z","volume":12000,"label":" ","price":25.95},{"type":"B","date":"2018-04-19T06:26:12.000Z","volume":2000,"label":" ","price":25.95},{"type":"A","date":"2018-04-19T06:26:26.000Z","volume":10000,"label":" ","price":25.95},{"type":"B","date":"2018-04-19T06:26:54.000Z","volume":2000,"label":"Y","price":25.95},{"type":"A","date":"2018-04-19T06:28:04.000Z","volume":10000,"label":" ","price":25.95},{"type":"B","date":"2018-04-19T06:28:34.000Z","volume":2000,"label":"Y","price":25.95},{"type":"A","date":"2018-04-19T06:28:52.000Z","volume":66000,"label":" ","price":26},{"type":"B","date":"2018-04-19T06:29:02.000Z","volume":2000,"label":" ","price":26},{"type":"B","date":"2018-04-19T06:29:03.000Z","volume":2000,"label":"Y","price":25.95},{"type":"B","date":"2018-04-19T06:29:03.000Z","volume":8000,"label":" ","price":25.95},{"type":"B","date":"2018-04-19T06:29:43.000Z","volume":8000,"label":"Y","price":25.9},{"type":"B","date":"2018-04-19T06:29:43.000Z","volume":2000,"label":" ","price":25.9},{"type":"A","date":"2018-04-19T06:29:53.000Z","volume":2000,"label":" ","price":25.95},{"type":"B","date":"2018-04-19T06:30:05.000Z","volume":4000,"label":" ","price":25.9},{"type":"B","date":"2018-04-19T06:30:38.000Z","volume":2000,"label":" ","price":25.9},{"type":"A","date":"2018-04-19T06:32:29.000Z","volume":2000,"label":" ","price":25.95},{"type":"A","date":"2018-04-19T06:33:14.000Z","volume":4000,"label":" ","price":26},{"type":"A","date":"2018-04-19T06:35:34.000Z","volume":2000,"label":" ","price":26},{"type":"A","date":"2018-04-19T06:35:34.000Z","volume":8000,"label":" ","price":26},{"type":"A","date":"2018-04-19T06:36:10.000Z","volume":4000,"label":" ","price":25.95},{"type":"A","date":"2018-04-19T06:38:04.000Z","volume":2000,"label":" ","price":26.05},{"type":"U","date":"2018-04-19T06:38:34.000Z","volume":2000,"label":" ","price":26},{"type":"A","date":"2018-04-19T06:38:52.000Z","volume":44000,"label":" ","price":26.05},{"type":"A","date":"2018-04-19T06:38:52.000Z","volume":6000,"label":" ","price":26.1},{"type":"B","date":"2018-04-19T06:39:36.000Z","volume":2000,"label":" ","price":26.05},{"type":"B","date":"2018-04-19T06:39:36.000Z","volume":8000,"label":" ","price":26.05},{"type":"A","date":"2018-04-19T06:41:55.000Z","volume":22000,"label":" ","price":26.1},{"type":"A","date":"2018-04-19T06:42:10.000Z","volume":2000,"label":" ","price":26.1},{"type":"B","date":"2018-04-19T06:43:09.000Z","volume":6000,"label":" ","price":26.05},{"type":"A","date":"2018-04-19T06:43:16.000Z","volume":2000,"label":"Y","price":26.05},{"type":"A","date":"2018-04-19T06:44:00.000Z","volume":22000,"label":" ","price":26.05},{"type":"A","date":"2018-04-19T06:45:05.000Z","volume":4000,"label":" ","price":26.05},{"type":"B","date":"2018-04-19T06:45:21.000Z","volume":2000,"label":" ","price":26},{"type":"A","date":"2018-04-19T06:46:03.000Z","volume":2000,"label":" ","price":26.05},{"type":"B","date":"2018-04-19T06:48:30.000Z","volume":2000,"label":" ","price":26},{"type":"B","date":"2018-04-19T06:49:48.000Z","volume":2000,"label":" ","price":26},{"type":"A","date":"2018-04-19T06:51:24.000Z","volume":2000,"label":" ","price":26.05},{"type":"A","date":"2018-04-19T06:51:26.000Z","volume":2000,"label":" ","price":26.05},{"type":"A","date":"2018-04-19T06:52:37.000Z","volume":2000,"label":" ","price":26.05},{"type":"A","date":"2018-04-19T06:52:41.000Z","volume":4000,"label":"Y","price":26.05},{"type":"A","date":"2018-04-19T06:53:29.000Z","volume":2000,"label":" ","price":26.05},{"type":"A","date":"2018-04-19T06:53:59.000Z","volume":2000,"label":" ","price":26.05},{"type":"A","date":"2018-04-19T06:54:18.000Z","volume":2000,"label":" ","price":26.05},{"type":"A","date":"2018-04-19T06:54:28.000Z","volume":2000,"label":" ","price":26.05},{"type":"B","date":"2018-04-19T06:55:28.000Z","volume":20000,"label":" ","price":26},{"type":"A","date":"2018-04-19T06:55:30.000Z","volume":16000,"label":" ","price":26.05},{"type":"B","date":"2018-04-19T06:55:44.000Z","volume":2000,"label":" ","price":26},{"type":"A","date":"2018-04-19T06:57:00.000Z","volume":2000,"label":" ","price":26.05},{"type":"A","date":"2018-04-19T06:57:06.000Z","volume":2000,"label":" ","price":26.05},{"type":"A","date":"2018-04-19T06:59:39.000Z","volume":2000,"label":" ","price":26.05},{"type":"A","date":"2018-04-19T07:00:00.000Z","volume":10000,"label":" ","price":26.05},{"type":"A","date":"2018-04-19T07:00:00.000Z","volume":12000,"label":" ","price":26.05},{"type":"A","date":"2018-04-19T07:00:00.000Z","volume":2000,"label":" ","price":26.1},{"type":"A","date":"2018-04-19T07:00:46.000Z","volume":2000,"label":" ","price":26.05},{"type":"A","date":"2018-04-19T07:01:08.000Z","volume":2000,"label":" ","price":26.05},{"type":"A","date":"2018-04-19T07:01:10.000Z","volume":2000,"label":" ","price":26.05},{"type":"A","date":"2018-04-19T07:01:17.000Z","volume":2000,"label":" ","price":26.05},{"type":"A","date":"2018-04-19T07:01:29.000Z","volume":16000,"label":" ","price":26.05},{"type":"A","date":"2018-04-19T07:01:49.000Z","volume":26000,"label":" ","price":26.05},{"type":"B","date":"2018-04-19T07:04:05.000Z","volume":4000,"label":" ","price":26.05},{"type":"A","date":"2018-04-19T07:04:17.000Z","volume":2000,"label":"Y","price":26.1},{"type":"A","date":"2018-04-19T07:04:17.000Z","volume":2000,"label":" ","price":26.1},{"type":"A","date":"2018-04-19T07:04:35.000Z","volume":2000,"label":" ","price":26.1},{"type":"A","date":"2018-04-19T07:04:47.000Z","volume":2000,"label":" ","price":26.1},{"type":"A","date":"2018-04-19T07:04:47.000Z","volume":2000,"label":" ","price":26.1},{"type":"A","date":"2018-04-19T07:05:07.000Z","volume":24000,"label":" ","price":26.15},{"type":"A","date":"2018-04-19T07:05:23.000Z","volume":2000,"label":" ","price":26.15},{"type":"A","date":"2018-04-19T07:05:33.000Z","volume":2000,"label":" ","price":26.15},{"type":"B","date":"2018-04-19T07:06:16.000Z","volume":4000,"label":" ","price":26.05},{"type":"B","date":"2018-04-19T07:06:40.000Z","volume":4000,"label":" ","price":26.05},{"type":"B","date":"2018-04-19T07:07:49.000Z","volume":12000,"label":" ","price":26.05},{"type":"B","date":"2018-04-19T07:08:36.000Z","volume":6000,"label":" ","price":26.05},{"type":"A","date":"2018-04-19T07:09:40.000Z","volume":18000,"label":" ","price":26.1},{"type":"B","date":"2018-04-19T07:09:40.000Z","volume":2000,"label":" ","price":26.1},{"type":"A","date":"2018-04-19T07:11:11.000Z","volume":2000,"label":" ","price":26.1},{"type":"A","date":"2018-04-19T07:13:10.000Z","volume":4000,"label":"Y","price":26.1},{"type":"B","date":"2018-04-19T07:15:01.000Z","volume":2000,"label":" ","price":26.05},{"type":"B","date":"2018-04-19T07:15:01.000Z","volume":36000,"label":" ","price":26.05},{"type":"A","date":"2018-04-19T07:16:00.000Z","volume":2000,"label":" ","price":26.1},{"type":"B","date":"2018-04-19T07:17:40.000Z","volume":2000,"label":"Y","price":26.05},{"type":"B","date":"2018-04-19T07:17:40.000Z","volume":2000,"label":" ","price":26.05},{"type":"B","date":"2018-04-19T07:18:58.000Z","volume":4000,"label":" ","price":26.05},{"type":"A","date":"2018-04-19T07:19:32.000Z","volume":2000,"label":" ","price":26.05},{"type":"A","date":"2018-04-19T07:19:32.000Z","volume":2000,"label":" ","price":26.05},{"type":"A","date":"2018-04-19T07:21:54.000Z","volume":2000,"label":" ","price":26.1},{"type":"A","date":"2018-04-19T07:22:47.000Z","volume":2000,"label":" ","price":26.1},{"type":"A","date":"2018-04-19T07:24:32.000Z","volume":4000,"label":" ","price":26.1},{"type":"B","date":"2018-04-19T07:24:47.000Z","volume":2000,"label":" ","price":26.05},{"type":"A","date":"2018-04-19T07:25:19.000Z","volume":2000,"label":" ","price":26.1},{"type":"B","date":"2018-04-19T07:25:25.000Z","volume":4000,"label":"Y","price":26.05},{"type":"B","date":"2018-04-19T07:25:25.000Z","volume":2000,"label":" ","price":26.05},{"type":"B","date":"2018-04-19T07:26:32.000Z","volume":2000,"label":" ","price":26.05},{"type":"B","date":"2018-04-19T07:26:40.000Z","volume":12000,"label":" ","price":26.05},{"type":"A","date":"2018-04-19T07:28:41.000Z","volume":4000,"label":" ","price":26.1},{"type":"A","date":"2018-04-19T07:29:05.000Z","volume":20000,"label":" ","price":26.1},{"type":"A","date":"2018-04-19T07:30:08.000Z","volume":2000,"label":" ","price":26.1},{"type":"A","date":"2018-04-19T07:30:20.000Z","volume":2000,"label":" ","price":26.1},{"type":"A","date":"2018-04-19T07:30:42.000Z","volume":2000,"label":" ","price":26.1},{"type":"B","date":"2018-04-19T07:31:11.000Z","volume":12000,"label":" ","price":26.05},{"type":"A","date":"2018-04-19T07:31:27.000Z","volume":2000,"label":" ","price":26.1},{"type":"B","date":"2018-04-19T07:31:41.000Z","volume":56000,"label":"Y","price":26.05},{"type":"B","date":"2018-04-19T07:31:41.000Z","volume":12000,"label":" ","price":26.05},{"type":"A","date":"2018-04-19T07:31:53.000Z","volume":2000,"label":"Y","price":26.05},{"type":"B","date":"2018-04-19T07:32:47.000Z","volume":2000,"label":" ","price":26},{"type":"B","date":"2018-04-19T07:33:41.000Z","volume":4000,"label":" ","price":26},{"type":"B","date":"2018-04-19T07:34:11.000Z","volume":2000,"label":" ","price":26},{"type":"B","date":"2018-04-19T07:34:41.000Z","volume":4000,"label":" ","price":26},{"type":"B","date":"2018-04-19T07:35:11.000Z","volume":4000,"label":" ","price":26},{"type":"A","date":"2018-04-19T07:36:02.000Z","volume":2000,"label":" ","price":26.05},{"type":"B","date":"2018-04-19T07:36:11.000Z","volume":4000,"label":" ","price":26},{"type":"B","date":"2018-04-19T07:36:47.000Z","volume":2000,"label":" ","price":26},{"type":"B","date":"2018-04-19T07:37:11.000Z","volume":4000,"label":" ","price":26},{"type":"B","date":"2018-04-19T07:37:26.000Z","volume":2000,"label":" ","price":26},{"type":"B","date":"2018-04-19T07:37:41.000Z","volume":4000,"label":" ","price":26},{"type":"B","date":"2018-04-19T07:38:01.000Z","volume":10000,"label":" ","price":26},{"type":"B","date":"2018-04-19T07:38:41.000Z","volume":4000,"label":" ","price":26},{"type":"B","date":"2018-04-19T07:38:59.000Z","volume":2000,"label":"Y","price":26},{"type":"B","date":"2018-04-19T07:38:59.000Z","volume":38000,"label":" ","price":26},{"type":"A","date":"2018-04-19T07:38:59.000Z","volume":2000,"label":" ","price":26.05},{"type":"B","date":"2018-04-19T07:39:41.000Z","volume":4000,"label":" ","price":26},{"type":"B","date":"2018-04-19T07:39:42.000Z","volume":116000,"label":" ","price":26},{"type":"A","date":"2018-04-19T07:39:42.000Z","volume":84000,"label":" ","price":26},{"type":"B","date":"2018-04-19T07:40:19.000Z","volume":100000,"label":" ","price":26},{"type":"B","date":"2018-04-19T07:40:41.000Z","volume":8000,"label":" ","price":26},{"type":"B","date":"2018-04-19T07:40:47.000Z","volume":2000,"label":" ","price":25.95},{"type":"B","date":"2018-04-19T07:41:36.000Z","volume":2000,"label":" ","price":26},{"type":"B","date":"2018-04-19T07:41:42.000Z","volume":16000,"label":" ","price":26},{"type":"B","date":"2018-04-19T07:41:47.000Z","volume":2000,"label":" ","price":26},{"type":"B","date":"2018-04-19T07:42:00.000Z","volume":16000,"label":" ","price":26},{"type":"A","date":"2018-04-19T07:42:00.000Z","volume":4000,"label":" ","price":26},{"type":"A","date":"2018-04-19T07:42:01.000Z","volume":4000,"label":" ","price":26},{"type":"B","date":"2018-04-19T07:42:05.000Z","volume":20000,"label":" ","price":25.95},{"type":"B","date":"2018-04-19T07:42:06.000Z","volume":20000,"label":" ","price":25.95},{"type":"B","date":"2018-04-19T07:42:10.000Z","volume":20000,"label":" ","price":25.95},{"type":"B","date":"2018-04-19T07:42:22.000Z","volume":2000,"label":" ","price":25.95},{"type":"B","date":"2018-04-19T07:42:23.000Z","volume":20000,"label":" ","price":25.95},{"type":"B","date":"2018-04-19T07:42:34.000Z","volume":30000,"label":" ","price":25.95},{"type":"A","date":"2018-04-19T07:43:07.000Z","volume":40000,"label":" ","price":25.95},{"type":"A","date":"2018-04-19T07:43:07.000Z","volume":8000,"label":" ","price":25.95},{"type":"A","date":"2018-04-19T07:43:27.000Z","volume":2000,"label":" ","price":26},{"type":"A","date":"2018-04-19T07:43:33.000Z","volume":254000,"label":" ","price":26},{"type":"A","date":"2018-04-19T07:43:35.000Z","volume":2000,"label":" ","price":26},{"type":"A","date":"2018-04-19T07:43:55.000Z","volume":4000,"label":" ","price":26},{"type":"A","date":"2018-04-19T07:44:10.000Z","volume":2000,"label":" ","price":26},{"type":"A","date":"2018-04-19T07:44:12.000Z","volume":2000,"label":" ","price":26},{"type":"A","date":"2018-04-19T07:44:22.000Z","volume":2000,"label":" ","price":26},{"type":"A","date":"2018-04-19T07:44:31.000Z","volume":2000,"label":" ","price":26},{"type":"A","date":"2018-04-19T07:44:32.000Z","volume":2000,"label":" ","price":26},{"type":"B","date":"2018-04-19T07:44:47.000Z","volume":2000,"label":" ","price":25.95},{"type":"A","date":"2018-04-19T07:44:52.000Z","volume":2000,"label":" ","price":26},{"type":"B","date":"2018-04-19T07:44:56.000Z","volume":2000,"label":" ","price":25.95},{"type":"B","date":"2018-04-19T07:45:04.000Z","volume":2000,"label":" ","price":25.95},{"type":"B","date":"2018-04-19T07:45:07.000Z","volume":2000,"label":" ","price":25.95},{"type":"B","date":"2018-04-19T07:45:07.000Z","volume":2000,"label":" ","price":25.95},{"type":"A","date":"2018-04-19T07:45:28.000Z","volume":2000,"label":" ","price":26},{"type":"B","date":"2018-04-19T07:45:28.000Z","volume":2000,"label":" ","price":25.95},{"type":"B","date":"2018-04-19T07:45:34.000Z","volume":2000,"label":" ","price":25.95},{"type":"B","date":"2018-04-19T07:45:38.000Z","volume":2000,"label":" ","price":25.95},{"type":"B","date":"2018-04-19T07:45:40.000Z","volume":2000,"label":" ","price":25.95},{"type":"B","date":"2018-04-19T07:45:54.000Z","volume":8000,"label":" ","price":25.95},{"type":"B","date":"2018-04-19T07:46:04.000Z","volume":6000,"label":" ","price":25.95},{"type":"B","date":"2018-04-19T07:46:09.000Z","volume":50000,"label":" ","price":25.9},{"type":"B","date":"2018-04-19T07:46:13.000Z","volume":20000,"label":" ","price":25.9},{"type":"B","date":"2018-04-19T07:46:13.000Z","volume":2000,"label":" ","price":25.9},{"type":"B","date":"2018-04-19T07:46:19.000Z","volume":2000,"label":" ","price":25.9},{"type":"B","date":"2018-04-19T07:46:19.000Z","volume":4000,"label":" ","price":25.9},{"type":"B","date":"2018-04-19T07:46:20.000Z","volume":2000,"label":" ","price":25.9},{"type":"B","date":"2018-04-19T07:46:23.000Z","volume":10000,"label":" ","price":25.9},{"type":"B","date":"2018-04-19T07:46:24.000Z","volume":2000,"label":" ","price":25.9},{"type":"B","date":"2018-04-19T07:46:45.000Z","volume":2000,"label":" ","price":25.9},{"type":"B","date":"2018-04-19T07:46:50.000Z","volume":2000,"label":" ","price":25.9},{"type":"B","date":"2018-04-19T07:46:52.000Z","volume":2000,"label":" ","price":25.9},{"type":"B","date":"2018-04-19T07:47:02.000Z","volume":20000,"label":" ","price":25.9},{"type":"B","date":"2018-04-19T07:47:08.000Z","volume":2000,"label":" ","price":25.9},{"type":"B","date":"2018-04-19T07:47:08.000Z","volume":2000,"label":"Y","price":25.9},{"type":"B","date":"2018-04-19T07:47:15.000Z","volume":2000,"label":" ","price":25.9},{"type":"A","date":"2018-04-19T07:47:21.000Z","volume":2000,"label":" ","price":25.95},{"type":"B","date":"2018-04-19T07:47:24.000Z","volume":20000,"label":" ","price":25.9},{"type":"B","date":"2018-04-19T07:47:31.000Z","volume":10000,"label":" ","price":25.9},{"type":"B","date":"2018-04-19T07:47:32.000Z","volume":2000,"label":" ","price":25.9},{"type":"B","date":"2018-04-19T07:47:43.000Z","volume":2000,"label":" ","price":25.85},{"type":"B","date":"2018-04-19T07:47:49.000Z","volume":2000,"label":" ","price":25.85},{"type":"B","date":"2018-04-19T07:48:00.000Z","volume":2000,"label":" ","price":25.85},{"type":"A","date":"2018-04-19T07:48:01.000Z","volume":2000,"label":" ","price":25.9},{"type":"B","date":"2018-04-19T07:48:04.000Z","volume":2000,"label":" ","price":25.85},{"type":"A","date":"2018-04-19T07:48:10.000Z","volume":10000,"label":" ","price":25.9},{"type":"B","date":"2018-04-19T07:48:10.000Z","volume":2000,"label":" ","price":25.85},{"type":"B","date":"2018-04-19T07:48:20.000Z","volume":2000,"label":" ","price":25.85},{"type":"A","date":"2018-04-19T07:48:22.000Z","volume":6000,"label":" ","price":25.9},{"type":"A","date":"2018-04-19T07:48:27.000Z","volume":2000,"label":"Y","price":25.9},{"type":"A","date":"2018-04-19T07:48:27.000Z","volume":4000,"label":" ","price":25.9},{"type":"A","date":"2018-04-19T07:48:37.000Z","volume":16000,"label":" ","price":25.95},{"type":"B","date":"2018-04-19T07:48:43.000Z","volume":4000,"label":" ","price":25.95},{"type":"B","date":"2018-04-19T07:48:49.000Z","volume":4000,"label":" ","price":25.95},{"type":"B","date":"2018-04-19T07:49:13.000Z","volume":2000,"label":"Y","price":25.9},{"type":"B","date":"2018-04-19T07:49:15.000Z","volume":2000,"label":" ","price":25.9},{"type":"B","date":"2018-04-19T07:49:17.000Z","volume":2000,"label":" ","price":25.9},{"type":"B","date":"2018-04-19T07:49:19.000Z","volume":2000,"label":" ","price":25.9},{"type":"B","date":"2018-04-19T07:49:25.000Z","volume":2000,"label":"Y","price":25.9},{"type":"B","date":"2018-04-19T07:49:26.000Z","volume":2000,"label":" ","price":25.9},{"type":"B","date":"2018-04-19T07:49:35.000Z","volume":2000,"label":" ","price":25.9},{"type":"B","date":"2018-04-19T07:49:55.000Z","volume":2000,"label":" ","price":25.9},{"type":"A","date":"2018-04-19T07:50:12.000Z","volume":2000,"label":" ","price":25.95},{"type":"B","date":"2018-04-19T07:50:13.000Z","volume":2000,"label":" ","price":25.9},{"type":"B","date":"2018-04-19T07:50:14.000Z","volume":2000,"label":" ","price":25.9},{"type":"B","date":"2018-04-19T07:50:25.000Z","volume":2000,"label":" ","price":25.9},{"type":"B","date":"2018-04-19T07:50:30.000Z","volume":2000,"label":" ","price":25.9},{"type":"B","date":"2018-04-19T07:50:31.000Z","volume":2000,"label":" ","price":25.9},{"type":"B","date":"2018-04-19T07:50:33.000Z","volume":2000,"label":" ","price":25.9},{"type":"B","date":"2018-04-19T07:50:33.000Z","volume":2000,"label":" ","price":25.9},{"type":"B","date":"2018-04-19T07:50:37.000Z","volume":2000,"label":" ","price":25.9},{"type":"B","date":"2018-04-19T07:50:39.000Z","volume":2000,"label":" ","price":25.9},{"type":"A","date":"2018-04-19T07:50:57.000Z","volume":2000,"label":" ","price":25.95},{"type":"B","date":"2018-04-19T07:50:59.000Z","volume":2000,"label":" ","price":25.9},{"type":"B","date":"2018-04-19T07:51:15.000Z","volume":2000,"label":" ","price":25.9},{"type":"B","date":"2018-04-19T07:51:15.000Z","volume":2000,"label":" ","price":25.9},{"type":"B","date":"2018-04-19T07:51:16.000Z","volume":2000,"label":" ","price":25.9},{"type":"B","date":"2018-04-19T07:51:20.000Z","volume":10000,"label":" ","price":25.9},{"type":"B","date":"2018-04-19T07:51:22.000Z","volume":4000,"label":" ","price":25.9},{"type":"B","date":"2018-04-19T07:51:30.000Z","volume":2000,"label":" ","price":25.9},{"type":"A","date":"2018-04-19T07:51:49.000Z","volume":4000,"label":" ","price":25.95},{"type":"B","date":"2018-04-19T07:51:51.000Z","volume":2000,"label":" ","price":25.9},{"type":"A","date":"2018-04-19T07:51:52.000Z","volume":10000,"label":" ","price":25.95},{"type":"B","date":"2018-04-19T07:51:53.000Z","volume":2000,"label":" ","price":25.9},{"type":"B","date":"2018-04-19T07:51:54.000Z","volume":4000,"label":" ","price":25.9},{"type":"B","date":"2018-04-19T07:51:57.000Z","volume":4000,"label":" ","price":25.9},{"type":"B","date":"2018-04-19T07:52:01.000Z","volume":2000,"label":" ","price":25.9},{"type":"B","date":"2018-04-19T07:52:01.000Z","volume":4000,"label":" ","price":25.9},{"type":"B","date":"2018-04-19T07:52:02.000Z","volume":4000,"label":" ","price":25.9},{"type":"B","date":"2018-04-19T07:52:02.000Z","volume":2000,"label":" ","price":25.9},{"type":"B","date":"2018-04-19T07:52:05.000Z","volume":2000,"label":" ","price":25.9},{"type":"B","date":"2018-04-19T07:52:16.000Z","volume":2000,"label":" ","price":25.9},{"type":"B","date":"2018-04-19T07:52:16.000Z","volume":2000,"label":" ","price":25.9},{"type":"B","date":"2018-04-19T07:52:18.000Z","volume":2000,"label":" ","price":25.9},{"type":"A","date":"2018-04-19T07:52:23.000Z","volume":2000,"label":" ","price":25.9},{"type":"B","date":"2018-04-19T07:52:35.000Z","volume":2000,"label":" ","price":25.9},{"type":"B","date":"2018-04-19T07:52:55.000Z","volume":2000,"label":" ","price":25.9},{"type":"B","date":"2018-04-19T07:52:56.000Z","volume":2000,"label":" ","price":25.9},{"type":"A","date":"2018-04-19T07:53:01.000Z","volume":4000,"label":" ","price":25.95},{"type":"B","date":"2018-04-19T07:53:06.000Z","volume":2000,"label":" ","price":25.9},{"type":"B","date":"2018-04-19T07:53:08.000Z","volume":2000,"label":" ","price":25.9},{"type":"B","date":"2018-04-19T07:53:10.000Z","volume":2000,"label":" ","price":25.9},{"type":"B","date":"2018-04-19T07:53:20.000Z","volume":2000,"label":" ","price":25.9},{"type":"B","date":"2018-04-19T07:53:40.000Z","volume":2000,"label":" ","price":25.9},{"type":"B","date":"2018-04-19T07:53:42.000Z","volume":2000,"label":" ","price":25.9},{"type":"B","date":"2018-04-19T07:53:45.000Z","volume":2000,"label":" ","price":25.9},{"type":"A","date":"2018-04-19T07:53:58.000Z","volume":20000,"label":" ","price":25.95},{"type":"B","date":"2018-04-19T07:53:59.000Z","volume":2000,"label":" ","price":25.9},{"type":"B","date":"2018-04-19T07:53:59.000Z","volume":6000,"label":" ","price":25.9},{"type":"B","date":"2018-04-19T07:54:09.000Z","volume":10000,"label":" ","price":25.9},{"type":"B","date":"2018-04-19T07:54:10.000Z","volume":2000,"label":" ","price":25.9},{"type":"B","date":"2018-04-19T07:54:22.000Z","volume":2000,"label":" ","price":25.9},{"type":"B","date":"2018-04-19T07:54:45.000Z","volume":2000,"label":" ","price":25.9},{"type":"B","date":"2018-04-19T07:54:47.000Z","volume":2000,"label":" ","price":25.9},{"type":"B","date":"2018-04-19T07:54:49.000Z","volume":2000,"label":" ","price":25.9},{"type":"B","date":"2018-04-19T07:54:50.000Z","volume":10000,"label":" ","price":25.9},{"type":"B","date":"2018-04-19T07:54:51.000Z","volume":4000,"label":" ","price":25.9},{"type":"B","date":"2018-04-19T07:54:58.000Z","volume":2000,"label":" ","price":25.9},{"type":"B","date":"2018-04-19T07:55:14.000Z","volume":2000,"label":" ","price":25.9},{"type":"B","date":"2018-04-19T07:55:20.000Z","volume":2000,"label":" ","price":25.9},{"type":"B","date":"2018-04-19T07:55:21.000Z","volume":2000,"label":" ","price":25.9},{"type":"B","date":"2018-04-19T07:55:25.000Z","volume":2000,"label":" ","price":25.9},{"type":"B","date":"2018-04-19T07:55:25.000Z","volume":2000,"label":" ","price":25.9},{"type":"B","date":"2018-04-19T07:55:26.000Z","volume":12000,"label":" ","price":25.9},{"type":"A","date":"2018-04-19T07:55:37.000Z","volume":2000,"label":" ","price":25.9},{"type":"B","date":"2018-04-19T07:55:45.000Z","volume":2000,"label":" ","price":25.85},{"type":"B","date":"2018-04-19T07:55:47.000Z","volume":2000,"label":" ","price":25.85},{"type":"B","date":"2018-04-19T07:55:51.000Z","volume":6000,"label":" ","price":25.85},{"type":"B","date":"2018-04-19T07:56:00.000Z","volume":2000,"label":"Y","price":25.85},{"type":"A","date":"2018-04-19T07:56:02.000Z","volume":10000,"label":" ","price":25.9},{"type":"A","date":"2018-04-19T07:56:07.000Z","volume":10000,"label":" ","price":25.9},{"type":"B","date":"2018-04-19T07:56:08.000Z","volume":2000,"label":"Y","price":25.85},{"type":"A","date":"2018-04-19T07:56:15.000Z","volume":2000,"label":" ","price":25.9},{"type":"B","date":"2018-04-19T07:56:15.000Z","volume":2000,"label":" ","price":25.9},{"type":"B","date":"2018-04-19T07:56:25.000Z","volume":2000,"label":" ","price":25.9},{"type":"A","date":"2018-04-19T07:56:27.000Z","volume":30000,"label":" ","price":25.95},{"type":"B","date":"2018-04-19T07:56:28.000Z","volume":12000,"label":" ","price":25.9},{"type":"B","date":"2018-04-19T07:56:34.000Z","volume":6000,"label":" ","price":25.9},{"type":"A","date":"2018-04-19T07:56:49.000Z","volume":2000,"label":" ","price":25.95},{"type":"B","date":"2018-04-19T07:56:50.000Z","volume":2000,"label":" ","price":25.9},{"type":"B","date":"2018-04-19T07:56:51.000Z","volume":2000,"label":" ","price":25.9},{"type":"B","date":"2018-04-19T07:56:56.000Z","volume":4000,"label":" ","price":25.9},{"type":"B","date":"2018-04-19T07:56:57.000Z","volume":2000,"label":" ","price":25.9},{"type":"B","date":"2018-04-19T07:56:58.000Z","volume":2000,"label":" ","price":25.9},{"type":"B","date":"2018-04-19T07:57:01.000Z","volume":2000,"label":" ","price":25.9},{"type":"B","date":"2018-04-19T07:57:25.000Z","volume":2000,"label":" ","price":25.9},{"type":"B","date":"2018-04-19T07:57:27.000Z","volume":2000,"label":" ","price":25.9},{"type":"A","date":"2018-04-19T07:57:32.000Z","volume":20000,"label":" ","price":25.95},{"type":"B","date":"2018-04-19T07:57:50.000Z","volume":2000,"label":" ","price":25.9},{"type":"B","date":"2018-04-19T07:57:56.000Z","volume":2000,"label":" ","price":25.9},{"type":"B","date":"2018-04-19T07:58:11.000Z","volume":28000,"label":" ","price":25.9},{"type":"A","date":"2018-04-19T07:58:29.000Z","volume":20000,"label":" ","price":25.9},{"type":"B","date":"2018-04-19T07:58:29.000Z","volume":2000,"label":" ","price":25.85},{"type":"B","date":"2018-04-19T07:58:29.000Z","volume":2000,"label":" ","price":25.85},{"type":"B","date":"2018-04-19T07:58:40.000Z","volume":2000,"label":" ","price":25.85},{"type":"A","date":"2018-04-19T07:58:42.000Z","volume":2000,"label":" ","price":25.9},{"type":"A","date":"2018-04-19T07:58:47.000Z","volume":2000,"label":" ","price":25.9},{"type":"B","date":"2018-04-19T07:59:00.000Z","volume":2000,"label":" ","price":25.85},{"type":"A","date":"2018-04-19T07:59:02.000Z","volume":2000,"label":" ","price":25.9},{"type":"A","date":"2018-04-19T07:59:04.000Z","volume":2000,"label":" ","price":25.9},{"type":"A","date":"2018-04-19T07:59:05.000Z","volume":2000,"label":" ","price":25.9},{"type":"A","date":"2018-04-19T07:59:14.000Z","volume":2000,"label":" ","price":25.9},{"type":"B","date":"2018-04-19T07:59:17.000Z","volume":2000,"label":" ","price":25.85},{"type":"B","date":"2018-04-19T07:59:25.000Z","volume":2000,"label":" ","price":25.85},{"type":"A","date":"2018-04-19T07:59:27.000Z","volume":2000,"label":" ","price":25.9},{"type":"A","date":"2018-04-19T07:59:35.000Z","volume":2000,"label":" ","price":25.9},{"type":"B","date":"2018-04-19T07:59:35.000Z","volume":2000,"label":" ","price":25.85},{"type":"B","date":"2018-04-19T07:59:35.000Z","volume":2000,"label":"Y","price":25.85},{"type":"B","date":"2018-04-19T07:59:35.000Z","volume":2000,"label":" ","price":25.85},{"type":"B","date":"2018-04-19T07:59:35.000Z","volume":2000,"label":" ","price":25.85},{"type":"B","date":"2018-04-19T07:59:35.000Z","volume":8000,"label":" ","price":25.85},{"type":"B","date":"2018-04-19T07:59:42.000Z","volume":2000,"label":" ","price":25.85},{"type":"A","date":"2018-04-19T07:59:44.000Z","volume":20000,"label":" ","price":25.9},{"type":"A","date":"2018-04-19T07:59:45.000Z","volume":4000,"label":" ","price":25.9},{"type":"A","date":"2018-04-19T07:59:58.000Z","volume":14000,"label":" ","price":25.9},{"type":"U","date":"2018-04-19T08:08:09.000Z","volume":160000,"label":"U","price":25.9}]