[{"type":"A","date":"2018-03-22T01:49:18.000Z","volume":1000,"label":" ","price":6.54},{"type":"A","date":"2018-03-22T01:49:18.000Z","volume":1000,"label":" ","price":6.54},{"type":"B","date":"2018-03-22T02:00:07.000Z","volume":10000,"label":" ","price":6.45},{"type":"B","date":"2018-03-22T02:00:08.000Z","volume":4000,"label":" ","price":6.45},{"type":"U","date":"2018-03-22T02:00:10.000Z","volume":1000,"label":" ","price":6.46},{"type":"B","date":"2018-03-22T02:00:10.000Z","volume":4000,"label":" ","price":6.45},{"type":"B","date":"2018-03-22T02:00:11.000Z","volume":1000,"label":"Y","price":6.43},{"type":"B","date":"2018-03-22T02:00:11.000Z","volume":1000,"label":" ","price":6.43},{"type":"B","date":"2018-03-22T02:00:11.000Z","volume":1000,"label":" ","price":6.41},{"type":"B","date":"2018-03-22T02:00:14.000Z","volume":2000,"label":" ","price":6.41},{"type":"A","date":"2018-03-22T02:00:22.000Z","volume":2000,"label":" ","price":6.51},{"type":"B","date":"2018-03-22T02:00:23.000Z","volume":1000,"label":" ","price":6.41},{"type":"A","date":"2018-03-22T02:00:31.000Z","volume":1000,"label":" ","price":6.51},{"type":"A","date":"2018-03-22T02:01:45.000Z","volume":1000,"label":" ","price":6.5},{"type":"B","date":"2018-03-22T02:01:46.000Z","volume":1000,"label":" ","price":6.41},{"type":"A","date":"2018-03-22T02:01:55.000Z","volume":1000,"label":" ","price":6.5},{"type":"A","date":"2018-03-22T02:02:15.000Z","volume":1000,"label":" ","price":6.5},{"type":"B","date":"2018-03-22T02:02:16.000Z","volume":1000,"label":" ","price":6.41},{"type":"B","date":"2018-03-22T02:03:01.000Z","volume":1000,"label":"Y","price":6.41},{"type":"B","date":"2018-03-22T02:03:01.000Z","volume":4000,"label":" ","price":6.41},{"type":"B","date":"2018-03-22T02:03:02.000Z","volume":1000,"label":" ","price":6.4},{"type":"B","date":"2018-03-22T02:03:02.000Z","volume":1000,"label":" ","price":6.4},{"type":"B","date":"2018-03-22T02:03:02.000Z","volume":1000,"label":" ","price":6.4},{"type":"A","date":"2018-03-22T02:03:05.000Z","volume":2000,"label":" ","price":6.48},{"type":"B","date":"2018-03-22T02:03:06.000Z","volume":1000,"label":" ","price":6.4},{"type":"B","date":"2018-03-22T02:05:27.000Z","volume":9000,"label":" ","price":6.4},{"type":"B","date":"2018-03-22T02:05:28.000Z","volume":2000,"label":" ","price":6.36},{"type":"B","date":"2018-03-22T02:05:28.000Z","volume":1000,"label":" ","price":6.31},{"type":"B","date":"2018-03-22T02:05:28.000Z","volume":1000,"label":" ","price":6.31},{"type":"A","date":"2018-03-22T02:05:28.000Z","volume":1000,"label":" ","price":6.33},{"type":"B","date":"2018-03-22T02:05:38.000Z","volume":8000,"label":" ","price":6.31},{"type":"B","date":"2018-03-22T02:05:39.000Z","volume":3000,"label":" ","price":6.31},{"type":"A","date":"2018-03-22T02:05:45.000Z","volume":9000,"label":" ","price":6.33},{"type":"A","date":"2018-03-22T02:05:45.000Z","volume":5000,"label":" ","price":6.33},{"type":"A","date":"2018-03-22T02:06:00.000Z","volume":1000,"label":" ","price":6.34},{"type":"A","date":"2018-03-22T02:06:05.000Z","volume":1000,"label":" ","price":6.34},{"type":"A","date":"2018-03-22T02:06:09.000Z","volume":2000,"label":" ","price":6.4},{"type":"A","date":"2018-03-22T02:06:14.000Z","volume":1000,"label":" ","price":6.4},{"type":"A","date":"2018-03-22T02:06:35.000Z","volume":1000,"label":" ","price":6.4},{"type":"A","date":"2018-03-22T02:06:45.000Z","volume":1000,"label":" ","price":6.4},{"type":"A","date":"2018-03-22T02:06:55.000Z","volume":2000,"label":" ","price":6.4},{"type":"A","date":"2018-03-22T02:07:05.000Z","volume":1000,"label":" ","price":6.4},{"type":"B","date":"2018-03-22T02:08:17.000Z","volume":8000,"label":" ","price":6.36},{"type":"B","date":"2018-03-22T02:08:18.000Z","volume":1000,"label":" ","price":6.36},{"type":"A","date":"2018-03-22T02:09:55.000Z","volume":1000,"label":" ","price":6.4},{"type":"B","date":"2018-03-22T02:10:31.000Z","volume":1000,"label":" ","price":6.31},{"type":"B","date":"2018-03-22T02:10:31.000Z","volume":1000,"label":" ","price":6.3},{"type":"B","date":"2018-03-22T02:10:31.000Z","volume":2000,"label":" ","price":6.3},{"type":"B","date":"2018-03-22T02:10:31.000Z","volume":1000,"label":" ","price":6.3},{"type":"B","date":"2018-03-22T02:10:31.000Z","volume":1000,"label":" ","price":6.3},{"type":"B","date":"2018-03-22T02:10:31.000Z","volume":1000,"label":" ","price":6.3},{"type":"B","date":"2018-03-22T02:10:31.000Z","volume":1000,"label":"Y","price":6.31},{"type":"B","date":"2018-03-22T02:10:32.000Z","volume":1000,"label":" ","price":6.3},{"type":"A","date":"2018-03-22T02:10:36.000Z","volume":1000,"label":" ","price":6.4},{"type":"B","date":"2018-03-22T02:12:13.000Z","volume":11000,"label":" ","price":6.3},{"type":"B","date":"2018-03-22T02:12:13.000Z","volume":10000,"label":" ","price":6.29},{"type":"B","date":"2018-03-22T02:12:13.000Z","volume":29000,"label":" ","price":6.28},{"type":"B","date":"2018-03-22T02:12:13.000Z","volume":3000,"label":"Y","price":6.28},{"type":"B","date":"2018-03-22T02:12:13.000Z","volume":1000,"label":" ","price":6.25},{"type":"A","date":"2018-03-22T02:12:13.000Z","volume":2000,"label":" ","price":6.25},{"type":"A","date":"2018-03-22T02:12:16.000Z","volume":13000,"label":" ","price":6.25},{"type":"A","date":"2018-03-22T02:12:26.000Z","volume":3000,"label":"Y","price":6.25},{"type":"A","date":"2018-03-22T02:12:26.000Z","volume":1000,"label":" ","price":6.25},{"type":"B","date":"2018-03-22T02:12:27.000Z","volume":2000,"label":" ","price":6.17},{"type":"B","date":"2018-03-22T02:12:27.000Z","volume":3000,"label":" ","price":6.17},{"type":"B","date":"2018-03-22T02:12:28.000Z","volume":1000,"label":" ","price":6.18},{"type":"A","date":"2018-03-22T02:13:05.000Z","volume":1000,"label":" ","price":6.25},{"type":"A","date":"2018-03-22T02:14:13.000Z","volume":2000,"label":" ","price":6.28},{"type":"B","date":"2018-03-22T02:14:14.000Z","volume":1000,"label":" ","price":6.21},{"type":"U","date":"2018-03-22T02:14:25.000Z","volume":3000,"label":" ","price":6.36},{"type":"A","date":"2018-03-22T02:14:25.000Z","volume":2000,"label":" ","price":6.35},{"type":"B","date":"2018-03-22T02:14:25.000Z","volume":1000,"label":" ","price":6.33},{"type":"B","date":"2018-03-22T02:14:25.000Z","volume":1000,"label":" ","price":6.19},{"type":"B","date":"2018-03-22T02:14:28.000Z","volume":1000,"label":" ","price":6.33},{"type":"B","date":"2018-03-22T02:14:29.000Z","volume":1000,"label":" ","price":6.18},{"type":"U","date":"2018-03-22T02:14:40.000Z","volume":2000,"label":" ","price":6.2},{"type":"B","date":"2018-03-22T02:15:34.000Z","volume":2000,"label":" ","price":6.25},{"type":"B","date":"2018-03-22T02:15:34.000Z","volume":1000,"label":" ","price":6.25},{"type":"B","date":"2018-03-22T02:18:12.000Z","volume":15000,"label":" ","price":6.25},{"type":"B","date":"2018-03-22T02:18:13.000Z","volume":2000,"label":" ","price":6.25},{"type":"B","date":"2018-03-22T02:18:13.000Z","volume":4000,"label":" ","price":6.25},{"type":"B","date":"2018-03-22T02:18:13.000Z","volume":1000,"label":" ","price":6.24},{"type":"B","date":"2018-03-22T02:18:13.000Z","volume":5000,"label":" ","price":6.24},{"type":"A","date":"2018-03-22T02:18:55.000Z","volume":11000,"label":" ","price":6.26},{"type":"B","date":"2018-03-22T02:18:56.000Z","volume":1000,"label":" ","price":6.24},{"type":"A","date":"2018-03-22T02:19:02.000Z","volume":4000,"label":" ","price":6.26},{"type":"A","date":"2018-03-22T02:19:02.000Z","volume":4000,"label":" ","price":6.26},{"type":"B","date":"2018-03-22T02:19:03.000Z","volume":2000,"label":" ","price":6.24},{"type":"B","date":"2018-03-22T02:19:45.000Z","volume":1000,"label":" ","price":6.23},{"type":"B","date":"2018-03-22T02:19:46.000Z","volume":1000,"label":" ","price":6.23},{"type":"A","date":"2018-03-22T02:19:47.000Z","volume":1000,"label":"Y","price":6.26},{"type":"A","date":"2018-03-22T02:20:28.000Z","volume":1000,"label":"Y","price":6.26},{"type":"B","date":"2018-03-22T02:20:28.000Z","volume":1000,"label":" ","price":6.23},{"type":"A","date":"2018-03-22T02:20:38.000Z","volume":1000,"label":" ","price":6.26},{"type":"A","date":"2018-03-22T02:20:58.000Z","volume":1000,"label":" ","price":6.26},{"type":"A","date":"2018-03-22T02:22:29.000Z","volume":2000,"label":" ","price":6.26},{"type":"A","date":"2018-03-22T02:23:33.000Z","volume":7000,"label":" ","price":6.26},{"type":"B","date":"2018-03-22T02:23:34.000Z","volume":3000,"label":" ","price":6.24},{"type":"A","date":"2018-03-22T02:23:38.000Z","volume":1000,"label":" ","price":6.26},{"type":"A","date":"2018-03-22T02:23:58.000Z","volume":1000,"label":" ","price":6.26},{"type":"B","date":"2018-03-22T02:23:59.000Z","volume":1000,"label":" ","price":6.24},{"type":"A","date":"2018-03-22T02:24:08.000Z","volume":1000,"label":" ","price":6.26},{"type":"A","date":"2018-03-22T02:24:33.000Z","volume":5000,"label":" ","price":6.26},{"type":"B","date":"2018-03-22T02:24:34.000Z","volume":2000,"label":" ","price":6.24},{"type":"A","date":"2018-03-22T02:24:37.000Z","volume":1000,"label":" ","price":6.26},{"type":"A","date":"2018-03-22T02:24:38.000Z","volume":1000,"label":" ","price":6.26},{"type":"B","date":"2018-03-22T02:24:39.000Z","volume":1000,"label":" ","price":6.24},{"type":"B","date":"2018-03-22T02:25:10.000Z","volume":1000,"label":" ","price":6.24},{"type":"A","date":"2018-03-22T02:27:59.000Z","volume":1000,"label":" ","price":6.26},{"type":"A","date":"2018-03-22T02:28:09.000Z","volume":1000,"label":"Y","price":6.26},{"type":"B","date":"2018-03-22T02:28:09.000Z","volume":1000,"label":" ","price":6.24},{"type":"B","date":"2018-03-22T02:29:59.000Z","volume":10000,"label":" ","price":6.24},{"type":"B","date":"2018-03-22T02:29:59.000Z","volume":1000,"label":" ","price":6.24},{"type":"B","date":"2018-03-22T02:30:00.000Z","volume":3000,"label":" ","price":6.24},{"type":"B","date":"2018-03-22T02:30:00.000Z","volume":1000,"label":" ","price":6.23},{"type":"B","date":"2018-03-22T02:30:00.000Z","volume":1000,"label":" ","price":6.23},{"type":"A","date":"2018-03-22T02:30:09.000Z","volume":1000,"label":"Y","price":6.24},{"type":"A","date":"2018-03-22T02:30:17.000Z","volume":1000,"label":"Y","price":6.24},{"type":"A","date":"2018-03-22T02:30:28.000Z","volume":1000,"label":" ","price":6.24},{"type":"B","date":"2018-03-22T02:30:29.000Z","volume":1000,"label":" ","price":6.21},{"type":"A","date":"2018-03-22T02:30:33.000Z","volume":1000,"label":" ","price":6.25},{"type":"A","date":"2018-03-22T02:30:39.000Z","volume":1000,"label":" ","price":6.25},{"type":"B","date":"2018-03-22T02:30:40.000Z","volume":1000,"label":" ","price":6.21},{"type":"B","date":"2018-03-22T02:31:45.000Z","volume":9000,"label":" ","price":6.21},{"type":"B","date":"2018-03-22T02:31:45.000Z","volume":1000,"label":" ","price":6.21},{"type":"B","date":"2018-03-22T02:31:46.000Z","volume":1000,"label":" ","price":6.21},{"type":"B","date":"2018-03-22T02:31:46.000Z","volume":1000,"label":" ","price":6.19},{"type":"B","date":"2018-03-22T02:31:46.000Z","volume":1000,"label":" ","price":6.19},{"type":"B","date":"2018-03-22T02:31:46.000Z","volume":1000,"label":" ","price":6.19},{"type":"A","date":"2018-03-22T02:32:29.000Z","volume":1000,"label":"Y","price":6.23},{"type":"A","date":"2018-03-22T02:32:39.000Z","volume":1000,"label":" ","price":6.22},{"type":"B","date":"2018-03-22T02:32:40.000Z","volume":1000,"label":" ","price":6.19},{"type":"B","date":"2018-03-22T02:32:48.000Z","volume":2000,"label":" ","price":6.19},{"type":"A","date":"2018-03-22T02:32:56.000Z","volume":5000,"label":" ","price":6.2},{"type":"B","date":"2018-03-22T02:32:57.000Z","volume":2000,"label":" ","price":6.18},{"type":"A","date":"2018-03-22T02:32:59.000Z","volume":3000,"label":" ","price":6.22},{"type":"B","date":"2018-03-22T02:33:00.000Z","volume":1000,"label":" ","price":6.18},{"type":"B","date":"2018-03-22T02:33:01.000Z","volume":1000,"label":" ","price":6.18},{"type":"B","date":"2018-03-22T02:34:12.000Z","volume":3000,"label":" ","price":6.18},{"type":"A","date":"2018-03-22T02:34:12.000Z","volume":5000,"label":" ","price":6.2},{"type":"B","date":"2018-03-22T02:34:13.000Z","volume":3000,"label":" ","price":6.18},{"type":"A","date":"2018-03-22T02:34:18.000Z","volume":5000,"label":" ","price":6.2},{"type":"B","date":"2018-03-22T02:34:19.000Z","volume":2000,"label":" ","price":6.18},{"type":"A","date":"2018-03-22T02:34:20.000Z","volume":2000,"label":" ","price":6.22},{"type":"B","date":"2018-03-22T02:34:21.000Z","volume":1000,"label":" ","price":6.18},{"type":"A","date":"2018-03-22T02:34:30.000Z","volume":2000,"label":" ","price":6.22},{"type":"B","date":"2018-03-22T02:34:31.000Z","volume":1000,"label":" ","price":6.2},{"type":"A","date":"2018-03-22T02:34:40.000Z","volume":2000,"label":" ","price":6.22},{"type":"A","date":"2018-03-22T02:34:50.000Z","volume":1000,"label":" ","price":6.22},{"type":"A","date":"2018-03-22T02:35:00.000Z","volume":2000,"label":" ","price":6.22},{"type":"A","date":"2018-03-22T02:35:20.000Z","volume":1000,"label":"Y","price":6.23},{"type":"B","date":"2018-03-22T02:35:21.000Z","volume":1000,"label":" ","price":6.2},{"type":"A","date":"2018-03-22T02:38:01.000Z","volume":1000,"label":" ","price":6.22},{"type":"B","date":"2018-03-22T02:40:52.000Z","volume":3000,"label":" ","price":6.22},{"type":"B","date":"2018-03-22T02:40:52.000Z","volume":1000,"label":" ","price":6.2},{"type":"A","date":"2018-03-22T02:41:01.000Z","volume":3000,"label":" ","price":6.22},{"type":"B","date":"2018-03-22T02:41:01.000Z","volume":1000,"label":" ","price":6.2},{"type":"A","date":"2018-03-22T02:41:11.000Z","volume":1000,"label":" ","price":6.22},{"type":"B","date":"2018-03-22T02:41:12.000Z","volume":1000,"label":" ","price":6.2},{"type":"A","date":"2018-03-22T02:41:51.000Z","volume":1000,"label":" ","price":6.22},{"type":"B","date":"2018-03-22T02:44:56.000Z","volume":30000,"label":" ","price":6.2},{"type":"B","date":"2018-03-22T02:44:56.000Z","volume":1000,"label":" ","price":6.2},{"type":"B","date":"2018-03-22T02:44:57.000Z","volume":6000,"label":" ","price":6.19},{"type":"B","date":"2018-03-22T02:44:57.000Z","volume":1000,"label":" ","price":6.18},{"type":"B","date":"2018-03-22T02:44:57.000Z","volume":7000,"label":" ","price":6.19},{"type":"A","date":"2018-03-22T02:45:02.000Z","volume":2000,"label":" ","price":6.21},{"type":"A","date":"2018-03-22T02:45:02.000Z","volume":2000,"label":" ","price":6.22},{"type":"B","date":"2018-03-22T02:45:03.000Z","volume":1000,"label":" ","price":6.18},{"type":"A","date":"2018-03-22T02:45:09.000Z","volume":8000,"label":" ","price":6.22},{"type":"B","date":"2018-03-22T02:45:10.000Z","volume":3000,"label":" ","price":6.18},{"type":"B","date":"2018-03-22T02:45:10.000Z","volume":1000,"label":" ","price":6.18},{"type":"A","date":"2018-03-22T02:45:19.000Z","volume":5000,"label":" ","price":6.22},{"type":"B","date":"2018-03-22T02:45:19.000Z","volume":2000,"label":" ","price":6.18},{"type":"A","date":"2018-03-22T02:45:32.000Z","volume":2000,"label":" ","price":6.22},{"type":"B","date":"2018-03-22T02:45:33.000Z","volume":1000,"label":" ","price":6.18},{"type":"A","date":"2018-03-22T02:46:12.000Z","volume":1000,"label":" ","price":6.22},{"type":"B","date":"2018-03-22T02:46:13.000Z","volume":1000,"label":" ","price":6.18},{"type":"A","date":"2018-03-22T02:46:22.000Z","volume":1000,"label":" ","price":6.22},{"type":"A","date":"2018-03-22T02:46:32.000Z","volume":1000,"label":" ","price":6.22},{"type":"A","date":"2018-03-22T02:46:52.000Z","volume":1000,"label":" ","price":6.22},{"type":"B","date":"2018-03-22T02:46:52.000Z","volume":1000,"label":" ","price":6.18},{"type":"A","date":"2018-03-22T02:47:02.000Z","volume":1000,"label":" ","price":6.22},{"type":"B","date":"2018-03-22T02:47:32.000Z","volume":8000,"label":" ","price":6.18},{"type":"A","date":"2018-03-22T02:47:32.000Z","volume":2000,"label":" ","price":6.21},{"type":"B","date":"2018-03-22T02:47:33.000Z","volume":1000,"label":" ","price":6.18},{"type":"B","date":"2018-03-22T02:47:33.000Z","volume":5000,"label":" ","price":6.17},{"type":"A","date":"2018-03-22T02:47:42.000Z","volume":1000,"label":" ","price":6.21},{"type":"B","date":"2018-03-22T02:47:45.000Z","volume":8000,"label":" ","price":6.17},{"type":"B","date":"2018-03-22T02:47:45.000Z","volume":12000,"label":" ","price":6.16},{"type":"B","date":"2018-03-22T02:47:45.000Z","volume":20000,"label":" ","price":6.16},{"type":"A","date":"2018-03-22T02:47:46.000Z","volume":7000,"label":" ","price":6.2},{"type":"B","date":"2018-03-22T02:47:46.000Z","volume":1000,"label":" ","price":6.13},{"type":"B","date":"2018-03-22T02:47:46.000Z","volume":12000,"label":" ","price":6.13},{"type":"A","date":"2018-03-22T02:47:50.000Z","volume":1000,"label":" ","price":6.13},{"type":"A","date":"2018-03-22T02:47:52.000Z","volume":3000,"label":" ","price":6.13},{"type":"B","date":"2018-03-22T02:47:53.000Z","volume":1000,"label":" ","price":6.11},{"type":"B","date":"2018-03-22T02:47:53.000Z","volume":1000,"label":" ","price":6.11},{"type":"A","date":"2018-03-22T02:48:02.000Z","volume":6000,"label":" ","price":6.19},{"type":"B","date":"2018-03-22T02:48:02.000Z","volume":1000,"label":" ","price":6.11},{"type":"U","date":"2018-03-22T02:48:07.000Z","volume":10000,"label":" ","price":6.18},{"type":"A","date":"2018-03-22T02:48:12.000Z","volume":4000,"label":" ","price":6.18},{"type":"B","date":"2018-03-22T02:48:17.000Z","volume":1000,"label":" ","price":6.12},{"type":"B","date":"2018-03-22T02:48:17.000Z","volume":1000,"label":" ","price":6.12},{"type":"U","date":"2018-03-22T02:48:24.000Z","volume":4000,"label":" ","price":6.17},{"type":"B","date":"2018-03-22T02:48:32.000Z","volume":1000,"label":" ","price":6.12},{"type":"B","date":"2018-03-22T02:48:32.000Z","volume":1000,"label":" ","price":6.12},{"type":"B","date":"2018-03-22T02:49:50.000Z","volume":2000,"label":" ","price":6.11},{"type":"B","date":"2018-03-22T02:50:02.000Z","volume":1000,"label":" ","price":6.11},{"type":"B","date":"2018-03-22T02:50:17.000Z","volume":1000,"label":" ","price":6.11},{"type":"B","date":"2018-03-22T02:50:29.000Z","volume":20000,"label":" ","price":6.11},{"type":"B","date":"2018-03-22T02:50:30.000Z","volume":1000,"label":" ","price":6.1},{"type":"A","date":"2018-03-22T02:50:43.000Z","volume":1000,"label":" ","price":6.07},{"type":"A","date":"2018-03-22T02:50:53.000Z","volume":1000,"label":" ","price":6.07},{"type":"A","date":"2018-03-22T02:51:03.000Z","volume":1000,"label":" ","price":6.07},{"type":"A","date":"2018-03-22T02:51:29.000Z","volume":10000,"label":" ","price":6.07},{"type":"A","date":"2018-03-22T02:51:32.000Z","volume":3000,"label":" ","price":6.07},{"type":"A","date":"2018-03-22T02:51:33.000Z","volume":1000,"label":" ","price":6.09},{"type":"A","date":"2018-03-22T02:51:39.000Z","volume":4000,"label":" ","price":6.1},{"type":"A","date":"2018-03-22T02:51:48.000Z","volume":2000,"label":" ","price":6.1},{"type":"A","date":"2018-03-22T02:51:48.000Z","volume":2000,"label":" ","price":6.11},{"type":"A","date":"2018-03-22T02:51:53.000Z","volume":1000,"label":" ","price":6.11},{"type":"A","date":"2018-03-22T02:51:54.000Z","volume":4000,"label":" ","price":6.11},{"type":"B","date":"2018-03-22T02:52:00.000Z","volume":2000,"label":" ","price":6.1},{"type":"B","date":"2018-03-22T02:52:01.000Z","volume":2000,"label":" ","price":6.1},{"type":"B","date":"2018-03-22T02:52:01.000Z","volume":2000,"label":" ","price":6.1},{"type":"A","date":"2018-03-22T02:52:03.000Z","volume":3000,"label":" ","price":6.11},{"type":"B","date":"2018-03-22T02:52:04.000Z","volume":1000,"label":" ","price":6.1},{"type":"B","date":"2018-03-22T02:52:11.000Z","volume":2000,"label":" ","price":6.1},{"type":"B","date":"2018-03-22T02:52:11.000Z","volume":1000,"label":" ","price":6.1},{"type":"B","date":"2018-03-22T02:52:17.000Z","volume":1000,"label":" ","price":6.1},{"type":"B","date":"2018-03-22T02:52:23.000Z","volume":1000,"label":" ","price":6.1},{"type":"A","date":"2018-03-22T02:52:29.000Z","volume":9000,"label":" ","price":6.11},{"type":"A","date":"2018-03-22T02:52:29.000Z","volume":1000,"label":" ","price":6.11},{"type":"A","date":"2018-03-22T02:52:33.000Z","volume":3000,"label":" ","price":6.17},{"type":"B","date":"2018-03-22T02:52:49.000Z","volume":4000,"label":" ","price":6.11},{"type":"A","date":"2018-03-22T02:52:49.000Z","volume":3000,"label":" ","price":6.11},{"type":"B","date":"2018-03-22T02:52:53.000Z","volume":1000,"label":" ","price":6.1},{"type":"A","date":"2018-03-22T02:53:03.000Z","volume":2000,"label":" ","price":6.1},{"type":"A","date":"2018-03-22T02:53:33.000Z","volume":1000,"label":" ","price":6.1},{"type":"B","date":"2018-03-22T02:53:47.000Z","volume":1000,"label":" ","price":6.07},{"type":"A","date":"2018-03-22T02:53:57.000Z","volume":1000,"label":" ","price":6.1},{"type":"A","date":"2018-03-22T02:54:03.000Z","volume":1000,"label":" ","price":6.11},{"type":"A","date":"2018-03-22T02:54:47.000Z","volume":3000,"label":" ","price":6.11},{"type":"A","date":"2018-03-22T02:55:02.000Z","volume":3000,"label":" ","price":6.15},{"type":"A","date":"2018-03-22T02:56:06.000Z","volume":3000,"label":" ","price":6.15},{"type":"B","date":"2018-03-22T02:57:02.000Z","volume":1000,"label":" ","price":6.12},{"type":"B","date":"2018-03-22T02:57:09.000Z","volume":3000,"label":" ","price":6.12},{"type":"A","date":"2018-03-22T02:57:34.000Z","volume":1000,"label":" ","price":6.12},{"type":"A","date":"2018-03-22T02:57:39.000Z","volume":1000,"label":" ","price":6.12},{"type":"A","date":"2018-03-22T02:57:44.000Z","volume":1000,"label":" ","price":6.12},{"type":"B","date":"2018-03-22T02:57:44.000Z","volume":1000,"label":" ","price":6.11},{"type":"A","date":"2018-03-22T02:57:54.000Z","volume":2000,"label":" ","price":6.12},{"type":"A","date":"2018-03-22T02:57:58.000Z","volume":1000,"label":" ","price":6.12},{"type":"A","date":"2018-03-22T02:58:04.000Z","volume":2000,"label":" ","price":6.15},{"type":"B","date":"2018-03-22T03:00:17.000Z","volume":1000,"label":" ","price":6.11},{"type":"B","date":"2018-03-22T03:00:32.000Z","volume":1000,"label":" ","price":6.11},{"type":"B","date":"2018-03-22T03:01:02.000Z","volume":1000,"label":" ","price":6.11},{"type":"B","date":"2018-03-22T03:01:32.000Z","volume":1000,"label":" ","price":6.11},{"type":"B","date":"2018-03-22T03:02:02.000Z","volume":1000,"label":" ","price":6.11},{"type":"B","date":"2018-03-22T03:02:32.000Z","volume":1000,"label":" ","price":6.11},{"type":"A","date":"2018-03-22T03:02:46.000Z","volume":1000,"label":" ","price":6.15},{"type":"A","date":"2018-03-22T03:02:56.000Z","volume":1000,"label":" ","price":6.15},{"type":"B","date":"2018-03-22T03:03:02.000Z","volume":1000,"label":"Y","price":6.11},{"type":"A","date":"2018-03-22T03:03:02.000Z","volume":1000,"label":" ","price":6.16},{"type":"B","date":"2018-03-22T03:04:47.000Z","volume":1000,"label":" ","price":6.13},{"type":"B","date":"2018-03-22T03:05:47.000Z","volume":1000,"label":" ","price":6.13},{"type":"B","date":"2018-03-22T03:05:54.000Z","volume":2000,"label":" ","price":6.13},{"type":"B","date":"2018-03-22T03:06:23.000Z","volume":1000,"label":"Y","price":6.11},{"type":"B","date":"2018-03-22T03:07:17.000Z","volume":1000,"label":"Y","price":6.11},{"type":"B","date":"2018-03-22T03:07:47.000Z","volume":1000,"label":"Y","price":6.11},{"type":"B","date":"2018-03-22T03:08:32.000Z","volume":1000,"label":"Y","price":6.11},{"type":"A","date":"2018-03-22T03:08:57.000Z","volume":1000,"label":" ","price":6.14},{"type":"B","date":"2018-03-22T03:09:17.000Z","volume":1000,"label":"Y","price":6.11},{"type":"B","date":"2018-03-22T03:10:27.000Z","volume":1000,"label":" ","price":6.11},{"type":"B","date":"2018-03-22T03:10:32.000Z","volume":1000,"label":"Y","price":6.11},{"type":"B","date":"2018-03-22T03:11:25.000Z","volume":10000,"label":" ","price":6.11},{"type":"B","date":"2018-03-22T03:11:25.000Z","volume":6000,"label":" ","price":6.11},{"type":"A","date":"2018-03-22T03:11:28.000Z","volume":2000,"label":" ","price":6.14},{"type":"B","date":"2018-03-22T03:11:32.000Z","volume":1000,"label":" ","price":6.1},{"type":"B","date":"2018-03-22T03:11:34.000Z","volume":1000,"label":" ","price":6.1},{"type":"A","date":"2018-03-22T03:11:38.000Z","volume":1000,"label":" ","price":6.14},{"type":"B","date":"2018-03-22T03:11:56.000Z","volume":20000,"label":" ","price":6.1},{"type":"B","date":"2018-03-22T03:11:57.000Z","volume":1000,"label":" ","price":6.1},{"type":"A","date":"2018-03-22T03:11:58.000Z","volume":8000,"label":" ","price":6.14},{"type":"B","date":"2018-03-22T03:12:04.000Z","volume":13000,"label":" ","price":6.1},{"type":"A","date":"2018-03-22T03:12:08.000Z","volume":4000,"label":" ","price":6.14},{"type":"A","date":"2018-03-22T03:12:09.000Z","volume":3000,"label":" ","price":6.14},{"type":"B","date":"2018-03-22T03:12:17.000Z","volume":1000,"label":" ","price":6.09},{"type":"A","date":"2018-03-22T03:12:18.000Z","volume":2000,"label":" ","price":6.14},{"type":"B","date":"2018-03-22T03:12:21.000Z","volume":1000,"label":" ","price":6.09},{"type":"B","date":"2018-03-22T03:13:02.000Z","volume":1000,"label":" ","price":6.09},{"type":"B","date":"2018-03-22T03:13:04.000Z","volume":4000,"label":" ","price":6.09},{"type":"B","date":"2018-03-22T03:13:04.000Z","volume":11000,"label":" ","price":6.08},{"type":"A","date":"2018-03-22T03:13:08.000Z","volume":3000,"label":" ","price":6.14},{"type":"B","date":"2018-03-22T03:13:15.000Z","volume":3000,"label":" ","price":6.09},{"type":"B","date":"2018-03-22T03:13:17.000Z","volume":1000,"label":" ","price":6.09},{"type":"B","date":"2018-03-22T03:13:32.000Z","volume":3000,"label":" ","price":6.08},{"type":"B","date":"2018-03-22T03:13:43.000Z","volume":1000,"label":" ","price":6.08},{"type":"B","date":"2018-03-22T03:13:47.000Z","volume":1000,"label":" ","price":6.08},{"type":"A","date":"2018-03-22T03:14:26.000Z","volume":3000,"label":" ","price":6.08},{"type":"B","date":"2018-03-22T03:14:38.000Z","volume":1000,"label":" ","price":6.07},{"type":"B","date":"2018-03-22T03:15:42.000Z","volume":10000,"label":" ","price":6.06},{"type":"B","date":"2018-03-22T03:15:47.000Z","volume":5000,"label":" ","price":6.06},{"type":"A","date":"2018-03-22T03:15:49.000Z","volume":1000,"label":" ","price":6.08},{"type":"B","date":"2018-03-22T03:15:50.000Z","volume":1000,"label":" ","price":6.06},{"type":"B","date":"2018-03-22T03:15:52.000Z","volume":1000,"label":" ","price":6.06},{"type":"A","date":"2018-03-22T03:15:59.000Z","volume":1000,"label":" ","price":6.08},{"type":"A","date":"2018-03-22T03:16:10.000Z","volume":1000,"label":" ","price":6.08},{"type":"B","date":"2018-03-22T03:16:35.000Z","volume":10000,"label":" ","price":6.06},{"type":"B","date":"2018-03-22T03:16:35.000Z","volume":40000,"label":" ","price":6.05},{"type":"B","date":"2018-03-22T03:16:36.000Z","volume":1000,"label":" ","price":6.03},{"type":"A","date":"2018-03-22T03:16:40.000Z","volume":10000,"label":" ","price":6.08},{"type":"A","date":"2018-03-22T03:16:50.000Z","volume":1000,"label":" ","price":6.09},{"type":"A","date":"2018-03-22T03:17:00.000Z","volume":2000,"label":" ","price":6.1},{"type":"A","date":"2018-03-22T03:17:06.000Z","volume":1000,"label":" ","price":6.13},{"type":"A","date":"2018-03-22T03:17:20.000Z","volume":4000,"label":" ","price":6.14},{"type":"A","date":"2018-03-22T03:17:30.000Z","volume":2000,"label":" ","price":6.12},{"type":"B","date":"2018-03-22T03:18:57.000Z","volume":10000,"label":" ","price":6.06},{"type":"B","date":"2018-03-22T03:18:58.000Z","volume":1000,"label":" ","price":6.06},{"type":"B","date":"2018-03-22T03:19:52.000Z","volume":23000,"label":" ","price":6.05},{"type":"B","date":"2018-03-22T03:19:54.000Z","volume":1000,"label":" ","price":6.03},{"type":"A","date":"2018-03-22T03:20:01.000Z","volume":4000,"label":" ","price":6.06},{"type":"A","date":"2018-03-22T03:20:11.000Z","volume":1000,"label":" ","price":6.06},{"type":"B","date":"2018-03-22T03:20:17.000Z","volume":1000,"label":" ","price":6.03},{"type":"B","date":"2018-03-22T03:20:17.000Z","volume":1000,"label":" ","price":6.03},{"type":"A","date":"2018-03-22T03:20:21.000Z","volume":2000,"label":" ","price":6.06},{"type":"B","date":"2018-03-22T03:20:32.000Z","volume":1000,"label":" ","price":6.03},{"type":"A","date":"2018-03-22T03:20:41.000Z","volume":2000,"label":" ","price":6.06},{"type":"A","date":"2018-03-22T03:21:01.000Z","volume":1000,"label":" ","price":6.06},{"type":"A","date":"2018-03-22T03:21:11.000Z","volume":1000,"label":" ","price":6.06},{"type":"B","date":"2018-03-22T03:21:32.000Z","volume":1000,"label":" ","price":6.03},{"type":"A","date":"2018-03-22T03:21:57.000Z","volume":10000,"label":" ","price":6.06},{"type":"A","date":"2018-03-22T03:22:01.000Z","volume":2000,"label":" ","price":6.06},{"type":"A","date":"2018-03-22T03:22:11.000Z","volume":1000,"label":" ","price":6.06},{"type":"B","date":"2018-03-22T03:22:28.000Z","volume":3000,"label":" ","price":6.06},{"type":"A","date":"2018-03-22T03:22:31.000Z","volume":1000,"label":" ","price":6.08},{"type":"A","date":"2018-03-22T03:22:41.000Z","volume":1000,"label":" ","price":6.08},{"type":"A","date":"2018-03-22T03:22:52.000Z","volume":1000,"label":" ","price":6.11},{"type":"B","date":"2018-03-22T03:25:02.000Z","volume":6000,"label":" ","price":6.06},{"type":"B","date":"2018-03-22T03:25:02.000Z","volume":20000,"label":" ","price":6.05},{"type":"B","date":"2018-03-22T03:25:02.000Z","volume":2000,"label":" ","price":6.03},{"type":"B","date":"2018-03-22T03:25:02.000Z","volume":10000,"label":" ","price":6.02},{"type":"B","date":"2018-03-22T03:25:02.000Z","volume":20000,"label":" ","price":6.01},{"type":"B","date":"2018-03-22T03:25:02.000Z","volume":20000,"label":" ","price":6},{"type":"B","date":"2018-03-22T03:25:02.000Z","volume":4000,"label":" ","price":6},{"type":"A","date":"2018-03-22T03:25:12.000Z","volume":2000,"label":" ","price":5.99},{"type":"A","date":"2018-03-22T03:25:13.000Z","volume":5000,"label":" ","price":6},{"type":"A","date":"2018-03-22T03:25:22.000Z","volume":7000,"label":" ","price":6},{"type":"A","date":"2018-03-22T03:25:26.000Z","volume":1000,"label":" ","price":6.01},{"type":"A","date":"2018-03-22T03:25:32.000Z","volume":1000,"label":" ","price":6.09},{"type":"A","date":"2018-03-22T03:25:39.000Z","volume":13000,"label":" ","price":6.1},{"type":"A","date":"2018-03-22T03:25:53.000Z","volume":6000,"label":" ","price":6.11},{"type":"A","date":"2018-03-22T03:26:03.000Z","volume":1000,"label":" ","price":6.1},{"type":"A","date":"2018-03-22T03:26:13.000Z","volume":1000,"label":" ","price":6.1},{"type":"A","date":"2018-03-22T03:26:23.000Z","volume":1000,"label":" ","price":6.1},{"type":"A","date":"2018-03-22T03:26:33.000Z","volume":1000,"label":" ","price":6.11},{"type":"A","date":"2018-03-22T03:26:43.000Z","volume":1000,"label":" ","price":6.11},{"type":"A","date":"2018-03-22T03:27:03.000Z","volume":1000,"label":" ","price":6.11},{"type":"B","date":"2018-03-22T03:27:13.000Z","volume":2000,"label":" ","price":6.05},{"type":"B","date":"2018-03-22T03:27:47.000Z","volume":1000,"label":" ","price":5.98},{"type":"B","date":"2018-03-22T03:28:28.000Z","volume":10000,"label":" ","price":6},{"type":"B","date":"2018-03-22T03:28:28.000Z","volume":10000,"label":" ","price":6},{"type":"B","date":"2018-03-22T03:28:29.000Z","volume":1000,"label":" ","price":5.99},{"type":"A","date":"2018-03-22T03:28:33.000Z","volume":4000,"label":" ","price":6.08},{"type":"A","date":"2018-03-22T03:28:43.000Z","volume":1000,"label":"Y","price":6.08},{"type":"A","date":"2018-03-22T03:28:54.000Z","volume":1000,"label":" ","price":6.09},{"type":"A","date":"2018-03-22T03:29:04.000Z","volume":1000,"label":" ","price":6.1},{"type":"B","date":"2018-03-22T03:32:17.000Z","volume":1000,"label":" ","price":6.06},{"type":"B","date":"2018-03-22T03:32:55.000Z","volume":11000,"label":" ","price":6.06},{"type":"A","date":"2018-03-22T03:33:00.000Z","volume":3000,"label":" ","price":6.06},{"type":"A","date":"2018-03-22T03:33:05.000Z","volume":4000,"label":" ","price":6.06},{"type":"B","date":"2018-03-22T03:33:06.000Z","volume":22000,"label":" ","price":6.05},{"type":"A","date":"2018-03-22T03:33:15.000Z","volume":6000,"label":" ","price":6.05},{"type":"A","date":"2018-03-22T03:33:22.000Z","volume":2000,"label":" ","price":6.05},{"type":"A","date":"2018-03-22T03:33:22.000Z","volume":1000,"label":" ","price":6.06},{"type":"A","date":"2018-03-22T03:33:25.000Z","volume":3000,"label":" ","price":6.06},{"type":"B","date":"2018-03-22T03:33:27.000Z","volume":1000,"label":" ","price":6.01},{"type":"A","date":"2018-03-22T03:34:55.000Z","volume":1000,"label":" ","price":6.08},{"type":"B","date":"2018-03-22T03:35:17.000Z","volume":1000,"label":" ","price":6.06},{"type":"B","date":"2018-03-22T03:36:17.000Z","volume":1000,"label":" ","price":6.06},{"type":"B","date":"2018-03-22T03:37:47.000Z","volume":1000,"label":" ","price":6.06},{"type":"A","date":"2018-03-22T03:37:56.000Z","volume":1000,"label":" ","price":6.08},{"type":"B","date":"2018-03-22T03:38:47.000Z","volume":1000,"label":" ","price":6.06},{"type":"A","date":"2018-03-22T03:39:09.000Z","volume":5000,"label":" ","price":6.08},{"type":"A","date":"2018-03-22T03:39:10.000Z","volume":11000,"label":" ","price":6.08},{"type":"A","date":"2018-03-22T03:39:10.000Z","volume":2000,"label":" ","price":6.08},{"type":"A","date":"2018-03-22T03:39:16.000Z","volume":4000,"label":" ","price":6.1},{"type":"A","date":"2018-03-22T03:39:26.000Z","volume":3000,"label":" ","price":6.1},{"type":"A","date":"2018-03-22T03:39:37.000Z","volume":1000,"label":" ","price":6.1},{"type":"A","date":"2018-03-22T03:39:57.000Z","volume":1000,"label":" ","price":6.1},{"type":"B","date":"2018-03-22T03:41:27.000Z","volume":5000,"label":" ","price":6.07},{"type":"A","date":"2018-03-22T03:41:37.000Z","volume":1000,"label":" ","price":6.1},{"type":"B","date":"2018-03-22T03:42:32.000Z","volume":1000,"label":" ","price":6.07},{"type":"A","date":"2018-03-22T03:42:57.000Z","volume":1000,"label":" ","price":6.1},{"type":"A","date":"2018-03-22T03:43:07.000Z","volume":1000,"label":" ","price":6.1},{"type":"B","date":"2018-03-22T03:43:10.000Z","volume":8000,"label":" ","price":6.08},{"type":"B","date":"2018-03-22T03:43:10.000Z","volume":14000,"label":" ","price":6.07},{"type":"B","date":"2018-03-22T03:43:13.000Z","volume":1000,"label":" ","price":6.06},{"type":"B","date":"2018-03-22T03:43:13.000Z","volume":3000,"label":" ","price":6.06},{"type":"B","date":"2018-03-22T03:43:15.000Z","volume":10000,"label":" ","price":6.06},{"type":"B","date":"2018-03-22T03:43:17.000Z","volume":1000,"label":" ","price":6.06},{"type":"A","date":"2018-03-22T03:43:17.000Z","volume":10000,"label":" ","price":6.07},{"type":"B","date":"2018-03-22T03:43:18.000Z","volume":5000,"label":" ","price":6.06},{"type":"A","date":"2018-03-22T03:43:27.000Z","volume":4000,"label":" ","price":6.07},{"type":"B","date":"2018-03-22T03:43:28.000Z","volume":1000,"label":" ","price":6.06},{"type":"B","date":"2018-03-22T03:43:34.000Z","volume":1000,"label":" ","price":6.06},{"type":"A","date":"2018-03-22T03:43:37.000Z","volume":1000,"label":" ","price":6.07},{"type":"A","date":"2018-03-22T03:43:47.000Z","volume":1000,"label":" ","price":6.07},{"type":"B","date":"2018-03-22T03:43:48.000Z","volume":1000,"label":" ","price":6.06},{"type":"B","date":"2018-03-22T03:44:51.000Z","volume":1000,"label":" ","price":6.05},{"type":"B","date":"2018-03-22T03:44:51.000Z","volume":1000,"label":" ","price":6.03},{"type":"B","date":"2018-03-22T03:45:20.000Z","volume":1000,"label":" ","price":6.05},{"type":"B","date":"2018-03-22T03:45:26.000Z","volume":21000,"label":" ","price":6.05},{"type":"A","date":"2018-03-22T03:45:26.000Z","volume":1000,"label":" ","price":6.05},{"type":"A","date":"2018-03-22T03:45:28.000Z","volume":2000,"label":" ","price":6.05},{"type":"A","date":"2018-03-22T03:46:28.000Z","volume":1000,"label":" ","price":6.05},{"type":"A","date":"2018-03-22T03:46:38.000Z","volume":1000,"label":" ","price":6.05},{"type":"B","date":"2018-03-22T03:47:17.000Z","volume":1000,"label":" ","price":6.01},{"type":"B","date":"2018-03-22T03:48:32.000Z","volume":1000,"label":" ","price":6.02},{"type":"A","date":"2018-03-22T03:48:49.000Z","volume":2000,"label":" ","price":6.04},{"type":"A","date":"2018-03-22T03:48:59.000Z","volume":1000,"label":" ","price":6.05},{"type":"A","date":"2018-03-22T03:49:00.000Z","volume":14000,"label":" ","price":6.05},{"type":"A","date":"2018-03-22T03:49:09.000Z","volume":4000,"label":" ","price":6.07},{"type":"B","date":"2018-03-22T03:49:11.000Z","volume":1000,"label":" ","price":6.05},{"type":"B","date":"2018-03-22T03:49:17.000Z","volume":1000,"label":" ","price":6.05},{"type":"A","date":"2018-03-22T03:49:19.000Z","volume":1000,"label":" ","price":6.07},{"type":"A","date":"2018-03-22T03:49:29.000Z","volume":1000,"label":" ","price":6.07},{"type":"B","date":"2018-03-22T03:50:08.000Z","volume":1000,"label":" ","price":6.05},{"type":"B","date":"2018-03-22T03:51:08.000Z","volume":1000,"label":" ","price":6.05},{"type":"B","date":"2018-03-22T03:52:05.000Z","volume":3000,"label":" ","price":6.05},{"type":"U","date":"2018-03-22T03:53:02.000Z","volume":1000,"label":" ","price":6.05},{"type":"B","date":"2018-03-22T03:53:32.000Z","volume":1000,"label":" ","price":6.05},{"type":"B","date":"2018-03-22T03:55:52.000Z","volume":27000,"label":" ","price":6.05},{"type":"A","date":"2018-03-22T03:55:55.000Z","volume":4000,"label":" ","price":6.07},{"type":"A","date":"2018-03-22T03:56:05.000Z","volume":1000,"label":" ","price":6.07},{"type":"B","date":"2018-03-22T03:56:06.000Z","volume":1000,"label":" ","price":6.02},{"type":"B","date":"2018-03-22T03:56:08.000Z","volume":1000,"label":" ","price":6.02},{"type":"A","date":"2018-03-22T03:56:15.000Z","volume":1000,"label":" ","price":6.06},{"type":"B","date":"2018-03-22T03:56:32.000Z","volume":1000,"label":" ","price":6.02},{"type":"A","date":"2018-03-22T03:57:48.000Z","volume":2000,"label":" ","price":6.07},{"type":"A","date":"2018-03-22T03:57:55.000Z","volume":1000,"label":" ","price":6.07},{"type":"B","date":"2018-03-22T03:58:23.000Z","volume":1000,"label":" ","price":6.05},{"type":"A","date":"2018-03-22T03:58:25.000Z","volume":1000,"label":" ","price":6.07},{"type":"B","date":"2018-03-22T03:58:53.000Z","volume":8000,"label":" ","price":6.06},{"type":"A","date":"2018-03-22T03:58:55.000Z","volume":1000,"label":" ","price":6.07},{"type":"A","date":"2018-03-22T03:59:05.000Z","volume":1000,"label":" ","price":6.07},{"type":"B","date":"2018-03-22T03:59:27.000Z","volume":25000,"label":" ","price":6.05},{"type":"A","date":"2018-03-22T03:59:29.000Z","volume":10000,"label":" ","price":6.05},{"type":"B","date":"2018-03-22T03:59:30.000Z","volume":1000,"label":" ","price":6.02},{"type":"A","date":"2018-03-22T03:59:35.000Z","volume":7000,"label":" ","price":6.05},{"type":"A","date":"2018-03-22T03:59:45.000Z","volume":2000,"label":" ","price":6.05},{"type":"B","date":"2018-03-22T05:00:04.000Z","volume":13000,"label":" ","price":6.01},{"type":"A","date":"2018-03-22T05:00:04.000Z","volume":2000,"label":" ","price":6.01},{"type":"A","date":"2018-03-22T05:00:04.000Z","volume":2000,"label":" ","price":6.01},{"type":"A","date":"2018-03-22T05:00:06.000Z","volume":1000,"label":" ","price":6.01},{"type":"A","date":"2018-03-22T05:00:13.000Z","volume":3000,"label":" ","price":6.01},{"type":"A","date":"2018-03-22T05:00:16.000Z","volume":2000,"label":" ","price":6.01},{"type":"A","date":"2018-03-22T05:00:24.000Z","volume":3000,"label":" ","price":6.01},{"type":"A","date":"2018-03-22T05:00:26.000Z","volume":1000,"label":" ","price":6.02},{"type":"A","date":"2018-03-22T05:00:56.000Z","volume":1000,"label":" ","price":6.05},{"type":"A","date":"2018-03-22T05:03:18.000Z","volume":17000,"label":" ","price":6.05},{"type":"B","date":"2018-03-22T05:03:19.000Z","volume":1000,"label":" ","price":6.04},{"type":"B","date":"2018-03-22T05:03:19.000Z","volume":1000,"label":" ","price":6.04},{"type":"B","date":"2018-03-22T05:03:19.000Z","volume":1000,"label":" ","price":6.04},{"type":"A","date":"2018-03-22T05:03:26.000Z","volume":3000,"label":" ","price":6.05},{"type":"A","date":"2018-03-22T05:03:36.000Z","volume":1000,"label":" ","price":6.05},{"type":"A","date":"2018-03-22T05:04:04.000Z","volume":2000,"label":" ","price":6.05},{"type":"A","date":"2018-03-22T05:04:06.000Z","volume":1000,"label":" ","price":6.05},{"type":"A","date":"2018-03-22T05:04:39.000Z","volume":72000,"label":" ","price":6.05},{"type":"A","date":"2018-03-22T05:04:46.000Z","volume":21000,"label":" ","price":6.07},{"type":"B","date":"2018-03-22T05:04:47.000Z","volume":1000,"label":" ","price":6.04},{"type":"B","date":"2018-03-22T05:04:51.000Z","volume":1000,"label":" ","price":6.04},{"type":"A","date":"2018-03-22T05:04:56.000Z","volume":6000,"label":" ","price":6.07},{"type":"B","date":"2018-03-22T05:05:02.000Z","volume":1000,"label":" ","price":6.06},{"type":"A","date":"2018-03-22T05:05:02.000Z","volume":37000,"label":" ","price":6.07},{"type":"A","date":"2018-03-22T05:05:02.000Z","volume":22000,"label":" ","price":6.07},{"type":"A","date":"2018-03-22T05:05:06.000Z","volume":11000,"label":" ","price":6.09},{"type":"A","date":"2018-03-22T05:05:16.000Z","volume":12000,"label":" ","price":6.1},{"type":"B","date":"2018-03-22T05:05:17.000Z","volume":1000,"label":" ","price":6.07},{"type":"A","date":"2018-03-22T05:05:26.000Z","volume":1000,"label":" ","price":6.1},{"type":"A","date":"2018-03-22T05:05:36.000Z","volume":1000,"label":" ","price":6.12},{"type":"A","date":"2018-03-22T05:05:46.000Z","volume":1000,"label":" ","price":6.13},{"type":"A","date":"2018-03-22T05:05:56.000Z","volume":3000,"label":" ","price":6.14},{"type":"A","date":"2018-03-22T05:06:05.000Z","volume":3000,"label":" ","price":6.14},{"type":"A","date":"2018-03-22T05:06:06.000Z","volume":2000,"label":" ","price":6.14},{"type":"A","date":"2018-03-22T05:06:16.000Z","volume":1000,"label":" ","price":6.15},{"type":"A","date":"2018-03-22T05:07:47.000Z","volume":3000,"label":" ","price":6.12},{"type":"B","date":"2018-03-22T05:11:17.000Z","volume":1000,"label":" ","price":6.11},{"type":"B","date":"2018-03-22T05:11:22.000Z","volume":7000,"label":" ","price":6.11},{"type":"A","date":"2018-03-22T05:11:46.000Z","volume":1000,"label":" ","price":6.11},{"type":"A","date":"2018-03-22T05:11:56.000Z","volume":1000,"label":" ","price":6.11},{"type":"B","date":"2018-03-22T05:13:47.000Z","volume":1000,"label":" ","price":6.08},{"type":"B","date":"2018-03-22T05:14:02.000Z","volume":15000,"label":" ","price":6.08},{"type":"A","date":"2018-03-22T05:14:06.000Z","volume":3000,"label":" ","price":6.12},{"type":"A","date":"2018-03-22T05:14:16.000Z","volume":2000,"label":" ","price":6.12},{"type":"B","date":"2018-03-22T05:14:17.000Z","volume":1000,"label":" ","price":6.08},{"type":"A","date":"2018-03-22T05:14:56.000Z","volume":1000,"label":" ","price":6.11},{"type":"B","date":"2018-03-22T05:15:02.000Z","volume":1000,"label":" ","price":6.08},{"type":"A","date":"2018-03-22T05:15:06.000Z","volume":1000,"label":" ","price":6.09},{"type":"B","date":"2018-03-22T05:15:25.000Z","volume":1000,"label":" ","price":6.08},{"type":"B","date":"2018-03-22T05:20:17.000Z","volume":1000,"label":" ","price":6.06},{"type":"B","date":"2018-03-22T05:21:32.000Z","volume":1000,"label":" ","price":6.05},{"type":"B","date":"2018-03-22T05:22:13.000Z","volume":2000,"label":" ","price":6.05},{"type":"B","date":"2018-03-22T05:22:47.000Z","volume":1000,"label":" ","price":6.05},{"type":"B","date":"2018-03-22T05:24:02.000Z","volume":1000,"label":" ","price":6.05},{"type":"A","date":"2018-03-22T05:24:06.000Z","volume":1000,"label":" ","price":6.09},{"type":"A","date":"2018-03-22T05:24:16.000Z","volume":1000,"label":" ","price":6.1},{"type":"B","date":"2018-03-22T05:25:17.000Z","volume":1000,"label":" ","price":6.06},{"type":"B","date":"2018-03-22T05:25:32.000Z","volume":1000,"label":" ","price":6.06},{"type":"B","date":"2018-03-22T05:25:32.000Z","volume":1000,"label":" ","price":6.06},{"type":"B","date":"2018-03-22T05:28:32.000Z","volume":1000,"label":" ","price":6.05},{"type":"B","date":"2018-03-22T05:29:04.000Z","volume":20000,"label":" ","price":6.05},{"type":"A","date":"2018-03-22T05:29:04.000Z","volume":1000,"label":" ","price":6.06},{"type":"A","date":"2018-03-22T05:29:06.000Z","volume":4000,"label":" ","price":6.09},{"type":"B","date":"2018-03-22T05:29:09.000Z","volume":5000,"label":" ","price":6.06},{"type":"A","date":"2018-03-22T05:29:16.000Z","volume":1000,"label":" ","price":6.09},{"type":"A","date":"2018-03-22T05:29:26.000Z","volume":2000,"label":" ","price":6.09},{"type":"B","date":"2018-03-22T05:29:32.000Z","volume":1000,"label":" ","price":6.06},{"type":"B","date":"2018-03-22T05:30:40.000Z","volume":1000,"label":" ","price":6.06},{"type":"A","date":"2018-03-22T05:31:28.000Z","volume":2000,"label":" ","price":6.08},{"type":"B","date":"2018-03-22T05:32:32.000Z","volume":1000,"label":" ","price":6.06},{"type":"A","date":"2018-03-22T05:32:37.000Z","volume":1000,"label":" ","price":6.08},{"type":"A","date":"2018-03-22T05:32:57.000Z","volume":1000,"label":" ","price":6.08},{"type":"B","date":"2018-03-22T05:33:17.000Z","volume":1000,"label":" ","price":6.06},{"type":"B","date":"2018-03-22T05:34:02.000Z","volume":1000,"label":" ","price":6.06},{"type":"A","date":"2018-03-22T05:34:08.000Z","volume":2000,"label":" ","price":6.07},{"type":"B","date":"2018-03-22T05:34:32.000Z","volume":1000,"label":" ","price":6.06},{"type":"B","date":"2018-03-22T05:35:10.000Z","volume":1000,"label":" ","price":6.06},{"type":"A","date":"2018-03-22T05:35:10.000Z","volume":4000,"label":" ","price":6.07},{"type":"A","date":"2018-03-22T05:35:44.000Z","volume":10000,"label":" ","price":6.07},{"type":"A","date":"2018-03-22T05:35:44.000Z","volume":5000,"label":" ","price":6.07},{"type":"A","date":"2018-03-22T05:35:47.000Z","volume":4000,"label":" ","price":6.1},{"type":"A","date":"2018-03-22T05:35:57.000Z","volume":1000,"label":" ","price":6.1},{"type":"A","date":"2018-03-22T05:36:07.000Z","volume":1000,"label":" ","price":6.1},{"type":"A","date":"2018-03-22T05:36:17.000Z","volume":1000,"label":" ","price":6.1},{"type":"A","date":"2018-03-22T05:36:27.000Z","volume":1000,"label":" ","price":6.1},{"type":"B","date":"2018-03-22T05:36:40.000Z","volume":1000,"label":" ","price":6.07},{"type":"A","date":"2018-03-22T05:36:47.000Z","volume":1000,"label":" ","price":6.1},{"type":"A","date":"2018-03-22T05:36:57.000Z","volume":1000,"label":" ","price":6.1},{"type":"B","date":"2018-03-22T05:37:02.000Z","volume":1000,"label":" ","price":6.07},{"type":"B","date":"2018-03-22T05:37:32.000Z","volume":1000,"label":" ","price":6.07},{"type":"B","date":"2018-03-22T05:37:47.000Z","volume":1000,"label":" ","price":6.07},{"type":"B","date":"2018-03-22T05:37:47.000Z","volume":1000,"label":" ","price":6.07},{"type":"B","date":"2018-03-22T05:38:10.000Z","volume":1000,"label":" ","price":6.07},{"type":"B","date":"2018-03-22T05:38:10.000Z","volume":1000,"label":" ","price":6.07},{"type":"B","date":"2018-03-22T05:38:36.000Z","volume":1000,"label":" ","price":6.06},{"type":"B","date":"2018-03-22T05:38:47.000Z","volume":1000,"label":" ","price":6.06},{"type":"B","date":"2018-03-22T05:38:59.000Z","volume":7000,"label":" ","price":6.06},{"type":"B","date":"2018-03-22T05:38:59.000Z","volume":4000,"label":" ","price":6.06},{"type":"A","date":"2018-03-22T05:38:59.000Z","volume":1000,"label":" ","price":6.06},{"type":"A","date":"2018-03-22T05:39:07.000Z","volume":2000,"label":" ","price":6.06},{"type":"A","date":"2018-03-22T05:39:07.000Z","volume":9000,"label":" ","price":6.06},{"type":"A","date":"2018-03-22T05:39:07.000Z","volume":1000,"label":" ","price":6.07},{"type":"A","date":"2018-03-22T05:39:17.000Z","volume":4000,"label":" ","price":6.07},{"type":"A","date":"2018-03-22T05:39:17.000Z","volume":2000,"label":" ","price":6.07},{"type":"A","date":"2018-03-22T05:39:27.000Z","volume":1000,"label":" ","price":6.1},{"type":"A","date":"2018-03-22T05:39:37.000Z","volume":2000,"label":" ","price":6.1},{"type":"B","date":"2018-03-22T05:42:32.000Z","volume":1000,"label":" ","price":6.07},{"type":"B","date":"2018-03-22T05:43:32.000Z","volume":1000,"label":" ","price":6.07},{"type":"A","date":"2018-03-22T05:43:47.000Z","volume":1000,"label":" ","price":6.1},{"type":"A","date":"2018-03-22T05:43:57.000Z","volume":1000,"label":" ","price":6.1},{"type":"A","date":"2018-03-22T05:44:07.000Z","volume":1000,"label":" ","price":6.1},{"type":"B","date":"2018-03-22T05:45:17.000Z","volume":1000,"label":" ","price":6.07},{"type":"B","date":"2018-03-22T05:45:47.000Z","volume":1000,"label":" ","price":6.07},{"type":"B","date":"2018-03-22T05:46:03.000Z","volume":5000,"label":" ","price":6.07},{"type":"A","date":"2018-03-22T05:46:07.000Z","volume":1000,"label":" ","price":6.1},{"type":"B","date":"2018-03-22T05:46:25.000Z","volume":1000,"label":" ","price":6.07},{"type":"A","date":"2018-03-22T05:46:27.000Z","volume":1000,"label":" ","price":6.1},{"type":"B","date":"2018-03-22T05:47:32.000Z","volume":1000,"label":" ","price":6.08},{"type":"B","date":"2018-03-22T05:47:32.000Z","volume":1000,"label":" ","price":6.08},{"type":"B","date":"2018-03-22T05:48:46.000Z","volume":20000,"label":" ","price":6.08},{"type":"B","date":"2018-03-22T05:48:46.000Z","volume":4000,"label":" ","price":6.08},{"type":"B","date":"2018-03-22T05:48:47.000Z","volume":1000,"label":" ","price":6.08},{"type":"B","date":"2018-03-22T05:48:47.000Z","volume":1000,"label":" ","price":6.08},{"type":"A","date":"2018-03-22T05:48:47.000Z","volume":1000,"label":" ","price":6.08},{"type":"A","date":"2018-03-22T05:48:57.000Z","volume":3000,"label":" ","price":6.1},{"type":"A","date":"2018-03-22T05:49:44.000Z","volume":10000,"label":" ","price":6.1},{"type":"A","date":"2018-03-22T05:49:47.000Z","volume":3000,"label":" ","price":6.1},{"type":"A","date":"2018-03-22T05:49:57.000Z","volume":1000,"label":" ","price":6.1},{"type":"B","date":"2018-03-22T05:52:17.000Z","volume":1000,"label":" ","price":6.08},{"type":"A","date":"2018-03-22T05:52:58.000Z","volume":1000,"label":" ","price":6.09},{"type":"B","date":"2018-03-22T05:52:58.000Z","volume":1000,"label":" ","price":6.08},{"type":"B","date":"2018-03-22T05:53:19.000Z","volume":2000,"label":" ","price":6.08},{"type":"B","date":"2018-03-22T05:53:32.000Z","volume":1000,"label":" ","price":6.07},{"type":"A","date":"2018-03-22T05:54:32.000Z","volume":8000,"label":" ","price":6.09},{"type":"A","date":"2018-03-22T05:54:38.000Z","volume":2000,"label":" ","price":6.1},{"type":"B","date":"2018-03-22T05:54:39.000Z","volume":3000,"label":" ","price":6.09},{"type":"A","date":"2018-03-22T05:54:48.000Z","volume":1000,"label":" ","price":6.09},{"type":"A","date":"2018-03-22T05:54:58.000Z","volume":1000,"label":" ","price":6.1},{"type":"A","date":"2018-03-22T05:56:24.000Z","volume":10000,"label":" ","price":6.1},{"type":"B","date":"2018-03-22T05:56:32.000Z","volume":1000,"label":" ","price":6.09},{"type":"B","date":"2018-03-22T05:57:32.000Z","volume":1000,"label":" ","price":6.09},{"type":"A","date":"2018-03-22T05:57:41.000Z","volume":1000,"label":" ","price":6.1},{"type":"A","date":"2018-03-22T05:58:01.000Z","volume":1000,"label":" ","price":6.1},{"type":"B","date":"2018-03-22T05:58:32.000Z","volume":1000,"label":" ","price":6.09},{"type":"B","date":"2018-03-22T05:59:32.000Z","volume":1000,"label":" ","price":6.09},{"type":"A","date":"2018-03-22T05:59:41.000Z","volume":1000,"label":" ","price":6.1},{"type":"A","date":"2018-03-22T05:59:51.000Z","volume":1000,"label":" ","price":6.1},{"type":"B","date":"2018-03-22T06:01:17.000Z","volume":1000,"label":" ","price":6.09},{"type":"A","date":"2018-03-22T06:01:31.000Z","volume":1000,"label":" ","price":6.1},{"type":"A","date":"2018-03-22T06:01:51.000Z","volume":1000,"label":" ","price":6.1},{"type":"B","date":"2018-03-22T06:01:57.000Z","volume":9000,"label":" ","price":6.09},{"type":"A","date":"2018-03-22T06:02:01.000Z","volume":3000,"label":" ","price":6.09},{"type":"B","date":"2018-03-22T06:02:10.000Z","volume":1000,"label":" ","price":6.08},{"type":"B","date":"2018-03-22T06:02:17.000Z","volume":1000,"label":" ","price":6.07},{"type":"B","date":"2018-03-22T06:02:25.000Z","volume":1000,"label":" ","price":6.07},{"type":"B","date":"2018-03-22T06:03:17.000Z","volume":1000,"label":" ","price":6.07},{"type":"B","date":"2018-03-22T06:04:17.000Z","volume":1000,"label":" ","price":6.07},{"type":"A","date":"2018-03-22T06:04:31.000Z","volume":1000,"label":" ","price":6.08},{"type":"A","date":"2018-03-22T06:04:41.000Z","volume":1000,"label":" ","price":6.08},{"type":"A","date":"2018-03-22T06:05:12.000Z","volume":3000,"label":" ","price":6.08},{"type":"A","date":"2018-03-22T06:05:12.000Z","volume":10000,"label":" ","price":6.08},{"type":"A","date":"2018-03-22T06:05:21.000Z","volume":1000,"label":" ","price":6.1},{"type":"B","date":"2018-03-22T06:06:01.000Z","volume":50000,"label":" ","price":6.07},{"type":"A","date":"2018-03-22T06:06:01.000Z","volume":5000,"label":" ","price":6.1},{"type":"B","date":"2018-03-22T06:06:02.000Z","volume":1000,"label":" ","price":6.07},{"type":"A","date":"2018-03-22T06:06:11.000Z","volume":3000,"label":" ","price":6.09},{"type":"A","date":"2018-03-22T06:06:21.000Z","volume":2000,"label":" ","price":6.09},{"type":"A","date":"2018-03-22T06:06:31.000Z","volume":1000,"label":" ","price":6.09},{"type":"A","date":"2018-03-22T06:06:41.000Z","volume":3000,"label":" ","price":6.1},{"type":"A","date":"2018-03-22T06:06:48.000Z","volume":1000,"label":" ","price":6.09},{"type":"A","date":"2018-03-22T06:06:51.000Z","volume":2000,"label":" ","price":6.09},{"type":"A","date":"2018-03-22T06:07:01.000Z","volume":2000,"label":" ","price":6.09},{"type":"B","date":"2018-03-22T06:10:17.000Z","volume":1000,"label":" ","price":6.07},{"type":"B","date":"2018-03-22T06:10:17.000Z","volume":1000,"label":" ","price":6.07},{"type":"B","date":"2018-03-22T06:10:17.000Z","volume":1000,"label":" ","price":6.07},{"type":"A","date":"2018-03-22T06:10:51.000Z","volume":1000,"label":" ","price":6.09},{"type":"A","date":"2018-03-22T06:10:52.000Z","volume":2000,"label":" ","price":6.09},{"type":"A","date":"2018-03-22T06:11:02.000Z","volume":1000,"label":" ","price":6.08},{"type":"B","date":"2018-03-22T06:13:17.000Z","volume":1000,"label":" ","price":6.07},{"type":"B","date":"2018-03-22T06:13:25.000Z","volume":1000,"label":" ","price":6.07},{"type":"B","date":"2018-03-22T06:13:25.000Z","volume":1000,"label":" ","price":6.07},{"type":"B","date":"2018-03-22T06:13:32.000Z","volume":1000,"label":" ","price":6.06},{"type":"B","date":"2018-03-22T06:16:02.000Z","volume":1000,"label":" ","price":6.06},{"type":"B","date":"2018-03-22T06:16:47.000Z","volume":1000,"label":" ","price":6.06},{"type":"B","date":"2018-03-22T06:17:32.000Z","volume":1000,"label":" ","price":6.06},{"type":"B","date":"2018-03-22T06:18:17.000Z","volume":1000,"label":" ","price":6.06},{"type":"B","date":"2018-03-22T06:18:19.000Z","volume":10000,"label":" ","price":6.06},{"type":"B","date":"2018-03-22T06:18:19.000Z","volume":11000,"label":" ","price":6.06},{"type":"B","date":"2018-03-22T06:18:20.000Z","volume":1000,"label":" ","price":6.06},{"type":"B","date":"2018-03-22T06:19:02.000Z","volume":1000,"label":" ","price":6.05},{"type":"B","date":"2018-03-22T06:19:40.000Z","volume":1000,"label":" ","price":6.05},{"type":"B","date":"2018-03-22T06:19:47.000Z","volume":4000,"label":" ","price":6.05},{"type":"A","date":"2018-03-22T06:19:52.000Z","volume":1000,"label":" ","price":6.06},{"type":"A","date":"2018-03-22T06:19:55.000Z","volume":2000,"label":" ","price":6.06},{"type":"A","date":"2018-03-22T06:20:02.000Z","volume":2000,"label":" ","price":6.06},{"type":"B","date":"2018-03-22T06:20:17.000Z","volume":1000,"label":" ","price":6.05},{"type":"B","date":"2018-03-22T06:20:40.000Z","volume":1000,"label":" ","price":6.05},{"type":"B","date":"2018-03-22T06:20:41.000Z","volume":1000,"label":" ","price":6.05},{"type":"B","date":"2018-03-22T06:21:17.000Z","volume":1000,"label":" ","price":6.05},{"type":"A","date":"2018-03-22T06:21:22.000Z","volume":1000,"label":" ","price":6.06},{"type":"A","date":"2018-03-22T06:21:26.000Z","volume":3000,"label":" ","price":6.06},{"type":"A","date":"2018-03-22T06:21:32.000Z","volume":1000,"label":" ","price":6.06},{"type":"B","date":"2018-03-22T06:21:41.000Z","volume":20000,"label":" ","price":6.05},{"type":"A","date":"2018-03-22T06:21:42.000Z","volume":1000,"label":" ","price":6.06},{"type":"B","date":"2018-03-22T06:21:42.000Z","volume":1000,"label":" ","price":6.05},{"type":"A","date":"2018-03-22T06:21:52.000Z","volume":4000,"label":" ","price":6.07},{"type":"A","date":"2018-03-22T06:22:02.000Z","volume":1000,"label":" ","price":6.07},{"type":"A","date":"2018-03-22T06:22:31.000Z","volume":1000,"label":" ","price":6.07},{"type":"A","date":"2018-03-22T06:22:32.000Z","volume":1000,"label":" ","price":6.07},{"type":"A","date":"2018-03-22T06:22:42.000Z","volume":1000,"label":" ","price":6.07},{"type":"B","date":"2018-03-22T06:24:02.000Z","volume":1000,"label":" ","price":6.06},{"type":"B","date":"2018-03-22T06:24:47.000Z","volume":1000,"label":" ","price":6.06},{"type":"B","date":"2018-03-22T06:25:32.000Z","volume":1000,"label":" ","price":6.06},{"type":"B","date":"2018-03-22T06:26:10.000Z","volume":1000,"label":" ","price":6.06},{"type":"B","date":"2018-03-22T06:27:02.000Z","volume":1000,"label":" ","price":6.06},{"type":"B","date":"2018-03-22T06:28:02.000Z","volume":1000,"label":" ","price":6.06},{"type":"B","date":"2018-03-22T06:29:02.000Z","volume":1000,"label":" ","price":6.06},{"type":"B","date":"2018-03-22T06:29:47.000Z","volume":1000,"label":" ","price":6.06},{"type":"B","date":"2018-03-22T06:30:17.000Z","volume":1000,"label":" ","price":6.06},{"type":"B","date":"2018-03-22T06:31:02.000Z","volume":1000,"label":" ","price":6.06},{"type":"A","date":"2018-03-22T06:31:55.000Z","volume":2000,"label":" ","price":6.07},{"type":"B","date":"2018-03-22T06:32:02.000Z","volume":1000,"label":" ","price":6.06},{"type":"A","date":"2018-03-22T06:32:02.000Z","volume":1000,"label":" ","price":6.07},{"type":"A","date":"2018-03-22T06:32:09.000Z","volume":2000,"label":" ","price":6.07},{"type":"A","date":"2018-03-22T06:32:12.000Z","volume":1000,"label":" ","price":6.07},{"type":"B","date":"2018-03-22T06:32:47.000Z","volume":1000,"label":" ","price":6.06},{"type":"B","date":"2018-03-22T06:33:47.000Z","volume":1000,"label":" ","price":6.06},{"type":"B","date":"2018-03-22T06:34:32.000Z","volume":1000,"label":" ","price":6.06},{"type":"B","date":"2018-03-22T06:35:32.000Z","volume":1000,"label":" ","price":6.06},{"type":"B","date":"2018-03-22T06:35:32.000Z","volume":1000,"label":" ","price":6.06},{"type":"B","date":"2018-03-22T06:35:32.000Z","volume":1000,"label":" ","price":6.06},{"type":"B","date":"2018-03-22T06:35:32.000Z","volume":1000,"label":" ","price":6.06},{"type":"B","date":"2018-03-22T06:38:10.000Z","volume":1000,"label":" ","price":6.05},{"type":"B","date":"2018-03-22T06:39:02.000Z","volume":1000,"label":" ","price":6.05},{"type":"B","date":"2018-03-22T06:39:47.000Z","volume":1000,"label":" ","price":6.05},{"type":"B","date":"2018-03-22T06:40:17.000Z","volume":1000,"label":" ","price":6.05},{"type":"B","date":"2018-03-22T06:40:30.000Z","volume":3000,"label":" ","price":6.05},{"type":"B","date":"2018-03-22T06:40:55.000Z","volume":1000,"label":" ","price":6.05},{"type":"B","date":"2018-03-22T06:41:22.000Z","volume":1000,"label":" ","price":6.05},{"type":"A","date":"2018-03-22T06:41:23.000Z","volume":2000,"label":" ","price":6.06},{"type":"A","date":"2018-03-22T06:41:33.000Z","volume":1000,"label":" ","price":6.06},{"type":"A","date":"2018-03-22T06:41:53.000Z","volume":1000,"label":" ","price":6.06},{"type":"B","date":"2018-03-22T06:42:02.000Z","volume":1000,"label":" ","price":6.05},{"type":"A","date":"2018-03-22T06:42:03.000Z","volume":1000,"label":" ","price":6.06},{"type":"B","date":"2018-03-22T06:42:04.000Z","volume":23000,"label":" ","price":6.05},{"type":"A","date":"2018-03-22T06:42:13.000Z","volume":1000,"label":" ","price":6.06},{"type":"B","date":"2018-03-22T06:43:02.000Z","volume":1000,"label":" ","price":6.05},{"type":"B","date":"2018-03-22T06:43:35.000Z","volume":3000,"label":" ","price":6.05},{"type":"A","date":"2018-03-22T06:43:43.000Z","volume":2000,"label":" ","price":6.06},{"type":"B","date":"2018-03-22T06:43:47.000Z","volume":1000,"label":" ","price":6.05},{"type":"A","date":"2018-03-22T06:43:53.000Z","volume":1000,"label":" ","price":6.06},{"type":"A","date":"2018-03-22T06:44:03.000Z","volume":2000,"label":" ","price":6.06},{"type":"B","date":"2018-03-22T06:44:04.000Z","volume":1000,"label":" ","price":6.05},{"type":"B","date":"2018-03-22T06:44:17.000Z","volume":1000,"label":" ","price":6.05},{"type":"B","date":"2018-03-22T06:44:40.000Z","volume":14000,"label":" ","price":6.05},{"type":"B","date":"2018-03-22T06:44:52.000Z","volume":1000,"label":" ","price":6.05},{"type":"B","date":"2018-03-22T06:45:02.000Z","volume":1000,"label":" ","price":6.05},{"type":"B","date":"2018-03-22T06:45:17.000Z","volume":1000,"label":" ","price":6.05},{"type":"A","date":"2018-03-22T06:45:56.000Z","volume":3000,"label":" ","price":6.06},{"type":"A","date":"2018-03-22T06:46:00.000Z","volume":2000,"label":" ","price":6.06},{"type":"A","date":"2018-03-22T06:46:00.000Z","volume":11000,"label":" ","price":6.06},{"type":"A","date":"2018-03-22T06:46:03.000Z","volume":1000,"label":" ","price":6.06},{"type":"A","date":"2018-03-22T06:46:07.000Z","volume":1000,"label":" ","price":6.07},{"type":"B","date":"2018-03-22T06:46:11.000Z","volume":5000,"label":" ","price":6.06},{"type":"A","date":"2018-03-22T06:46:11.000Z","volume":1000,"label":" ","price":6.07},{"type":"B","date":"2018-03-22T06:46:23.000Z","volume":5000,"label":" ","price":6.06},{"type":"A","date":"2018-03-22T06:46:23.000Z","volume":2000,"label":" ","price":6.06},{"type":"A","date":"2018-03-22T06:46:23.000Z","volume":1000,"label":" ","price":6.07},{"type":"B","date":"2018-03-22T06:46:24.000Z","volume":1000,"label":" ","price":6.05},{"type":"A","date":"2018-03-22T06:46:33.000Z","volume":2000,"label":" ","price":6.07},{"type":"B","date":"2018-03-22T06:49:32.000Z","volume":1000,"label":" ","price":6.06},{"type":"B","date":"2018-03-22T06:50:17.000Z","volume":2000,"label":" ","price":6.06},{"type":"B","date":"2018-03-22T06:50:17.000Z","volume":1000,"label":" ","price":6.06},{"type":"B","date":"2018-03-22T06:52:47.000Z","volume":1000,"label":" ","price":6.06},{"type":"A","date":"2018-03-22T06:52:53.000Z","volume":1000,"label":" ","price":6.07},{"type":"A","date":"2018-03-22T06:53:13.000Z","volume":1000,"label":" ","price":6.07},{"type":"B","date":"2018-03-22T06:53:32.000Z","volume":1000,"label":" ","price":6.06},{"type":"B","date":"2018-03-22T06:53:32.000Z","volume":1000,"label":" ","price":6.06},{"type":"B","date":"2018-03-22T06:53:32.000Z","volume":1000,"label":" ","price":6.06},{"type":"B","date":"2018-03-22T06:53:32.000Z","volume":1000,"label":" ","price":6.06},{"type":"B","date":"2018-03-22T06:53:32.000Z","volume":1000,"label":" ","price":6.06},{"type":"B","date":"2018-03-22T06:53:40.000Z","volume":1000,"label":" ","price":6.06},{"type":"A","date":"2018-03-22T06:53:53.000Z","volume":1000,"label":" ","price":6.07},{"type":"A","date":"2018-03-22T06:54:03.000Z","volume":1000,"label":" ","price":6.07},{"type":"B","date":"2018-03-22T06:54:10.000Z","volume":1000,"label":" ","price":6.06},{"type":"B","date":"2018-03-22T06:54:32.000Z","volume":4000,"label":" ","price":6.06},{"type":"B","date":"2018-03-22T06:55:01.000Z","volume":44000,"label":" ","price":6.05},{"type":"B","date":"2018-03-22T06:55:01.000Z","volume":11000,"label":" ","price":6.05},{"type":"B","date":"2018-03-22T06:55:02.000Z","volume":1000,"label":" ","price":6.02},{"type":"A","date":"2018-03-22T06:55:03.000Z","volume":4000,"label":" ","price":6.05},{"type":"A","date":"2018-03-22T06:55:13.000Z","volume":1000,"label":" ","price":6.05},{"type":"A","date":"2018-03-22T06:55:24.000Z","volume":1000,"label":" ","price":6.05},{"type":"B","date":"2018-03-22T06:56:27.000Z","volume":10000,"label":" ","price":6.04},{"type":"A","date":"2018-03-22T06:56:39.000Z","volume":13000,"label":" ","price":6.05},{"type":"A","date":"2018-03-22T06:56:43.000Z","volume":3000,"label":" ","price":6.07},{"type":"B","date":"2018-03-22T06:56:53.000Z","volume":3000,"label":" ","price":6.05},{"type":"A","date":"2018-03-22T06:56:53.000Z","volume":1000,"label":" ","price":6.05},{"type":"A","date":"2018-03-22T06:56:58.000Z","volume":11000,"label":" ","price":6.05},{"type":"A","date":"2018-03-22T06:56:58.000Z","volume":5000,"label":" ","price":6.05},{"type":"A","date":"2018-03-22T06:56:59.000Z","volume":2000,"label":" ","price":6.05},{"type":"A","date":"2018-03-22T06:57:03.000Z","volume":2000,"label":" ","price":6.07},{"type":"A","date":"2018-03-22T06:57:13.000Z","volume":2000,"label":" ","price":6.07},{"type":"A","date":"2018-03-22T06:57:24.000Z","volume":1000,"label":" ","price":6.1},{"type":"A","date":"2018-03-22T06:57:34.000Z","volume":1000,"label":" ","price":6.09},{"type":"A","date":"2018-03-22T06:57:44.000Z","volume":1000,"label":" ","price":6.09},{"type":"B","date":"2018-03-22T06:57:48.000Z","volume":18000,"label":" ","price":6.05},{"type":"B","date":"2018-03-22T06:57:49.000Z","volume":1000,"label":" ","price":6.05},{"type":"A","date":"2018-03-22T06:57:54.000Z","volume":3000,"label":" ","price":6.09},{"type":"A","date":"2018-03-22T06:58:04.000Z","volume":2000,"label":" ","price":6.09},{"type":"A","date":"2018-03-22T06:58:14.000Z","volume":1000,"label":" ","price":6.1},{"type":"A","date":"2018-03-22T06:58:44.000Z","volume":1000,"label":" ","price":6.1},{"type":"B","date":"2018-03-22T07:00:40.000Z","volume":1000,"label":" ","price":6.06},{"type":"B","date":"2018-03-22T07:01:10.000Z","volume":1000,"label":" ","price":6.06},{"type":"B","date":"2018-03-22T07:01:47.000Z","volume":1000,"label":" ","price":6.06},{"type":"B","date":"2018-03-22T07:02:32.000Z","volume":1000,"label":" ","price":6.06},{"type":"B","date":"2018-03-22T07:02:55.000Z","volume":1000,"label":" ","price":6.06},{"type":"A","date":"2018-03-22T07:03:04.000Z","volume":1000,"label":" ","price":6.09},{"type":"B","date":"2018-03-22T07:03:25.000Z","volume":1000,"label":" ","price":6.06},{"type":"B","date":"2018-03-22T07:03:55.000Z","volume":1000,"label":" ","price":6.06},{"type":"B","date":"2018-03-22T07:04:25.000Z","volume":1000,"label":" ","price":6.06},{"type":"B","date":"2018-03-22T07:04:47.000Z","volume":1000,"label":" ","price":6.06},{"type":"B","date":"2018-03-22T07:05:17.000Z","volume":1000,"label":" ","price":6.06},{"type":"B","date":"2018-03-22T07:05:40.000Z","volume":1000,"label":" ","price":6.06},{"type":"B","date":"2018-03-22T07:06:02.000Z","volume":1000,"label":" ","price":6.07},{"type":"B","date":"2018-03-22T07:06:32.000Z","volume":1000,"label":" ","price":6.07},{"type":"B","date":"2018-03-22T07:06:47.000Z","volume":1000,"label":" ","price":6.08},{"type":"B","date":"2018-03-22T07:07:10.000Z","volume":1000,"label":" ","price":6.08},{"type":"A","date":"2018-03-22T07:07:28.000Z","volume":2000,"label":" ","price":6.09},{"type":"B","date":"2018-03-22T07:07:29.000Z","volume":1000,"label":" ","price":6.08},{"type":"B","date":"2018-03-22T07:07:47.000Z","volume":1000,"label":" ","price":6.08},{"type":"B","date":"2018-03-22T07:08:17.000Z","volume":1000,"label":" ","price":6.08},{"type":"A","date":"2018-03-22T07:08:24.000Z","volume":1000,"label":" ","price":6.09},{"type":"B","date":"2018-03-22T07:08:32.000Z","volume":1000,"label":" ","price":6.08},{"type":"A","date":"2018-03-22T07:08:44.000Z","volume":1000,"label":" ","price":6.09},{"type":"A","date":"2018-03-22T07:08:54.000Z","volume":1000,"label":" ","price":6.09},{"type":"B","date":"2018-03-22T07:08:55.000Z","volume":1000,"label":" ","price":6.08},{"type":"A","date":"2018-03-22T07:09:04.000Z","volume":1000,"label":" ","price":6.09},{"type":"B","date":"2018-03-22T07:09:17.000Z","volume":1000,"label":" ","price":6.08},{"type":"A","date":"2018-03-22T07:09:38.000Z","volume":9000,"label":" ","price":6.09},{"type":"A","date":"2018-03-22T07:09:38.000Z","volume":15000,"label":" ","price":6.1},{"type":"A","date":"2018-03-22T07:09:44.000Z","volume":4000,"label":" ","price":6.12},{"type":"A","date":"2018-03-22T07:10:34.000Z","volume":1000,"label":" ","price":6.12},{"type":"B","date":"2018-03-22T07:10:34.000Z","volume":33000,"label":" ","price":6.1},{"type":"B","date":"2018-03-22T07:10:35.000Z","volume":1000,"label":" ","price":6.1},{"type":"A","date":"2018-03-22T07:10:44.000Z","volume":6000,"label":" ","price":6.12},{"type":"A","date":"2018-03-22T07:10:54.000Z","volume":2000,"label":" ","price":6.12},{"type":"A","date":"2018-03-22T07:11:04.000Z","volume":1000,"label":" ","price":6.12},{"type":"A","date":"2018-03-22T07:11:14.000Z","volume":1000,"label":" ","price":6.12},{"type":"A","date":"2018-03-22T07:11:24.000Z","volume":1000,"label":" ","price":6.12},{"type":"B","date":"2018-03-22T07:11:28.000Z","volume":9000,"label":" ","price":6.09},{"type":"B","date":"2018-03-22T07:11:32.000Z","volume":1000,"label":" ","price":6.08},{"type":"A","date":"2018-03-22T07:11:34.000Z","volume":1000,"label":" ","price":6.09},{"type":"A","date":"2018-03-22T07:11:54.000Z","volume":1000,"label":" ","price":6.09},{"type":"B","date":"2018-03-22T07:11:55.000Z","volume":1000,"label":" ","price":6.08},{"type":"A","date":"2018-03-22T07:12:04.000Z","volume":1000,"label":" ","price":6.09},{"type":"B","date":"2018-03-22T07:12:17.000Z","volume":1000,"label":" ","price":6.08},{"type":"B","date":"2018-03-22T07:12:47.000Z","volume":1000,"label":" ","price":6.08},{"type":"B","date":"2018-03-22T07:13:17.000Z","volume":1000,"label":" ","price":6.08},{"type":"B","date":"2018-03-22T07:14:02.000Z","volume":1000,"label":" ","price":6.08},{"type":"A","date":"2018-03-22T07:14:04.000Z","volume":1000,"label":" ","price":6.09},{"type":"A","date":"2018-03-22T07:14:14.000Z","volume":1000,"label":" ","price":6.09},{"type":"B","date":"2018-03-22T07:14:32.000Z","volume":1000,"label":" ","price":6.08},{"type":"A","date":"2018-03-22T07:14:34.000Z","volume":1000,"label":" ","price":6.09},{"type":"B","date":"2018-03-22T07:15:02.000Z","volume":1000,"label":" ","price":6.08},{"type":"A","date":"2018-03-22T07:15:04.000Z","volume":1000,"label":" ","price":6.09},{"type":"B","date":"2018-03-22T07:16:02.000Z","volume":1000,"label":" ","price":6.08},{"type":"B","date":"2018-03-22T07:16:06.000Z","volume":9000,"label":" ","price":6.08},{"type":"A","date":"2018-03-22T07:16:06.000Z","volume":1000,"label":" ","price":6.08},{"type":"B","date":"2018-03-22T07:16:07.000Z","volume":1000,"label":" ","price":6.06},{"type":"B","date":"2018-03-22T07:16:25.000Z","volume":1000,"label":" ","price":6.06},{"type":"A","date":"2018-03-22T07:16:44.000Z","volume":1000,"label":" ","price":6.08},{"type":"A","date":"2018-03-22T07:16:54.000Z","volume":1000,"label":" ","price":6.07},{"type":"A","date":"2018-03-22T07:17:04.000Z","volume":1000,"label":" ","price":6.07},{"type":"A","date":"2018-03-22T07:17:24.000Z","volume":1000,"label":" ","price":6.07},{"type":"B","date":"2018-03-22T07:17:26.000Z","volume":4000,"label":" ","price":6.06},{"type":"B","date":"2018-03-22T07:17:32.000Z","volume":1000,"label":" ","price":6.06},{"type":"B","date":"2018-03-22T07:17:32.000Z","volume":1000,"label":" ","price":6.06},{"type":"B","date":"2018-03-22T07:17:32.000Z","volume":1000,"label":" ","price":6.06},{"type":"A","date":"2018-03-22T07:17:34.000Z","volume":2000,"label":" ","price":6.07},{"type":"A","date":"2018-03-22T07:17:44.000Z","volume":1000,"label":" ","price":6.08},{"type":"B","date":"2018-03-22T07:19:29.000Z","volume":1000,"label":" ","price":6.06},{"type":"B","date":"2018-03-22T07:19:47.000Z","volume":1000,"label":" ","price":6.06},{"type":"B","date":"2018-03-22T07:20:32.000Z","volume":1000,"label":" ","price":6.06},{"type":"B","date":"2018-03-22T07:21:10.000Z","volume":1000,"label":" ","price":6.06},{"type":"B","date":"2018-03-22T07:21:40.000Z","volume":1000,"label":" ","price":6.06},{"type":"B","date":"2018-03-22T07:21:51.000Z","volume":3000,"label":" ","price":6.06},{"type":"B","date":"2018-03-22T07:22:02.000Z","volume":1000,"label":" ","price":6.06},{"type":"B","date":"2018-03-22T07:22:02.000Z","volume":1000,"label":" ","price":6.06},{"type":"A","date":"2018-03-22T07:22:31.000Z","volume":5000,"label":" ","price":6.06},{"type":"A","date":"2018-03-22T07:22:34.000Z","volume":1000,"label":" ","price":6.07},{"type":"B","date":"2018-03-22T07:22:59.000Z","volume":80000,"label":" ","price":6.05},{"type":"B","date":"2018-03-22T07:23:00.000Z","volume":2000,"label":" ","price":6.03},{"type":"B","date":"2018-03-22T07:23:02.000Z","volume":1000,"label":" ","price":6.03},{"type":"B","date":"2018-03-22T07:23:02.000Z","volume":1000,"label":" ","price":6.03},{"type":"A","date":"2018-03-22T07:23:04.000Z","volume":4000,"label":" ","price":6.08},{"type":"A","date":"2018-03-22T07:23:14.000Z","volume":7000,"label":" ","price":6.09},{"type":"A","date":"2018-03-22T07:23:24.000Z","volume":1000,"label":" ","price":6.08},{"type":"B","date":"2018-03-22T07:23:32.000Z","volume":1000,"label":" ","price":6.05},{"type":"B","date":"2018-03-22T07:23:33.000Z","volume":1000,"label":" ","price":6.05},{"type":"B","date":"2018-03-22T07:26:17.000Z","volume":1000,"label":" ","price":6.06},{"type":"A","date":"2018-03-22T07:26:34.000Z","volume":1000,"label":" ","price":6.08},{"type":"B","date":"2018-03-22T07:26:47.000Z","volume":1000,"label":" ","price":6.06},{"type":"A","date":"2018-03-22T07:26:54.000Z","volume":1000,"label":" ","price":6.08},{"type":"A","date":"2018-03-22T07:27:04.000Z","volume":1000,"label":" ","price":6.08},{"type":"B","date":"2018-03-22T07:27:25.000Z","volume":1000,"label":" ","price":6.06},{"type":"B","date":"2018-03-22T07:28:17.000Z","volume":1000,"label":" ","price":6.06},{"type":"B","date":"2018-03-22T07:29:02.000Z","volume":1000,"label":" ","price":6.06},{"type":"B","date":"2018-03-22T07:29:15.000Z","volume":7000,"label":" ","price":6.06},{"type":"A","date":"2018-03-22T07:29:32.000Z","volume":3000,"label":" ","price":6.07},{"type":"B","date":"2018-03-22T07:29:32.000Z","volume":1000,"label":" ","price":6.06},{"type":"B","date":"2018-03-22T07:29:47.000Z","volume":1000,"label":" ","price":6.06},{"type":"A","date":"2018-03-22T07:30:24.000Z","volume":1000,"label":" ","price":6.07},{"type":"A","date":"2018-03-22T07:30:34.000Z","volume":2000,"label":" ","price":6.07},{"type":"A","date":"2018-03-22T07:30:44.000Z","volume":1000,"label":" ","price":6.07},{"type":"A","date":"2018-03-22T07:30:54.000Z","volume":1000,"label":" ","price":6.07},{"type":"A","date":"2018-03-22T07:31:05.000Z","volume":8000,"label":" ","price":6.07},{"type":"A","date":"2018-03-22T07:31:14.000Z","volume":1000,"label":" ","price":6.07},{"type":"A","date":"2018-03-22T07:31:35.000Z","volume":5000,"label":" ","price":6.07},{"type":"A","date":"2018-03-22T07:32:44.000Z","volume":1000,"label":" ","price":6.09},{"type":"A","date":"2018-03-22T07:32:55.000Z","volume":1000,"label":" ","price":6.09},{"type":"A","date":"2018-03-22T07:33:05.000Z","volume":2000,"label":" ","price":6.09},{"type":"B","date":"2018-03-22T07:33:14.000Z","volume":1000,"label":" ","price":6.07},{"type":"A","date":"2018-03-22T07:33:55.000Z","volume":1000,"label":" ","price":6.09},{"type":"B","date":"2018-03-22T07:36:02.000Z","volume":1000,"label":" ","price":6.07},{"type":"B","date":"2018-03-22T07:36:47.000Z","volume":1000,"label":" ","price":6.07},{"type":"B","date":"2018-03-22T07:38:02.000Z","volume":1000,"label":" ","price":6.07},{"type":"B","date":"2018-03-22T07:38:47.000Z","volume":1000,"label":" ","price":6.07},{"type":"B","date":"2018-03-22T07:39:33.000Z","volume":2000,"label":" ","price":6.07},{"type":"B","date":"2018-03-22T07:39:47.000Z","volume":1000,"label":" ","price":6.07},{"type":"A","date":"2018-03-22T07:39:56.000Z","volume":6000,"label":" ","price":6.08},{"type":"B","date":"2018-03-22T07:40:47.000Z","volume":1000,"label":" ","price":6.07},{"type":"B","date":"2018-03-22T07:41:32.000Z","volume":1000,"label":" ","price":6.07},{"type":"A","date":"2018-03-22T07:41:55.000Z","volume":1000,"label":" ","price":6.08},{"type":"A","date":"2018-03-22T07:42:05.000Z","volume":2000,"label":" ","price":6.08},{"type":"B","date":"2018-03-22T07:42:17.000Z","volume":1000,"label":" ","price":6.07},{"type":"B","date":"2018-03-22T07:42:23.000Z","volume":5000,"label":" ","price":6.07},{"type":"B","date":"2018-03-22T07:42:24.000Z","volume":1000,"label":" ","price":6.07},{"type":"A","date":"2018-03-22T07:42:25.000Z","volume":2000,"label":" ","price":6.08},{"type":"A","date":"2018-03-22T07:42:35.000Z","volume":2000,"label":" ","price":6.08},{"type":"A","date":"2018-03-22T07:42:45.000Z","volume":1000,"label":" ","price":6.08},{"type":"A","date":"2018-03-22T07:42:55.000Z","volume":1000,"label":" ","price":6.08},{"type":"B","date":"2018-03-22T07:43:17.000Z","volume":1000,"label":" ","price":6.07},{"type":"B","date":"2018-03-22T07:43:39.000Z","volume":12000,"label":" ","price":6.07},{"type":"B","date":"2018-03-22T07:43:39.000Z","volume":11000,"label":" ","price":6.06},{"type":"B","date":"2018-03-22T07:43:39.000Z","volume":97000,"label":" ","price":6.05},{"type":"B","date":"2018-03-22T07:43:40.000Z","volume":2000,"label":" ","price":6.05},{"type":"A","date":"2018-03-22T07:43:45.000Z","volume":7000,"label":" ","price":6.07},{"type":"A","date":"2018-03-22T07:43:55.000Z","volume":8000,"label":" ","price":6.08},{"type":"B","date":"2018-03-22T07:43:58.000Z","volume":2000,"label":" ","price":6.05},{"type":"B","date":"2018-03-22T07:43:59.000Z","volume":1000,"label":" ","price":6.05},{"type":"A","date":"2018-03-22T07:44:03.000Z","volume":16000,"label":" ","price":6.09},{"type":"A","date":"2018-03-22T07:44:10.000Z","volume":1000,"label":" ","price":6.1},{"type":"A","date":"2018-03-22T07:44:15.000Z","volume":12000,"label":" ","price":6.11},{"type":"A","date":"2018-03-22T07:44:25.000Z","volume":2000,"label":" ","price":6.11},{"type":"A","date":"2018-03-22T07:44:35.000Z","volume":1000,"label":" ","price":6.11},{"type":"B","date":"2018-03-22T07:46:40.000Z","volume":1000,"label":" ","price":6.08},{"type":"B","date":"2018-03-22T07:47:10.000Z","volume":1000,"label":" ","price":6.08},{"type":"A","date":"2018-03-22T07:47:25.000Z","volume":1000,"label":" ","price":6.11},{"type":"A","date":"2018-03-22T07:47:45.000Z","volume":1000,"label":" ","price":6.11},{"type":"B","date":"2018-03-22T07:48:02.000Z","volume":1000,"label":" ","price":6.08},{"type":"A","date":"2018-03-22T07:48:05.000Z","volume":1000,"label":" ","price":6.11},{"type":"B","date":"2018-03-22T07:48:25.000Z","volume":1000,"label":" ","price":6.08},{"type":"B","date":"2018-03-22T07:48:55.000Z","volume":1000,"label":" ","price":6.08},{"type":"B","date":"2018-03-22T07:49:32.000Z","volume":1000,"label":" ","price":6.08},{"type":"B","date":"2018-03-22T07:50:02.000Z","volume":1000,"label":" ","price":6.08},{"type":"B","date":"2018-03-22T07:50:32.000Z","volume":2000,"label":" ","price":6.08},{"type":"B","date":"2018-03-22T07:51:13.000Z","volume":1000,"label":" ","price":6.09},{"type":"B","date":"2018-03-22T07:51:17.000Z","volume":1000,"label":" ","price":6.09},{"type":"B","date":"2018-03-22T07:52:10.000Z","volume":4000,"label":" ","price":6.09},{"type":"B","date":"2018-03-22T07:52:17.000Z","volume":1000,"label":" ","price":6.09},{"type":"B","date":"2018-03-22T07:52:29.000Z","volume":2000,"label":" ","price":6.09},{"type":"B","date":"2018-03-22T07:52:29.000Z","volume":4000,"label":" ","price":6.09},{"type":"B","date":"2018-03-22T07:52:29.000Z","volume":1000,"label":" ","price":6.09},{"type":"A","date":"2018-03-22T07:52:35.000Z","volume":1000,"label":" ","price":6.09},{"type":"A","date":"2018-03-22T07:52:45.000Z","volume":1000,"label":" ","price":6.09},{"type":"A","date":"2018-03-22T07:53:05.000Z","volume":1000,"label":" ","price":6.09},{"type":"B","date":"2018-03-22T07:53:10.000Z","volume":3000,"label":" ","price":6.07},{"type":"A","date":"2018-03-22T07:53:15.000Z","volume":1000,"label":" ","price":6.08},{"type":"B","date":"2018-03-22T07:53:40.000Z","volume":1000,"label":" ","price":6.07},{"type":"B","date":"2018-03-22T07:53:40.000Z","volume":2000,"label":" ","price":6.07},{"type":"B","date":"2018-03-22T07:53:40.000Z","volume":1000,"label":" ","price":6.07},{"type":"B","date":"2018-03-22T07:53:40.000Z","volume":3000,"label":" ","price":6.07},{"type":"B","date":"2018-03-22T07:53:40.000Z","volume":2000,"label":" ","price":6.05},{"type":"U","date":"2018-03-22T07:53:45.000Z","volume":4000,"label":" ","price":6.06},{"type":"A","date":"2018-03-22T07:53:45.000Z","volume":1000,"label":" ","price":6.06},{"type":"B","date":"2018-03-22T07:53:58.000Z","volume":5000,"label":" ","price":6.06},{"type":"A","date":"2018-03-22T07:54:05.000Z","volume":1000,"label":" ","price":6.07},{"type":"B","date":"2018-03-22T07:54:40.000Z","volume":3000,"label":" ","price":6.06},{"type":"B","date":"2018-03-22T07:55:10.000Z","volume":2000,"label":" ","price":6.06},{"type":"B","date":"2018-03-22T07:55:10.000Z","volume":1000,"label":" ","price":6.05},{"type":"B","date":"2018-03-22T07:55:10.000Z","volume":4000,"label":" ","price":6.05},{"type":"B","date":"2018-03-22T07:55:40.000Z","volume":1000,"label":" ","price":6.06},{"type":"B","date":"2018-03-22T07:55:40.000Z","volume":1000,"label":" ","price":6.05},{"type":"A","date":"2018-03-22T07:55:40.000Z","volume":1000,"label":" ","price":6.06},{"type":"B","date":"2018-03-22T07:55:55.000Z","volume":1000,"label":" ","price":6.06},{"type":"B","date":"2018-03-22T07:55:55.000Z","volume":1000,"label":" ","price":6.06},{"type":"B","date":"2018-03-22T07:55:55.000Z","volume":1000,"label":" ","price":6.06},{"type":"B","date":"2018-03-22T07:56:01.000Z","volume":1000,"label":" ","price":6.05},{"type":"B","date":"2018-03-22T07:56:01.000Z","volume":1000,"label":" ","price":6.05},{"type":"B","date":"2018-03-22T07:56:01.000Z","volume":1000,"label":" ","price":6.05},{"type":"B","date":"2018-03-22T07:56:01.000Z","volume":1000,"label":" ","price":6.05},{"type":"B","date":"2018-03-22T07:56:02.000Z","volume":1000,"label":" ","price":6.05},{"type":"B","date":"2018-03-22T07:56:03.000Z","volume":8000,"label":" ","price":6.05},{"type":"A","date":"2018-03-22T07:56:53.000Z","volume":4000,"label":" ","price":6.06},{"type":"B","date":"2018-03-22T07:57:07.000Z","volume":2000,"label":" ","price":6.06},{"type":"B","date":"2018-03-22T07:58:25.000Z","volume":11000,"label":" ","price":6.06},{"type":"B","date":"2018-03-22T07:58:33.000Z","volume":4000,"label":" ","price":6.06},{"type":"B","date":"2018-03-22T07:58:35.000Z","volume":1000,"label":" ","price":6.06},{"type":"A","date":"2018-03-22T07:58:35.000Z","volume":1000,"label":" ","price":6.06},{"type":"B","date":"2018-03-22T07:58:41.000Z","volume":2000,"label":" ","price":6.05},{"type":"A","date":"2018-03-22T07:59:00.000Z","volume":3000,"label":" ","price":6.07},{"type":"A","date":"2018-03-22T07:59:01.000Z","volume":1000,"label":" ","price":6.09},{"type":"A","date":"2018-03-22T07:59:01.000Z","volume":1000,"label":" ","price":6.09},{"type":"A","date":"2018-03-22T07:59:05.000Z","volume":1000,"label":" ","price":6.09},{"type":"A","date":"2018-03-22T07:59:08.000Z","volume":1000,"label":" ","price":6.09},{"type":"A","date":"2018-03-22T07:59:12.000Z","volume":1000,"label":" ","price":6.09},{"type":"B","date":"2018-03-22T07:59:13.000Z","volume":5000,"label":" ","price":6.07},{"type":"B","date":"2018-03-22T07:59:15.000Z","volume":1000,"label":" ","price":6.07},{"type":"A","date":"2018-03-22T07:59:15.000Z","volume":1000,"label":" ","price":6.09},{"type":"B","date":"2018-03-22T07:59:33.000Z","volume":3000,"label":" ","price":6.07},{"type":"A","date":"2018-03-22T07:59:33.000Z","volume":1000,"label":" ","price":6.07},{"type":"A","date":"2018-03-22T07:59:56.000Z","volume":2000,"label":" ","price":6.09}]