[{"type":"U","date":"2018-04-13T02:12:46.000Z","volume":1000,"label":" ","price":4.52},{"type":"B","date":"2018-04-13T02:43:58.000Z","volume":2000,"label":"Y","price":4.5},{"type":"U","date":"2018-04-13T02:43:59.000Z","volume":1000,"label":" ","price":4.52},{"type":"U","date":"2018-04-13T03:47:36.000Z","volume":10000,"label":" ","price":4.51},{"type":"U","date":"2018-04-13T03:47:38.000Z","volume":3500,"label":" ","price":4.51},{"type":"B","date":"2018-04-13T03:47:47.000Z","volume":500,"label":" ","price":4.5},{"type":"B","date":"2018-04-13T03:47:56.000Z","volume":1000,"label":" ","price":4.5},{"type":"B","date":"2018-04-13T05:05:30.000Z","volume":500,"label":" ","price":4.5},{"type":"B","date":"2018-04-13T05:05:32.000Z","volume":500,"label":" ","price":4.5},{"type":"B","date":"2018-04-13T05:06:00.000Z","volume":500,"label":" ","price":4.5},{"type":"A","date":"2018-04-13T05:06:03.000Z","volume":500,"label":" ","price":4.53},{"type":"B","date":"2018-04-13T05:44:11.000Z","volume":1000,"label":" ","price":4.51},{"type":"B","date":"2018-04-13T05:44:24.000Z","volume":9000,"label":" ","price":4.5},{"type":"A","date":"2018-04-13T05:44:26.000Z","volume":1500,"label":" ","price":4.53},{"type":"B","date":"2018-04-13T05:44:32.000Z","volume":500,"label":" ","price":4.5},{"type":"B","date":"2018-04-13T05:44:32.000Z","volume":500,"label":" ","price":4.5},{"type":"B","date":"2018-04-13T05:53:05.000Z","volume":3500,"label":"Y","price":4.5},{"type":"B","date":"2018-04-13T05:53:05.000Z","volume":1500,"label":" ","price":4.5},{"type":"A","date":"2018-04-13T05:55:07.000Z","volume":500,"label":" ","price":4.5},{"type":"A","date":"2018-04-13T06:06:29.000Z","volume":2500,"label":" ","price":4.5},{"type":"A","date":"2018-04-13T06:06:33.000Z","volume":1000,"label":" ","price":4.53},{"type":"B","date":"2018-04-13T06:14:18.000Z","volume":3500,"label":"Y","price":4.49},{"type":"B","date":"2018-04-13T06:14:18.000Z","volume":1000,"label":" ","price":4.49},{"type":"B","date":"2018-04-13T06:16:13.000Z","volume":2500,"label":"Y","price":4.49},{"type":"A","date":"2018-04-13T06:16:15.000Z","volume":500,"label":" ","price":4.52},{"type":"B","date":"2018-04-13T06:17:19.000Z","volume":500,"label":" ","price":4.52},{"type":"B","date":"2018-04-13T06:18:18.000Z","volume":1000,"label":"Y","price":4.49},{"type":"B","date":"2018-04-13T06:18:18.000Z","volume":1500,"label":" ","price":4.49},{"type":"B","date":"2018-04-13T06:18:18.000Z","volume":1000,"label":" ","price":4.49},{"type":"B","date":"2018-04-13T06:46:35.000Z","volume":500,"label":" ","price":4.5},{"type":"A","date":"2018-04-13T06:46:38.000Z","volume":500,"label":" ","price":4.53},{"type":"B","date":"2018-04-13T06:47:51.000Z","volume":3500,"label":" ","price":4.5},{"type":"B","date":"2018-04-13T06:47:51.000Z","volume":3000,"label":" ","price":4.49},{"type":"A","date":"2018-04-13T06:47:51.000Z","volume":4000,"label":" ","price":4.49},{"type":"A","date":"2018-04-13T06:47:51.000Z","volume":6000,"label":" ","price":4.49},{"type":"A","date":"2018-04-13T06:47:51.000Z","volume":7500,"label":" ","price":4.49},{"type":"A","date":"2018-04-13T06:47:52.000Z","volume":9500,"label":" ","price":4.49},{"type":"A","date":"2018-04-13T06:47:52.000Z","volume":6000,"label":" ","price":4.49},{"type":"A","date":"2018-04-13T06:47:52.000Z","volume":1500,"label":" ","price":4.49},{"type":"A","date":"2018-04-13T06:47:53.000Z","volume":3000,"label":" ","price":4.49},{"type":"A","date":"2018-04-13T06:47:53.000Z","volume":2500,"label":" ","price":4.49},{"type":"A","date":"2018-04-13T06:47:54.000Z","volume":1500,"label":" ","price":4.49},{"type":"A","date":"2018-04-13T06:52:18.000Z","volume":1000,"label":" ","price":4.49},{"type":"A","date":"2018-04-13T06:52:22.000Z","volume":2000,"label":" ","price":4.49},{"type":"A","date":"2018-04-13T06:52:24.000Z","volume":500,"label":" ","price":4.49},{"type":"A","date":"2018-04-13T06:52:52.000Z","volume":500,"label":" ","price":4.49},{"type":"A","date":"2018-04-13T06:54:24.000Z","volume":3500,"label":" ","price":4.49},{"type":"B","date":"2018-04-13T07:13:07.000Z","volume":500,"label":" ","price":4.48},{"type":"B","date":"2018-04-13T07:23:19.000Z","volume":500,"label":" ","price":4.48},{"type":"A","date":"2018-04-13T07:50:45.000Z","volume":500,"label":" ","price":4.49},{"type":"A","date":"2018-04-13T07:54:39.000Z","volume":2500,"label":" ","price":4.49},{"type":"A","date":"2018-04-13T07:54:40.000Z","volume":1000,"label":" ","price":4.49},{"type":"B","date":"2018-04-13T07:58:00.000Z","volume":500,"label":" ","price":4.48},{"type":"B","date":"2018-04-13T07:59:09.000Z","volume":500,"label":" ","price":4.48},{"type":"A","date":"2018-04-13T07:59:10.000Z","volume":500,"label":" ","price":4.49}]