[{"type":"U","date":"2018-04-12T01:20:00.000Z","volume":12000,"label":"U","price":1.78},{"type":"A","date":"2018-04-12T01:30:04.000Z","volume":4000,"label":" ","price":1.78},{"type":"B","date":"2018-04-12T01:35:43.000Z","volume":14000,"label":" ","price":1.76},{"type":"A","date":"2018-04-12T01:35:49.000Z","volume":2000,"label":" ","price":1.76},{"type":"A","date":"2018-04-12T01:35:49.000Z","volume":2000,"label":" ","price":1.76},{"type":"B","date":"2018-04-12T01:36:33.000Z","volume":40000,"label":" ","price":1.75},{"type":"B","date":"2018-04-12T01:36:33.000Z","volume":4000,"label":" ","price":1.75},{"type":"B","date":"2018-04-12T01:37:39.000Z","volume":8000,"label":" ","price":1.73},{"type":"B","date":"2018-04-12T01:37:42.000Z","volume":2000,"label":" ","price":1.73},{"type":"B","date":"2018-04-12T01:37:48.000Z","volume":6000,"label":" ","price":1.73},{"type":"A","date":"2018-04-12T01:38:14.000Z","volume":2000,"label":" ","price":1.73},{"type":"B","date":"2018-04-12T01:38:38.000Z","volume":8000,"label":" ","price":1.73},{"type":"A","date":"2018-04-12T01:38:41.000Z","volume":10000,"label":" ","price":1.74},{"type":"A","date":"2018-04-12T01:38:47.000Z","volume":2000,"label":" ","price":1.74},{"type":"A","date":"2018-04-12T01:39:19.000Z","volume":2000,"label":" ","price":1.74},{"type":"B","date":"2018-04-12T01:40:15.000Z","volume":8000,"label":" ","price":1.74},{"type":"A","date":"2018-04-12T01:40:23.000Z","volume":2000,"label":" ","price":1.75},{"type":"B","date":"2018-04-12T01:40:28.000Z","volume":10000,"label":" ","price":1.74},{"type":"A","date":"2018-04-12T01:41:20.000Z","volume":10000,"label":" ","price":1.75},{"type":"A","date":"2018-04-12T01:42:33.000Z","volume":2000,"label":" ","price":1.76},{"type":"A","date":"2018-04-12T01:44:25.000Z","volume":2000,"label":" ","price":1.76},{"type":"B","date":"2018-04-12T01:44:38.000Z","volume":18000,"label":" ","price":1.76},{"type":"B","date":"2018-04-12T01:46:03.000Z","volume":2000,"label":" ","price":1.76},{"type":"B","date":"2018-04-12T01:46:06.000Z","volume":6000,"label":" ","price":1.76},{"type":"A","date":"2018-04-12T01:46:58.000Z","volume":44000,"label":" ","price":1.76},{"type":"B","date":"2018-04-12T01:47:52.000Z","volume":10000,"label":"Y","price":1.76},{"type":"B","date":"2018-04-12T01:47:52.000Z","volume":56000,"label":" ","price":1.76},{"type":"A","date":"2018-04-12T01:50:02.000Z","volume":2000,"label":" ","price":1.76},{"type":"A","date":"2018-04-12T01:51:05.000Z","volume":34000,"label":" ","price":1.76},{"type":"B","date":"2018-04-12T01:52:17.000Z","volume":20000,"label":" ","price":1.76},{"type":"B","date":"2018-04-12T01:52:17.000Z","volume":6000,"label":" ","price":1.76},{"type":"B","date":"2018-04-12T01:56:24.000Z","volume":8000,"label":" ","price":1.75},{"type":"B","date":"2018-04-12T01:56:28.000Z","volume":40000,"label":" ","price":1.75},{"type":"A","date":"2018-04-12T01:58:04.000Z","volume":2000,"label":" ","price":1.76},{"type":"A","date":"2018-04-12T01:59:39.000Z","volume":10000,"label":" ","price":1.76},{"type":"A","date":"2018-04-12T01:59:54.000Z","volume":6000,"label":" ","price":1.76},{"type":"A","date":"2018-04-12T02:00:19.000Z","volume":10000,"label":" ","price":1.76},{"type":"B","date":"2018-04-12T02:03:23.000Z","volume":20000,"label":" ","price":1.75},{"type":"B","date":"2018-04-12T02:04:03.000Z","volume":2000,"label":" ","price":1.76},{"type":"A","date":"2018-04-12T02:04:10.000Z","volume":40000,"label":" ","price":1.76},{"type":"A","date":"2018-04-12T02:04:26.000Z","volume":8000,"label":" ","price":1.76},{"type":"A","date":"2018-04-12T02:11:20.000Z","volume":2000,"label":" ","price":1.77},{"type":"A","date":"2018-04-12T02:12:22.000Z","volume":8000,"label":" ","price":1.77},{"type":"B","date":"2018-04-12T02:12:22.000Z","volume":2000,"label":" ","price":1.77},{"type":"A","date":"2018-04-12T02:23:52.000Z","volume":10000,"label":" ","price":1.77},{"type":"A","date":"2018-04-12T02:23:52.000Z","volume":46000,"label":" ","price":1.78},{"type":"A","date":"2018-04-12T02:24:36.000Z","volume":42000,"label":" ","price":1.79},{"type":"B","date":"2018-04-12T02:25:55.000Z","volume":4000,"label":" ","price":1.78},{"type":"A","date":"2018-04-12T02:26:39.000Z","volume":6000,"label":" ","price":1.78},{"type":"B","date":"2018-04-12T02:26:52.000Z","volume":4000,"label":" ","price":1.78},{"type":"B","date":"2018-04-12T02:27:23.000Z","volume":2000,"label":" ","price":1.78},{"type":"B","date":"2018-04-12T02:27:31.000Z","volume":4000,"label":" ","price":1.78},{"type":"B","date":"2018-04-12T02:27:38.000Z","volume":4000,"label":" ","price":1.78},{"type":"B","date":"2018-04-12T02:28:18.000Z","volume":6000,"label":"Y","price":1.78},{"type":"A","date":"2018-04-12T02:30:56.000Z","volume":2000,"label":" ","price":1.78},{"type":"A","date":"2018-04-12T02:35:50.000Z","volume":2000,"label":" ","price":1.78},{"type":"B","date":"2018-04-12T02:38:19.000Z","volume":2000,"label":" ","price":1.77},{"type":"B","date":"2018-04-12T02:44:55.000Z","volume":22000,"label":"Y","price":1.76},{"type":"B","date":"2018-04-12T02:44:55.000Z","volume":34000,"label":" ","price":1.76},{"type":"B","date":"2018-04-12T02:45:39.000Z","volume":10000,"label":"Y","price":1.75},{"type":"A","date":"2018-04-12T02:46:40.000Z","volume":50000,"label":" ","price":1.76},{"type":"A","date":"2018-04-12T02:55:02.000Z","volume":30000,"label":" ","price":1.76},{"type":"B","date":"2018-04-12T02:56:22.000Z","volume":10000,"label":" ","price":1.76},{"type":"B","date":"2018-04-12T02:56:38.000Z","volume":10000,"label":" ","price":1.76},{"type":"B","date":"2018-04-12T03:02:10.000Z","volume":8000,"label":"Y","price":1.75},{"type":"A","date":"2018-04-12T03:07:28.000Z","volume":40000,"label":" ","price":1.76},{"type":"B","date":"2018-04-12T03:12:13.000Z","volume":10000,"label":" ","price":1.75},{"type":"B","date":"2018-04-12T03:16:40.000Z","volume":2000,"label":" ","price":1.75},{"type":"B","date":"2018-04-12T03:17:33.000Z","volume":10000,"label":"Y","price":1.75},{"type":"B","date":"2018-04-12T03:17:33.000Z","volume":72000,"label":" ","price":1.75},{"type":"B","date":"2018-04-12T03:17:33.000Z","volume":6000,"label":" ","price":1.75},{"type":"B","date":"2018-04-12T03:18:38.000Z","volume":16000,"label":" ","price":1.75},{"type":"B","date":"2018-04-12T03:23:03.000Z","volume":112000,"label":" ","price":1.74},{"type":"B","date":"2018-04-12T03:23:27.000Z","volume":18000,"label":" ","price":1.74},{"type":"A","date":"2018-04-12T03:24:09.000Z","volume":30000,"label":" ","price":1.74},{"type":"B","date":"2018-04-12T03:24:55.000Z","volume":20000,"label":" ","price":1.73},{"type":"A","date":"2018-04-12T03:25:20.000Z","volume":80000,"label":" ","price":1.74},{"type":"A","date":"2018-04-12T03:25:21.000Z","volume":32000,"label":" ","price":1.74},{"type":"B","date":"2018-04-12T03:26:59.000Z","volume":2000,"label":" ","price":1.74},{"type":"B","date":"2018-04-12T03:28:36.000Z","volume":50000,"label":" ","price":1.74},{"type":"B","date":"2018-04-12T03:30:41.000Z","volume":2000,"label":" ","price":1.74},{"type":"B","date":"2018-04-12T03:30:46.000Z","volume":2000,"label":" ","price":1.74},{"type":"B","date":"2018-04-12T03:35:58.000Z","volume":40000,"label":" ","price":1.74},{"type":"B","date":"2018-04-12T03:37:21.000Z","volume":30000,"label":" ","price":1.74},{"type":"B","date":"2018-04-12T03:46:26.000Z","volume":30000,"label":" ","price":1.74},{"type":"A","date":"2018-04-12T03:49:21.000Z","volume":20000,"label":" ","price":1.75},{"type":"A","date":"2018-04-12T03:53:39.000Z","volume":26000,"label":" ","price":1.75},{"type":"A","date":"2018-04-12T03:55:02.000Z","volume":12000,"label":" ","price":1.75},{"type":"A","date":"2018-04-12T03:55:10.000Z","volume":2000,"label":" ","price":1.75},{"type":"A","date":"2018-04-12T03:57:05.000Z","volume":40000,"label":" ","price":1.75},{"type":"A","date":"2018-04-12T03:57:05.000Z","volume":16000,"label":" ","price":1.75},{"type":"A","date":"2018-04-12T05:00:01.000Z","volume":18000,"label":"Y","price":1.75},{"type":"A","date":"2018-04-12T05:00:01.000Z","volume":2000,"label":"Y","price":1.75},{"type":"A","date":"2018-04-12T05:03:45.000Z","volume":2000,"label":" ","price":1.75},{"type":"A","date":"2018-04-12T05:20:50.000Z","volume":10000,"label":" ","price":1.76},{"type":"A","date":"2018-04-12T05:21:15.000Z","volume":20000,"label":" ","price":1.76},{"type":"A","date":"2018-04-12T05:23:06.000Z","volume":30000,"label":" ","price":1.76},{"type":"A","date":"2018-04-12T05:24:18.000Z","volume":8000,"label":" ","price":1.77},{"type":"A","date":"2018-04-12T05:24:18.000Z","volume":8000,"label":" ","price":1.77},{"type":"B","date":"2018-04-12T05:32:31.000Z","volume":4000,"label":" ","price":1.77},{"type":"A","date":"2018-04-12T05:33:24.000Z","volume":10000,"label":" ","price":1.78},{"type":"A","date":"2018-04-12T05:38:52.000Z","volume":64000,"label":" ","price":1.78},{"type":"A","date":"2018-04-12T05:39:34.000Z","volume":20000,"label":" ","price":1.78},{"type":"A","date":"2018-04-12T05:39:40.000Z","volume":62000,"label":" ","price":1.78},{"type":"A","date":"2018-04-12T05:39:47.000Z","volume":4000,"label":" ","price":1.78},{"type":"A","date":"2018-04-12T05:39:54.000Z","volume":14000,"label":" ","price":1.78},{"type":"B","date":"2018-04-12T05:39:54.000Z","volume":6000,"label":" ","price":1.78},{"type":"A","date":"2018-04-12T05:41:53.000Z","volume":20000,"label":" ","price":1.78},{"type":"B","date":"2018-04-12T05:45:50.000Z","volume":2000,"label":" ","price":1.77},{"type":"B","date":"2018-04-12T05:45:50.000Z","volume":28000,"label":" ","price":1.76},{"type":"A","date":"2018-04-12T05:46:21.000Z","volume":24000,"label":" ","price":1.78},{"type":"A","date":"2018-04-12T05:46:21.000Z","volume":16000,"label":" ","price":1.78},{"type":"U","date":"2018-04-12T05:47:18.000Z","volume":10000,"label":" ","price":1.78},{"type":"B","date":"2018-04-12T05:47:18.000Z","volume":10000,"label":" ","price":1.78},{"type":"A","date":"2018-04-12T06:00:44.000Z","volume":16000,"label":" ","price":1.78},{"type":"B","date":"2018-04-12T06:01:01.000Z","volume":6000,"label":" ","price":1.78},{"type":"B","date":"2018-04-12T06:01:01.000Z","volume":18000,"label":" ","price":1.78},{"type":"B","date":"2018-04-12T06:04:48.000Z","volume":30000,"label":" ","price":1.78},{"type":"B","date":"2018-04-12T06:04:48.000Z","volume":20000,"label":" ","price":1.78},{"type":"B","date":"2018-04-12T06:07:00.000Z","volume":2000,"label":" ","price":1.78},{"type":"A","date":"2018-04-12T06:21:51.000Z","volume":20000,"label":"Y","price":1.79},{"type":"A","date":"2018-04-12T06:21:51.000Z","volume":130000,"label":" ","price":1.79},{"type":"A","date":"2018-04-12T06:21:54.000Z","volume":50000,"label":" ","price":1.79},{"type":"A","date":"2018-04-12T06:21:55.000Z","volume":50000,"label":" ","price":1.79},{"type":"A","date":"2018-04-12T06:21:57.000Z","volume":50000,"label":" ","price":1.79},{"type":"A","date":"2018-04-12T06:21:58.000Z","volume":56000,"label":" ","price":1.79},{"type":"A","date":"2018-04-12T06:22:52.000Z","volume":200000,"label":" ","price":1.8},{"type":"A","date":"2018-04-12T06:22:52.000Z","volume":88000,"label":" ","price":1.8},{"type":"A","date":"2018-04-12T06:22:52.000Z","volume":50000,"label":" ","price":1.81},{"type":"A","date":"2018-04-12T06:22:52.000Z","volume":62000,"label":" ","price":1.82},{"type":"A","date":"2018-04-12T06:22:53.000Z","volume":100000,"label":" ","price":1.82},{"type":"A","date":"2018-04-12T06:22:56.000Z","volume":100000,"label":" ","price":1.82},{"type":"A","date":"2018-04-12T06:22:56.000Z","volume":28000,"label":" ","price":1.82},{"type":"A","date":"2018-04-12T06:22:57.000Z","volume":2000,"label":" ","price":1.82},{"type":"A","date":"2018-04-12T06:22:57.000Z","volume":2000,"label":" ","price":1.82},{"type":"A","date":"2018-04-12T06:22:57.000Z","volume":6000,"label":" ","price":1.83},{"type":"B","date":"2018-04-12T06:22:57.000Z","volume":6000,"label":" ","price":1.83},{"type":"B","date":"2018-04-12T06:23:00.000Z","volume":54000,"label":" ","price":1.83},{"type":"B","date":"2018-04-12T06:23:03.000Z","volume":132000,"label":" ","price":1.83},{"type":"A","date":"2018-04-12T06:23:18.000Z","volume":6000,"label":" ","price":1.83},{"type":"B","date":"2018-04-12T06:23:20.000Z","volume":54000,"label":" ","price":1.83},{"type":"A","date":"2018-04-12T06:23:35.000Z","volume":2000,"label":" ","price":1.84},{"type":"B","date":"2018-04-12T06:23:45.000Z","volume":6000,"label":" ","price":1.82},{"type":"B","date":"2018-04-12T06:23:51.000Z","volume":24000,"label":" ","price":1.81},{"type":"B","date":"2018-04-12T06:23:57.000Z","volume":2000,"label":"Y","price":1.8},{"type":"B","date":"2018-04-12T06:24:00.000Z","volume":2000,"label":" ","price":1.8},{"type":"B","date":"2018-04-12T06:24:09.000Z","volume":20000,"label":" ","price":1.8},{"type":"B","date":"2018-04-12T06:24:31.000Z","volume":20000,"label":" ","price":1.79},{"type":"A","date":"2018-04-12T06:28:30.000Z","volume":2000,"label":" ","price":1.83},{"type":"A","date":"2018-04-12T06:28:50.000Z","volume":2000,"label":" ","price":1.83},{"type":"A","date":"2018-04-12T06:28:58.000Z","volume":22000,"label":" ","price":1.83},{"type":"B","date":"2018-04-12T06:28:58.000Z","volume":2000,"label":" ","price":1.83},{"type":"A","date":"2018-04-12T06:29:01.000Z","volume":2000,"label":" ","price":1.84},{"type":"A","date":"2018-04-12T06:29:22.000Z","volume":2000,"label":" ","price":1.84},{"type":"B","date":"2018-04-12T06:29:30.000Z","volume":16000,"label":" ","price":1.83},{"type":"A","date":"2018-04-12T06:29:56.000Z","volume":2000,"label":" ","price":1.84},{"type":"B","date":"2018-04-12T06:30:07.000Z","volume":10000,"label":" ","price":1.83},{"type":"B","date":"2018-04-12T06:30:14.000Z","volume":40000,"label":" ","price":1.83},{"type":"B","date":"2018-04-12T06:30:43.000Z","volume":10000,"label":" ","price":1.83},{"type":"B","date":"2018-04-12T06:30:55.000Z","volume":22000,"label":"Y","price":1.82},{"type":"B","date":"2018-04-12T06:30:55.000Z","volume":12000,"label":" ","price":1.82},{"type":"B","date":"2018-04-12T06:32:34.000Z","volume":10000,"label":" ","price":1.81},{"type":"B","date":"2018-04-12T06:32:44.000Z","volume":20000,"label":" ","price":1.82},{"type":"B","date":"2018-04-12T06:32:48.000Z","volume":40000,"label":" ","price":1.82},{"type":"A","date":"2018-04-12T06:33:25.000Z","volume":8000,"label":" ","price":1.82},{"type":"A","date":"2018-04-12T06:34:04.000Z","volume":2000,"label":" ","price":1.82},{"type":"B","date":"2018-04-12T06:34:12.000Z","volume":8000,"label":" ","price":1.82},{"type":"B","date":"2018-04-12T06:34:20.000Z","volume":70000,"label":" ","price":1.81},{"type":"B","date":"2018-04-12T06:35:41.000Z","volume":6000,"label":" ","price":1.81},{"type":"B","date":"2018-04-12T06:35:51.000Z","volume":2000,"label":" ","price":1.81},{"type":"A","date":"2018-04-12T06:37:59.000Z","volume":10000,"label":" ","price":1.82},{"type":"A","date":"2018-04-12T06:39:27.000Z","volume":90000,"label":" ","price":1.82},{"type":"A","date":"2018-04-12T06:39:30.000Z","volume":2000,"label":" ","price":1.83},{"type":"A","date":"2018-04-12T06:39:51.000Z","volume":42000,"label":" ","price":1.83},{"type":"A","date":"2018-04-12T06:39:52.000Z","volume":50000,"label":" ","price":1.84},{"type":"B","date":"2018-04-12T06:40:02.000Z","volume":40000,"label":" ","price":1.83},{"type":"B","date":"2018-04-12T06:40:15.000Z","volume":10000,"label":" ","price":1.83},{"type":"B","date":"2018-04-12T06:41:07.000Z","volume":10000,"label":" ","price":1.83},{"type":"A","date":"2018-04-12T06:41:25.000Z","volume":50000,"label":" ","price":1.84},{"type":"B","date":"2018-04-12T06:41:28.000Z","volume":60000,"label":" ","price":1.83},{"type":"B","date":"2018-04-12T06:42:29.000Z","volume":30000,"label":" ","price":1.83},{"type":"B","date":"2018-04-12T06:42:51.000Z","volume":4000,"label":" ","price":1.83},{"type":"A","date":"2018-04-12T06:42:51.000Z","volume":18000,"label":" ","price":1.83},{"type":"A","date":"2018-04-12T06:42:51.000Z","volume":18000,"label":" ","price":1.83},{"type":"A","date":"2018-04-12T06:44:51.000Z","volume":2000,"label":" ","price":1.84},{"type":"A","date":"2018-04-12T06:46:33.000Z","volume":10000,"label":" ","price":1.84},{"type":"A","date":"2018-04-12T06:46:45.000Z","volume":16000,"label":" ","price":1.84},{"type":"A","date":"2018-04-12T06:46:45.000Z","volume":2000,"label":" ","price":1.85},{"type":"B","date":"2018-04-12T06:46:51.000Z","volume":20000,"label":" ","price":1.83},{"type":"A","date":"2018-04-12T06:46:53.000Z","volume":2000,"label":" ","price":1.85},{"type":"A","date":"2018-04-12T06:47:00.000Z","volume":92000,"label":" ","price":1.85},{"type":"B","date":"2018-04-12T06:47:06.000Z","volume":20000,"label":" ","price":1.84},{"type":"B","date":"2018-04-12T06:47:06.000Z","volume":18000,"label":" ","price":1.84},{"type":"B","date":"2018-04-12T06:47:07.000Z","volume":10000,"label":" ","price":1.84},{"type":"A","date":"2018-04-12T06:47:10.000Z","volume":2000,"label":" ","price":1.85},{"type":"A","date":"2018-04-12T06:47:18.000Z","volume":8000,"label":" ","price":1.85},{"type":"B","date":"2018-04-12T06:47:18.000Z","volume":2000,"label":" ","price":1.85},{"type":"A","date":"2018-04-12T06:47:20.000Z","volume":2000,"label":" ","price":1.86},{"type":"A","date":"2018-04-12T06:47:23.000Z","volume":2000,"label":" ","price":1.86},{"type":"A","date":"2018-04-12T06:47:29.000Z","volume":22000,"label":" ","price":1.86},{"type":"A","date":"2018-04-12T06:47:30.000Z","volume":2000,"label":" ","price":1.86},{"type":"A","date":"2018-04-12T06:47:49.000Z","volume":30000,"label":" ","price":1.86},{"type":"A","date":"2018-04-12T06:47:50.000Z","volume":50000,"label":" ","price":1.86},{"type":"A","date":"2018-04-12T06:47:50.000Z","volume":100000,"label":" ","price":1.86},{"type":"A","date":"2018-04-12T06:47:50.000Z","volume":50000,"label":" ","price":1.86},{"type":"A","date":"2018-04-12T06:47:51.000Z","volume":60000,"label":" ","price":1.86},{"type":"A","date":"2018-04-12T06:47:51.000Z","volume":16000,"label":" ","price":1.86},{"type":"A","date":"2018-04-12T06:47:53.000Z","volume":2000,"label":" ","price":1.87},{"type":"A","date":"2018-04-12T06:47:53.000Z","volume":50000,"label":" ","price":1.87},{"type":"A","date":"2018-04-12T06:47:54.000Z","volume":40000,"label":" ","price":1.87},{"type":"A","date":"2018-04-12T06:47:55.000Z","volume":2000,"label":" ","price":1.87},{"type":"A","date":"2018-04-12T06:47:56.000Z","volume":2000,"label":" ","price":1.87},{"type":"A","date":"2018-04-12T06:47:57.000Z","volume":4000,"label":" ","price":1.87},{"type":"A","date":"2018-04-12T06:47:57.000Z","volume":2000,"label":" ","price":1.88},{"type":"A","date":"2018-04-12T06:48:01.000Z","volume":2000,"label":" ","price":1.88},{"type":"A","date":"2018-04-12T06:48:02.000Z","volume":40000,"label":" ","price":1.88},{"type":"A","date":"2018-04-12T06:48:02.000Z","volume":16000,"label":"Y","price":1.88},{"type":"A","date":"2018-04-12T06:48:03.000Z","volume":10000,"label":" ","price":1.88},{"type":"A","date":"2018-04-12T06:48:05.000Z","volume":100000,"label":" ","price":1.88},{"type":"A","date":"2018-04-12T06:48:05.000Z","volume":18000,"label":" ","price":1.88},{"type":"A","date":"2018-04-12T06:48:05.000Z","volume":2000,"label":" ","price":1.88},{"type":"U","date":"2018-04-12T06:48:06.000Z","volume":14000,"label":" ","price":1.88},{"type":"A","date":"2018-04-12T06:48:06.000Z","volume":2000,"label":" ","price":1.89},{"type":"A","date":"2018-04-12T06:48:07.000Z","volume":2000,"label":" ","price":1.89},{"type":"A","date":"2018-04-12T06:48:07.000Z","volume":2000,"label":" ","price":1.89},{"type":"A","date":"2018-04-12T06:48:09.000Z","volume":2000,"label":" ","price":1.89},{"type":"B","date":"2018-04-12T06:48:10.000Z","volume":36000,"label":" ","price":1.88},{"type":"A","date":"2018-04-12T06:48:11.000Z","volume":2000,"label":" ","price":1.88},{"type":"A","date":"2018-04-12T06:48:12.000Z","volume":30000,"label":" ","price":1.88},{"type":"A","date":"2018-04-12T06:48:15.000Z","volume":26000,"label":" ","price":1.87},{"type":"A","date":"2018-04-12T06:48:15.000Z","volume":24000,"label":" ","price":1.88},{"type":"A","date":"2018-04-12T06:48:15.000Z","volume":200000,"label":" ","price":1.88},{"type":"A","date":"2018-04-12T06:48:16.000Z","volume":6000,"label":" ","price":1.88},{"type":"A","date":"2018-04-12T06:48:16.000Z","volume":14000,"label":" ","price":1.89},{"type":"A","date":"2018-04-12T06:48:16.000Z","volume":2000,"label":" ","price":1.89},{"type":"A","date":"2018-04-12T06:48:17.000Z","volume":2000,"label":" ","price":1.89},{"type":"A","date":"2018-04-12T06:48:21.000Z","volume":2000,"label":" ","price":1.89},{"type":"A","date":"2018-04-12T06:48:23.000Z","volume":2000,"label":" ","price":1.89},{"type":"A","date":"2018-04-12T06:48:24.000Z","volume":2000,"label":" ","price":1.89},{"type":"A","date":"2018-04-12T06:48:25.000Z","volume":22000,"label":" ","price":1.89},{"type":"A","date":"2018-04-12T06:48:26.000Z","volume":2000,"label":" ","price":1.9},{"type":"B","date":"2018-04-12T06:48:26.000Z","volume":28000,"label":" ","price":1.89},{"type":"A","date":"2018-04-12T06:48:26.000Z","volume":10000,"label":" ","price":1.89},{"type":"A","date":"2018-04-12T06:48:27.000Z","volume":2000,"label":" ","price":1.89},{"type":"A","date":"2018-04-12T06:48:28.000Z","volume":10000,"label":" ","price":1.89},{"type":"A","date":"2018-04-12T06:48:28.000Z","volume":2000,"label":" ","price":1.9},{"type":"A","date":"2018-04-12T06:48:28.000Z","volume":2000,"label":" ","price":1.9},{"type":"A","date":"2018-04-12T06:48:28.000Z","volume":2000,"label":" ","price":1.9},{"type":"A","date":"2018-04-12T06:48:29.000Z","volume":8000,"label":"Y","price":1.9},{"type":"A","date":"2018-04-12T06:48:29.000Z","volume":12000,"label":" ","price":1.9},{"type":"B","date":"2018-04-12T06:48:29.000Z","volume":30000,"label":" ","price":1.89},{"type":"A","date":"2018-04-12T06:48:29.000Z","volume":2000,"label":" ","price":1.9},{"type":"A","date":"2018-04-12T06:48:32.000Z","volume":10000,"label":" ","price":1.9},{"type":"A","date":"2018-04-12T06:48:33.000Z","volume":2000,"label":" ","price":1.9},{"type":"B","date":"2018-04-12T06:48:36.000Z","volume":30000,"label":" ","price":1.89},{"type":"A","date":"2018-04-12T06:48:39.000Z","volume":10000,"label":" ","price":1.9},{"type":"B","date":"2018-04-12T06:48:40.000Z","volume":10000,"label":" ","price":1.89},{"type":"A","date":"2018-04-12T06:48:42.000Z","volume":4000,"label":" ","price":1.9},{"type":"A","date":"2018-04-12T06:48:43.000Z","volume":8000,"label":" ","price":1.9},{"type":"A","date":"2018-04-12T06:48:44.000Z","volume":2000,"label":" ","price":1.9},{"type":"A","date":"2018-04-12T06:48:45.000Z","volume":100000,"label":" ","price":1.9},{"type":"A","date":"2018-04-12T06:48:45.000Z","volume":100000,"label":" ","price":1.9},{"type":"A","date":"2018-04-12T06:48:45.000Z","volume":8000,"label":" ","price":1.9},{"type":"A","date":"2018-04-12T06:48:49.000Z","volume":50000,"label":" ","price":1.91},{"type":"A","date":"2018-04-12T06:48:49.000Z","volume":50000,"label":" ","price":1.91},{"type":"A","date":"2018-04-12T06:48:49.000Z","volume":26000,"label":" ","price":1.91},{"type":"A","date":"2018-04-12T06:48:49.000Z","volume":20000,"label":" ","price":1.91},{"type":"A","date":"2018-04-12T06:48:50.000Z","volume":28000,"label":" ","price":1.91},{"type":"A","date":"2018-04-12T06:48:50.000Z","volume":20000,"label":" ","price":1.91},{"type":"A","date":"2018-04-12T06:48:50.000Z","volume":10000,"label":" ","price":1.91},{"type":"A","date":"2018-04-12T06:48:50.000Z","volume":6000,"label":" ","price":1.91},{"type":"A","date":"2018-04-12T06:48:56.000Z","volume":40000,"label":" ","price":1.92},{"type":"A","date":"2018-04-12T06:48:56.000Z","volume":50000,"label":" ","price":1.92},{"type":"A","date":"2018-04-12T06:48:56.000Z","volume":16000,"label":" ","price":1.92},{"type":"B","date":"2018-04-12T06:48:57.000Z","volume":4000,"label":" ","price":1.92},{"type":"A","date":"2018-04-12T06:48:57.000Z","volume":40000,"label":" ","price":1.92},{"type":"A","date":"2018-04-12T06:48:57.000Z","volume":56000,"label":"Y","price":1.92},{"type":"B","date":"2018-04-12T06:48:59.000Z","volume":30000,"label":" ","price":1.92},{"type":"A","date":"2018-04-12T06:48:59.000Z","volume":8000,"label":" ","price":1.93},{"type":"A","date":"2018-04-12T06:49:00.000Z","volume":10000,"label":" ","price":1.93},{"type":"B","date":"2018-04-12T06:49:02.000Z","volume":10000,"label":" ","price":1.92},{"type":"B","date":"2018-04-12T06:49:02.000Z","volume":10000,"label":" ","price":1.92},{"type":"B","date":"2018-04-12T06:49:02.000Z","volume":4000,"label":" ","price":1.92},{"type":"A","date":"2018-04-12T06:49:03.000Z","volume":6000,"label":" ","price":1.92},{"type":"A","date":"2018-04-12T06:49:04.000Z","volume":10000,"label":" ","price":1.92},{"type":"A","date":"2018-04-12T06:49:05.000Z","volume":50000,"label":" ","price":1.92},{"type":"A","date":"2018-04-12T06:49:05.000Z","volume":6000,"label":" ","price":1.93},{"type":"B","date":"2018-04-12T06:49:05.000Z","volume":10000,"label":" ","price":1.92},{"type":"A","date":"2018-04-12T06:49:07.000Z","volume":2000,"label":" ","price":1.93},{"type":"A","date":"2018-04-12T06:49:07.000Z","volume":20000,"label":" ","price":1.93},{"type":"A","date":"2018-04-12T06:49:08.000Z","volume":4000,"label":" ","price":1.93},{"type":"A","date":"2018-04-12T06:49:08.000Z","volume":14000,"label":" ","price":1.93},{"type":"A","date":"2018-04-12T06:49:11.000Z","volume":10000,"label":" ","price":1.94},{"type":"A","date":"2018-04-12T06:49:12.000Z","volume":6000,"label":" ","price":1.94},{"type":"A","date":"2018-04-12T06:49:12.000Z","volume":8000,"label":" ","price":1.94},{"type":"A","date":"2018-04-12T06:49:12.000Z","volume":10000,"label":" ","price":1.94},{"type":"B","date":"2018-04-12T06:49:14.000Z","volume":30000,"label":" ","price":1.94},{"type":"A","date":"2018-04-12T06:49:14.000Z","volume":20000,"label":" ","price":1.94},{"type":"A","date":"2018-04-12T06:49:14.000Z","volume":30000,"label":" ","price":1.95},{"type":"A","date":"2018-04-12T06:49:14.000Z","volume":100000,"label":" ","price":1.95},{"type":"A","date":"2018-04-12T06:49:17.000Z","volume":2000,"label":" ","price":1.94},{"type":"B","date":"2018-04-12T06:49:17.000Z","volume":28000,"label":" ","price":1.93},{"type":"B","date":"2018-04-12T06:49:18.000Z","volume":30000,"label":" ","price":1.93},{"type":"B","date":"2018-04-12T06:49:19.000Z","volume":40000,"label":" ","price":1.93},{"type":"B","date":"2018-04-12T06:49:20.000Z","volume":30000,"label":" ","price":1.93},{"type":"B","date":"2018-04-12T06:49:20.000Z","volume":2000,"label":" ","price":1.93},{"type":"B","date":"2018-04-12T06:49:22.000Z","volume":54000,"label":" ","price":1.92},{"type":"A","date":"2018-04-12T06:49:22.000Z","volume":10000,"label":" ","price":1.93},{"type":"B","date":"2018-04-12T06:49:24.000Z","volume":40000,"label":" ","price":1.91},{"type":"B","date":"2018-04-12T06:49:24.000Z","volume":4000,"label":" ","price":1.91},{"type":"A","date":"2018-04-12T06:49:26.000Z","volume":2000,"label":" ","price":1.92},{"type":"A","date":"2018-04-12T06:49:29.000Z","volume":6000,"label":" ","price":1.92},{"type":"B","date":"2018-04-12T06:49:30.000Z","volume":8000,"label":" ","price":1.91},{"type":"B","date":"2018-04-12T06:49:32.000Z","volume":12000,"label":" ","price":1.91},{"type":"B","date":"2018-04-12T06:49:33.000Z","volume":28000,"label":" ","price":1.91},{"type":"B","date":"2018-04-12T06:49:37.000Z","volume":8000,"label":" ","price":1.9},{"type":"A","date":"2018-04-12T06:49:38.000Z","volume":10000,"label":" ","price":1.9},{"type":"A","date":"2018-04-12T06:49:40.000Z","volume":14000,"label":" ","price":1.9},{"type":"A","date":"2018-04-12T06:49:40.000Z","volume":14000,"label":" ","price":1.91},{"type":"A","date":"2018-04-12T06:49:40.000Z","volume":32000,"label":" ","price":1.92},{"type":"A","date":"2018-04-12T06:49:40.000Z","volume":26000,"label":" ","price":1.93},{"type":"B","date":"2018-04-12T06:49:41.000Z","volume":14000,"label":" ","price":1.93},{"type":"A","date":"2018-04-12T06:49:43.000Z","volume":2000,"label":" ","price":1.94},{"type":"A","date":"2018-04-12T06:49:44.000Z","volume":2000,"label":" ","price":1.93},{"type":"A","date":"2018-04-12T06:49:52.000Z","volume":10000,"label":" ","price":1.92},{"type":"A","date":"2018-04-12T06:49:53.000Z","volume":2000,"label":" ","price":1.92},{"type":"A","date":"2018-04-12T06:49:53.000Z","volume":2000,"label":" ","price":1.92},{"type":"A","date":"2018-04-12T06:49:53.000Z","volume":4000,"label":" ","price":1.92},{"type":"A","date":"2018-04-12T06:49:53.000Z","volume":2000,"label":" ","price":1.93},{"type":"A","date":"2018-04-12T06:49:54.000Z","volume":2000,"label":" ","price":1.93},{"type":"A","date":"2018-04-12T06:49:54.000Z","volume":2000,"label":" ","price":1.93},{"type":"A","date":"2018-04-12T06:49:54.000Z","volume":2000,"label":" ","price":1.93},{"type":"A","date":"2018-04-12T06:49:54.000Z","volume":2000,"label":" ","price":1.94},{"type":"A","date":"2018-04-12T06:49:55.000Z","volume":2000,"label":" ","price":1.94},{"type":"A","date":"2018-04-12T06:49:56.000Z","volume":2000,"label":" ","price":1.94},{"type":"A","date":"2018-04-12T06:49:57.000Z","volume":2000,"label":" ","price":1.94},{"type":"A","date":"2018-04-12T06:50:01.000Z","volume":20000,"label":" ","price":1.94},{"type":"A","date":"2018-04-12T06:50:03.000Z","volume":40000,"label":" ","price":1.94},{"type":"A","date":"2018-04-12T06:50:04.000Z","volume":2000,"label":" ","price":1.95},{"type":"B","date":"2018-04-12T06:50:06.000Z","volume":60000,"label":" ","price":1.94},{"type":"A","date":"2018-04-12T06:50:06.000Z","volume":2000,"label":" ","price":1.95},{"type":"A","date":"2018-04-12T06:50:07.000Z","volume":2000,"label":" ","price":1.95},{"type":"B","date":"2018-04-12T06:50:08.000Z","volume":10000,"label":" ","price":1.93},{"type":"B","date":"2018-04-12T06:50:08.000Z","volume":90000,"label":" ","price":1.92},{"type":"A","date":"2018-04-12T06:50:08.000Z","volume":2000,"label":" ","price":1.95},{"type":"A","date":"2018-04-12T06:50:08.000Z","volume":8000,"label":" ","price":1.95},{"type":"A","date":"2018-04-12T06:50:08.000Z","volume":2000,"label":" ","price":1.95},{"type":"A","date":"2018-04-12T06:50:10.000Z","volume":2000,"label":" ","price":1.95},{"type":"A","date":"2018-04-12T06:50:11.000Z","volume":2000,"label":" ","price":1.94},{"type":"A","date":"2018-04-12T06:50:12.000Z","volume":2000,"label":" ","price":1.94},{"type":"A","date":"2018-04-12T06:50:12.000Z","volume":2000,"label":" ","price":1.95},{"type":"A","date":"2018-04-12T06:50:13.000Z","volume":2000,"label":" ","price":1.94},{"type":"A","date":"2018-04-12T06:50:14.000Z","volume":2000,"label":" ","price":1.94},{"type":"A","date":"2018-04-12T06:50:16.000Z","volume":2000,"label":" ","price":1.94},{"type":"A","date":"2018-04-12T06:50:16.000Z","volume":4000,"label":" ","price":1.94},{"type":"A","date":"2018-04-12T06:50:16.000Z","volume":10000,"label":" ","price":1.94},{"type":"B","date":"2018-04-12T06:50:17.000Z","volume":6000,"label":" ","price":1.94},{"type":"A","date":"2018-04-12T06:50:18.000Z","volume":10000,"label":" ","price":1.94},{"type":"A","date":"2018-04-12T06:50:18.000Z","volume":2000,"label":" ","price":1.94},{"type":"A","date":"2018-04-12T06:50:18.000Z","volume":2000,"label":" ","price":1.94},{"type":"A","date":"2018-04-12T06:50:18.000Z","volume":48000,"label":" ","price":1.95},{"type":"A","date":"2018-04-12T06:50:18.000Z","volume":2000,"label":" ","price":1.95},{"type":"A","date":"2018-04-12T06:50:19.000Z","volume":2000,"label":" ","price":1.95},{"type":"B","date":"2018-04-12T06:50:20.000Z","volume":10000,"label":" ","price":1.94},{"type":"A","date":"2018-04-12T06:50:20.000Z","volume":2000,"label":" ","price":1.95},{"type":"B","date":"2018-04-12T06:50:20.000Z","volume":2000,"label":"Y","price":1.94},{"type":"A","date":"2018-04-12T06:50:20.000Z","volume":2000,"label":" ","price":1.94},{"type":"A","date":"2018-04-12T06:50:21.000Z","volume":26000,"label":" ","price":1.94},{"type":"A","date":"2018-04-12T06:50:21.000Z","volume":4000,"label":" ","price":1.95},{"type":"A","date":"2018-04-12T06:50:21.000Z","volume":2000,"label":" ","price":1.95},{"type":"A","date":"2018-04-12T06:50:21.000Z","volume":2000,"label":" ","price":1.95},{"type":"A","date":"2018-04-12T06:50:22.000Z","volume":2000,"label":" ","price":1.95},{"type":"A","date":"2018-04-12T06:50:23.000Z","volume":2000,"label":" ","price":1.95},{"type":"A","date":"2018-04-12T06:50:23.000Z","volume":100000,"label":" ","price":1.95},{"type":"B","date":"2018-04-12T06:50:25.000Z","volume":46000,"label":" ","price":1.93},{"type":"A","date":"2018-04-12T06:50:25.000Z","volume":4000,"label":" ","price":1.93},{"type":"A","date":"2018-04-12T06:50:25.000Z","volume":2000,"label":" ","price":1.95},{"type":"A","date":"2018-04-12T06:50:31.000Z","volume":22000,"label":" ","price":1.94},{"type":"B","date":"2018-04-12T06:50:32.000Z","volume":20000,"label":" ","price":1.94},{"type":"A","date":"2018-04-12T06:50:33.000Z","volume":2000,"label":" ","price":1.95},{"type":"A","date":"2018-04-12T06:50:33.000Z","volume":10000,"label":"Y","price":1.95},{"type":"A","date":"2018-04-12T06:50:33.000Z","volume":10000,"label":" ","price":1.95},{"type":"A","date":"2018-04-12T06:50:34.000Z","volume":20000,"label":" ","price":1.95},{"type":"B","date":"2018-04-12T06:50:34.000Z","volume":160000,"label":" ","price":1.94},{"type":"A","date":"2018-04-12T06:50:34.000Z","volume":2000,"label":" ","price":1.95},{"type":"A","date":"2018-04-12T06:50:35.000Z","volume":2000,"label":" ","price":1.95},{"type":"A","date":"2018-04-12T06:50:37.000Z","volume":2000,"label":" ","price":1.95},{"type":"A","date":"2018-04-12T06:50:38.000Z","volume":50000,"label":" ","price":1.95},{"type":"A","date":"2018-04-12T06:50:39.000Z","volume":10000,"label":" ","price":1.95},{"type":"A","date":"2018-04-12T06:50:39.000Z","volume":2000,"label":" ","price":1.95},{"type":"A","date":"2018-04-12T06:50:39.000Z","volume":18000,"label":" ","price":1.95},{"type":"A","date":"2018-04-12T06:50:40.000Z","volume":2000,"label":" ","price":1.96},{"type":"A","date":"2018-04-12T06:50:40.000Z","volume":2000,"label":" ","price":1.96},{"type":"A","date":"2018-04-12T06:50:41.000Z","volume":2000,"label":" ","price":1.96},{"type":"A","date":"2018-04-12T06:50:42.000Z","volume":2000,"label":" ","price":1.96},{"type":"B","date":"2018-04-12T06:50:42.000Z","volume":38000,"label":" ","price":1.95},{"type":"B","date":"2018-04-12T06:50:43.000Z","volume":20000,"label":" ","price":1.94},{"type":"A","date":"2018-04-12T06:50:43.000Z","volume":2000,"label":" ","price":1.95},{"type":"A","date":"2018-04-12T06:50:43.000Z","volume":2000,"label":" ","price":1.96},{"type":"A","date":"2018-04-12T06:50:43.000Z","volume":2000,"label":" ","price":1.96},{"type":"A","date":"2018-04-12T06:50:45.000Z","volume":2000,"label":" ","price":1.96},{"type":"A","date":"2018-04-12T06:50:46.000Z","volume":2000,"label":" ","price":1.96},{"type":"A","date":"2018-04-12T06:50:46.000Z","volume":2000,"label":" ","price":1.96},{"type":"A","date":"2018-04-12T06:50:47.000Z","volume":2000,"label":" ","price":1.96},{"type":"A","date":"2018-04-12T06:50:49.000Z","volume":2000,"label":" ","price":1.95},{"type":"B","date":"2018-04-12T06:50:55.000Z","volume":12000,"label":" ","price":1.94},{"type":"A","date":"2018-04-12T06:50:58.000Z","volume":8000,"label":" ","price":1.94},{"type":"A","date":"2018-04-12T06:51:00.000Z","volume":84000,"label":" ","price":1.94},{"type":"B","date":"2018-04-12T06:51:01.000Z","volume":46000,"label":" ","price":1.93},{"type":"A","date":"2018-04-12T06:51:02.000Z","volume":4000,"label":" ","price":1.93},{"type":"A","date":"2018-04-12T06:51:02.000Z","volume":22000,"label":" ","price":1.94},{"type":"A","date":"2018-04-12T06:51:02.000Z","volume":24000,"label":" ","price":1.95},{"type":"B","date":"2018-04-12T06:51:08.000Z","volume":42000,"label":" ","price":1.94},{"type":"A","date":"2018-04-12T06:51:12.000Z","volume":2000,"label":" ","price":1.94},{"type":"B","date":"2018-04-12T06:51:14.000Z","volume":2000,"label":" ","price":1.94},{"type":"B","date":"2018-04-12T06:51:14.000Z","volume":6000,"label":" ","price":1.94},{"type":"A","date":"2018-04-12T06:51:17.000Z","volume":20000,"label":" ","price":1.95},{"type":"A","date":"2018-04-12T06:51:22.000Z","volume":6000,"label":" ","price":1.95},{"type":"B","date":"2018-04-12T06:51:28.000Z","volume":24000,"label":" ","price":1.94},{"type":"B","date":"2018-04-12T06:51:31.000Z","volume":50000,"label":" ","price":1.93},{"type":"B","date":"2018-04-12T06:51:31.000Z","volume":50000,"label":" ","price":1.93},{"type":"B","date":"2018-04-12T06:51:31.000Z","volume":38000,"label":" ","price":1.93},{"type":"A","date":"2018-04-12T06:51:35.000Z","volume":2000,"label":" ","price":1.94},{"type":"A","date":"2018-04-12T06:51:36.000Z","volume":20000,"label":" ","price":1.94},{"type":"A","date":"2018-04-12T06:51:36.000Z","volume":20000,"label":" ","price":1.93},{"type":"A","date":"2018-04-12T06:51:38.000Z","volume":8000,"label":" ","price":1.93},{"type":"A","date":"2018-04-12T06:51:43.000Z","volume":20000,"label":" ","price":1.94},{"type":"A","date":"2018-04-12T06:51:44.000Z","volume":20000,"label":" ","price":1.94},{"type":"B","date":"2018-04-12T06:51:50.000Z","volume":10000,"label":" ","price":1.93},{"type":"B","date":"2018-04-12T06:51:51.000Z","volume":30000,"label":" ","price":1.93},{"type":"B","date":"2018-04-12T06:51:59.000Z","volume":12000,"label":" ","price":1.93},{"type":"A","date":"2018-04-12T06:52:11.000Z","volume":2000,"label":" ","price":1.94},{"type":"A","date":"2018-04-12T06:52:13.000Z","volume":50000,"label":" ","price":1.94},{"type":"A","date":"2018-04-12T06:52:14.000Z","volume":50000,"label":" ","price":1.94},{"type":"A","date":"2018-04-12T06:52:14.000Z","volume":10000,"label":" ","price":1.94},{"type":"B","date":"2018-04-12T06:52:14.000Z","volume":10000,"label":" ","price":1.94},{"type":"A","date":"2018-04-12T06:52:15.000Z","volume":2000,"label":" ","price":1.94},{"type":"B","date":"2018-04-12T06:52:16.000Z","volume":18000,"label":" ","price":1.93},{"type":"A","date":"2018-04-12T06:52:17.000Z","volume":2000,"label":" ","price":1.94},{"type":"A","date":"2018-04-12T06:52:17.000Z","volume":6000,"label":" ","price":1.94},{"type":"A","date":"2018-04-12T06:52:18.000Z","volume":2000,"label":" ","price":1.95},{"type":"A","date":"2018-04-12T06:52:18.000Z","volume":40000,"label":" ","price":1.95},{"type":"A","date":"2018-04-12T06:52:19.000Z","volume":20000,"label":" ","price":1.95},{"type":"A","date":"2018-04-12T06:52:19.000Z","volume":2000,"label":" ","price":1.95},{"type":"A","date":"2018-04-12T06:52:20.000Z","volume":2000,"label":" ","price":1.95},{"type":"A","date":"2018-04-12T06:52:20.000Z","volume":2000,"label":" ","price":1.95},{"type":"A","date":"2018-04-12T06:52:20.000Z","volume":2000,"label":" ","price":1.95},{"type":"A","date":"2018-04-12T06:52:21.000Z","volume":2000,"label":" ","price":1.95},{"type":"A","date":"2018-04-12T06:52:21.000Z","volume":2000,"label":" ","price":1.95},{"type":"A","date":"2018-04-12T06:52:21.000Z","volume":2000,"label":" ","price":1.95},{"type":"A","date":"2018-04-12T06:52:22.000Z","volume":2000,"label":" ","price":1.95},{"type":"A","date":"2018-04-12T06:52:25.000Z","volume":8000,"label":" ","price":1.95},{"type":"A","date":"2018-04-12T06:52:25.000Z","volume":70000,"label":" ","price":1.96},{"type":"A","date":"2018-04-12T06:52:25.000Z","volume":10000,"label":" ","price":1.97},{"type":"A","date":"2018-04-12T06:52:25.000Z","volume":2000,"label":" ","price":1.97},{"type":"B","date":"2018-04-12T06:52:26.000Z","volume":10000,"label":"Y","price":1.96},{"type":"A","date":"2018-04-12T06:52:28.000Z","volume":2000,"label":" ","price":1.97},{"type":"B","date":"2018-04-12T06:52:28.000Z","volume":4000,"label":" ","price":1.96},{"type":"B","date":"2018-04-12T06:52:28.000Z","volume":4000,"label":" ","price":1.96},{"type":"A","date":"2018-04-12T06:52:30.000Z","volume":2000,"label":" ","price":1.97},{"type":"A","date":"2018-04-12T06:52:31.000Z","volume":2000,"label":" ","price":1.97},{"type":"A","date":"2018-04-12T06:52:31.000Z","volume":2000,"label":"Y","price":1.97},{"type":"A","date":"2018-04-12T06:52:31.000Z","volume":2000,"label":" ","price":1.97},{"type":"A","date":"2018-04-12T06:52:31.000Z","volume":2000,"label":" ","price":1.97},{"type":"A","date":"2018-04-12T06:52:31.000Z","volume":100000,"label":" ","price":1.97},{"type":"A","date":"2018-04-12T06:52:32.000Z","volume":2000,"label":" ","price":1.97},{"type":"A","date":"2018-04-12T06:52:32.000Z","volume":30000,"label":" ","price":1.97},{"type":"A","date":"2018-04-12T06:52:32.000Z","volume":2000,"label":" ","price":1.97},{"type":"A","date":"2018-04-12T06:52:33.000Z","volume":54000,"label":" ","price":1.97},{"type":"A","date":"2018-04-12T06:52:33.000Z","volume":10000,"label":" ","price":1.97},{"type":"A","date":"2018-04-12T06:52:33.000Z","volume":12000,"label":" ","price":1.97},{"type":"A","date":"2018-04-12T06:52:33.000Z","volume":2000,"label":" ","price":1.98},{"type":"A","date":"2018-04-12T06:52:33.000Z","volume":2000,"label":" ","price":1.98},{"type":"A","date":"2018-04-12T06:52:33.000Z","volume":6000,"label":" ","price":1.98},{"type":"A","date":"2018-04-12T06:52:34.000Z","volume":2000,"label":" ","price":1.98},{"type":"A","date":"2018-04-12T06:52:34.000Z","volume":2000,"label":" ","price":1.98},{"type":"A","date":"2018-04-12T06:52:34.000Z","volume":2000,"label":" ","price":1.98},{"type":"A","date":"2018-04-12T06:52:35.000Z","volume":2000,"label":" ","price":1.98},{"type":"A","date":"2018-04-12T06:52:35.000Z","volume":2000,"label":" ","price":1.98},{"type":"A","date":"2018-04-12T06:52:36.000Z","volume":50000,"label":" ","price":1.98},{"type":"A","date":"2018-04-12T06:52:36.000Z","volume":2000,"label":" ","price":1.98},{"type":"A","date":"2018-04-12T06:52:36.000Z","volume":10000,"label":" ","price":1.98},{"type":"A","date":"2018-04-12T06:52:36.000Z","volume":10000,"label":" ","price":1.98},{"type":"A","date":"2018-04-12T06:52:36.000Z","volume":2000,"label":" ","price":1.98},{"type":"A","date":"2018-04-12T06:52:37.000Z","volume":2000,"label":" ","price":1.98},{"type":"A","date":"2018-04-12T06:52:37.000Z","volume":10000,"label":" ","price":1.98},{"type":"A","date":"2018-04-12T06:52:37.000Z","volume":20000,"label":" ","price":1.98},{"type":"A","date":"2018-04-12T06:52:37.000Z","volume":20000,"label":"Y","price":1.98},{"type":"A","date":"2018-04-12T06:52:38.000Z","volume":50000,"label":" ","price":1.98},{"type":"A","date":"2018-04-12T06:52:38.000Z","volume":30000,"label":" ","price":1.98},{"type":"A","date":"2018-04-12T06:52:38.000Z","volume":4000,"label":" ","price":1.98},{"type":"A","date":"2018-04-12T06:52:39.000Z","volume":20000,"label":" ","price":1.98},{"type":"A","date":"2018-04-12T06:52:41.000Z","volume":2000,"label":" ","price":1.99},{"type":"A","date":"2018-04-12T06:52:42.000Z","volume":2000,"label":" ","price":1.99},{"type":"A","date":"2018-04-12T06:52:44.000Z","volume":4000,"label":" ","price":1.99},{"type":"A","date":"2018-04-12T06:52:45.000Z","volume":50000,"label":" ","price":1.99},{"type":"A","date":"2018-04-12T06:52:45.000Z","volume":100000,"label":" ","price":1.99},{"type":"A","date":"2018-04-12T06:52:45.000Z","volume":6000,"label":" ","price":1.99},{"type":"B","date":"2018-04-12T06:52:45.000Z","volume":10000,"label":" ","price":1.99},{"type":"B","date":"2018-04-12T06:52:47.000Z","volume":130000,"label":" ","price":1.99},{"type":"A","date":"2018-04-12T06:52:47.000Z","volume":20000,"label":" ","price":2},{"type":"A","date":"2018-04-12T06:52:49.000Z","volume":20000,"label":" ","price":2},{"type":"A","date":"2018-04-12T06:52:49.000Z","volume":10000,"label":" ","price":2},{"type":"B","date":"2018-04-12T06:52:49.000Z","volume":2000,"label":" ","price":1.99},{"type":"A","date":"2018-04-12T06:52:50.000Z","volume":50000,"label":" ","price":2},{"type":"A","date":"2018-04-12T06:52:50.000Z","volume":4000,"label":" ","price":2},{"type":"B","date":"2018-04-12T06:52:50.000Z","volume":10000,"label":" ","price":1.99},{"type":"B","date":"2018-04-12T06:52:50.000Z","volume":10000,"label":" ","price":1.99},{"type":"A","date":"2018-04-12T06:52:50.000Z","volume":10000,"label":" ","price":2},{"type":"A","date":"2018-04-12T06:52:50.000Z","volume":10000,"label":" ","price":2},{"type":"A","date":"2018-04-12T06:52:51.000Z","volume":10000,"label":" ","price":2},{"type":"A","date":"2018-04-12T06:52:51.000Z","volume":2000,"label":" ","price":2},{"type":"A","date":"2018-04-12T06:52:51.000Z","volume":10000,"label":" ","price":2},{"type":"A","date":"2018-04-12T06:52:51.000Z","volume":10000,"label":" ","price":2},{"type":"A","date":"2018-04-12T06:52:52.000Z","volume":54000,"label":" ","price":2},{"type":"B","date":"2018-04-12T06:52:52.000Z","volume":12000,"label":"Y","price":1.99},{"type":"A","date":"2018-04-12T06:52:53.000Z","volume":30000,"label":" ","price":2},{"type":"A","date":"2018-04-12T06:52:53.000Z","volume":100000,"label":" ","price":2},{"type":"A","date":"2018-04-12T06:52:53.000Z","volume":10000,"label":" ","price":2},{"type":"A","date":"2018-04-12T06:52:53.000Z","volume":8000,"label":" ","price":2},{"type":"A","date":"2018-04-12T06:52:53.000Z","volume":10000,"label":" ","price":2},{"type":"A","date":"2018-04-12T06:52:54.000Z","volume":80000,"label":"Y","price":2},{"type":"A","date":"2018-04-12T06:52:54.000Z","volume":20000,"label":" ","price":2},{"type":"A","date":"2018-04-12T06:52:54.000Z","volume":2000,"label":" ","price":2},{"type":"A","date":"2018-04-12T06:52:55.000Z","volume":10000,"label":" ","price":2},{"type":"A","date":"2018-04-12T06:52:55.000Z","volume":10000,"label":" ","price":2},{"type":"A","date":"2018-04-12T06:52:56.000Z","volume":40000,"label":" ","price":2},{"type":"A","date":"2018-04-12T06:52:57.000Z","volume":12000,"label":"Y","price":2},{"type":"A","date":"2018-04-12T06:52:57.000Z","volume":68000,"label":" ","price":2},{"type":"A","date":"2018-04-12T06:52:58.000Z","volume":2000,"label":" ","price":2},{"type":"A","date":"2018-04-12T06:52:59.000Z","volume":24000,"label":" ","price":2},{"type":"B","date":"2018-04-12T06:52:59.000Z","volume":10000,"label":" ","price":2},{"type":"B","date":"2018-04-12T06:52:59.000Z","volume":4000,"label":" ","price":2},{"type":"B","date":"2018-04-12T06:52:59.000Z","volume":276000,"label":" ","price":1.99},{"type":"A","date":"2018-04-12T06:53:00.000Z","volume":4000,"label":" ","price":1.99},{"type":"B","date":"2018-04-12T06:53:01.000Z","volume":26000,"label":" ","price":2},{"type":"B","date":"2018-04-12T06:53:01.000Z","volume":20000,"label":" ","price":1.98},{"type":"B","date":"2018-04-12T06:53:03.000Z","volume":4000,"label":" ","price":1.98},{"type":"A","date":"2018-04-12T06:53:03.000Z","volume":10000,"label":" ","price":1.99},{"type":"A","date":"2018-04-12T06:53:03.000Z","volume":10000,"label":" ","price":1.99},{"type":"B","date":"2018-04-12T06:53:04.000Z","volume":10000,"label":" ","price":1.98},{"type":"A","date":"2018-04-12T06:53:04.000Z","volume":4000,"label":" ","price":1.98},{"type":"A","date":"2018-04-12T06:53:04.000Z","volume":30000,"label":" ","price":1.98},{"type":"B","date":"2018-04-12T06:53:05.000Z","volume":10000,"label":" ","price":1.97},{"type":"A","date":"2018-04-12T06:53:05.000Z","volume":4000,"label":" ","price":1.98},{"type":"A","date":"2018-04-12T06:53:08.000Z","volume":10000,"label":" ","price":1.97},{"type":"B","date":"2018-04-12T06:53:12.000Z","volume":8000,"label":" ","price":1.96},{"type":"A","date":"2018-04-12T06:53:13.000Z","volume":40000,"label":" ","price":1.97},{"type":"A","date":"2018-04-12T06:53:13.000Z","volume":4000,"label":" ","price":1.98},{"type":"A","date":"2018-04-12T06:53:13.000Z","volume":38000,"label":" ","price":1.99},{"type":"A","date":"2018-04-12T06:53:13.000Z","volume":18000,"label":" ","price":2},{"type":"A","date":"2018-04-12T06:53:17.000Z","volume":10000,"label":" ","price":1.98},{"type":"A","date":"2018-04-12T06:53:17.000Z","volume":2000,"label":" ","price":1.98},{"type":"A","date":"2018-04-12T06:53:17.000Z","volume":8000,"label":" ","price":1.99},{"type":"B","date":"2018-04-12T06:53:20.000Z","volume":46000,"label":" ","price":1.97},{"type":"A","date":"2018-04-12T06:53:21.000Z","volume":8000,"label":" ","price":1.97},{"type":"B","date":"2018-04-12T06:53:23.000Z","volume":10000,"label":" ","price":1.97},{"type":"A","date":"2018-04-12T06:53:23.000Z","volume":10000,"label":" ","price":1.97},{"type":"A","date":"2018-04-12T06:53:24.000Z","volume":10000,"label":" ","price":1.98},{"type":"B","date":"2018-04-12T06:53:25.000Z","volume":10000,"label":" ","price":1.97},{"type":"A","date":"2018-04-12T06:53:29.000Z","volume":2000,"label":" ","price":1.97},{"type":"B","date":"2018-04-12T06:53:30.000Z","volume":20000,"label":" ","price":1.96},{"type":"A","date":"2018-04-12T06:53:30.000Z","volume":6000,"label":" ","price":1.97},{"type":"A","date":"2018-04-12T06:53:31.000Z","volume":10000,"label":" ","price":1.97},{"type":"B","date":"2018-04-12T06:53:31.000Z","volume":50000,"label":" ","price":1.96},{"type":"B","date":"2018-04-12T06:53:31.000Z","volume":10000,"label":" ","price":1.96},{"type":"B","date":"2018-04-12T06:53:31.000Z","volume":22000,"label":" ","price":1.96},{"type":"A","date":"2018-04-12T06:53:39.000Z","volume":8000,"label":" ","price":1.96},{"type":"B","date":"2018-04-12T06:53:39.000Z","volume":10000,"label":" ","price":1.95},{"type":"B","date":"2018-04-12T06:53:39.000Z","volume":10000,"label":" ","price":1.95},{"type":"B","date":"2018-04-12T06:53:39.000Z","volume":10000,"label":" ","price":1.95},{"type":"A","date":"2018-04-12T06:53:40.000Z","volume":18000,"label":" ","price":1.96},{"type":"A","date":"2018-04-12T06:53:42.000Z","volume":10000,"label":" ","price":1.96},{"type":"A","date":"2018-04-12T06:53:42.000Z","volume":32000,"label":" ","price":1.96},{"type":"A","date":"2018-04-12T06:53:43.000Z","volume":30000,"label":" ","price":1.97},{"type":"A","date":"2018-04-12T06:54:00.000Z","volume":32000,"label":" ","price":1.97},{"type":"A","date":"2018-04-12T06:54:02.000Z","volume":8000,"label":" ","price":1.97},{"type":"A","date":"2018-04-12T06:54:02.000Z","volume":20000,"label":" ","price":1.97},{"type":"A","date":"2018-04-12T06:54:05.000Z","volume":20000,"label":" ","price":1.97},{"type":"A","date":"2018-04-12T06:54:05.000Z","volume":6000,"label":" ","price":1.97},{"type":"A","date":"2018-04-12T06:54:06.000Z","volume":10000,"label":" ","price":1.97},{"type":"A","date":"2018-04-12T06:54:06.000Z","volume":4000,"label":" ","price":1.97},{"type":"A","date":"2018-04-12T06:54:07.000Z","volume":10000,"label":"Y","price":1.97},{"type":"A","date":"2018-04-12T06:54:07.000Z","volume":36000,"label":" ","price":1.97},{"type":"A","date":"2018-04-12T06:54:11.000Z","volume":6000,"label":" ","price":1.98},{"type":"A","date":"2018-04-12T06:54:12.000Z","volume":48000,"label":" ","price":1.98},{"type":"B","date":"2018-04-12T06:54:14.000Z","volume":10000,"label":" ","price":1.98},{"type":"B","date":"2018-04-12T06:54:18.000Z","volume":4000,"label":" ","price":1.97},{"type":"A","date":"2018-04-12T06:54:20.000Z","volume":60000,"label":" ","price":1.99},{"type":"A","date":"2018-04-12T06:54:22.000Z","volume":10000,"label":" ","price":1.99},{"type":"A","date":"2018-04-12T06:54:23.000Z","volume":20000,"label":" ","price":1.99},{"type":"A","date":"2018-04-12T06:54:24.000Z","volume":10000,"label":" ","price":1.99},{"type":"A","date":"2018-04-12T06:54:25.000Z","volume":50000,"label":" ","price":2},{"type":"B","date":"2018-04-12T06:54:27.000Z","volume":20000,"label":" ","price":1.99},{"type":"A","date":"2018-04-12T06:54:31.000Z","volume":10000,"label":" ","price":2},{"type":"A","date":"2018-04-12T06:54:31.000Z","volume":34000,"label":" ","price":2},{"type":"A","date":"2018-04-12T06:54:31.000Z","volume":6000,"label":" ","price":2},{"type":"A","date":"2018-04-12T06:54:31.000Z","volume":20000,"label":" ","price":2},{"type":"A","date":"2018-04-12T06:54:32.000Z","volume":10000,"label":" ","price":2},{"type":"B","date":"2018-04-12T06:54:37.000Z","volume":10000,"label":" ","price":1.99},{"type":"B","date":"2018-04-12T06:54:38.000Z","volume":148000,"label":" ","price":1.99},{"type":"A","date":"2018-04-12T06:54:41.000Z","volume":10000,"label":" ","price":1.99},{"type":"A","date":"2018-04-12T06:54:43.000Z","volume":6000,"label":" ","price":2},{"type":"B","date":"2018-04-12T06:54:43.000Z","volume":6000,"label":" ","price":1.99},{"type":"B","date":"2018-04-12T06:54:43.000Z","volume":6000,"label":" ","price":1.99},{"type":"B","date":"2018-04-12T06:54:47.000Z","volume":6000,"label":" ","price":1.99},{"type":"B","date":"2018-04-12T06:54:47.000Z","volume":10000,"label":" ","price":1.98},{"type":"A","date":"2018-04-12T06:54:47.000Z","volume":10000,"label":" ","price":1.98},{"type":"A","date":"2018-04-12T06:54:47.000Z","volume":4000,"label":" ","price":1.98},{"type":"A","date":"2018-04-12T06:54:48.000Z","volume":20000,"label":" ","price":2},{"type":"B","date":"2018-04-12T06:54:48.000Z","volume":6000,"label":" ","price":1.99},{"type":"B","date":"2018-04-12T06:54:48.000Z","volume":10000,"label":" ","price":1.99},{"type":"A","date":"2018-04-12T06:54:48.000Z","volume":10000,"label":" ","price":1.99},{"type":"A","date":"2018-04-12T06:54:49.000Z","volume":6000,"label":" ","price":1.99},{"type":"A","date":"2018-04-12T06:54:50.000Z","volume":10000,"label":" ","price":1.99},{"type":"A","date":"2018-04-12T06:54:51.000Z","volume":40000,"label":"Y","price":1.99},{"type":"A","date":"2018-04-12T06:54:51.000Z","volume":32000,"label":" ","price":1.99},{"type":"B","date":"2018-04-12T06:54:52.000Z","volume":30000,"label":" ","price":1.98},{"type":"A","date":"2018-04-12T06:54:53.000Z","volume":2000,"label":" ","price":1.99},{"type":"A","date":"2018-04-12T06:54:53.000Z","volume":10000,"label":" ","price":1.99},{"type":"A","date":"2018-04-12T06:54:54.000Z","volume":48000,"label":"Y","price":1.99},{"type":"A","date":"2018-04-12T06:54:54.000Z","volume":2000,"label":" ","price":1.99},{"type":"A","date":"2018-04-12T06:54:55.000Z","volume":12000,"label":" ","price":1.99},{"type":"A","date":"2018-04-12T06:54:57.000Z","volume":8000,"label":" ","price":1.99},{"type":"A","date":"2018-04-12T06:55:00.000Z","volume":20000,"label":" ","price":1.99},{"type":"B","date":"2018-04-12T06:55:06.000Z","volume":32000,"label":" ","price":1.98},{"type":"B","date":"2018-04-12T06:55:10.000Z","volume":4000,"label":" ","price":1.98},{"type":"A","date":"2018-04-12T06:55:10.000Z","volume":16000,"label":" ","price":1.98},{"type":"A","date":"2018-04-12T06:55:15.000Z","volume":20000,"label":" ","price":1.98},{"type":"A","date":"2018-04-12T06:55:16.000Z","volume":10000,"label":" ","price":1.98},{"type":"A","date":"2018-04-12T06:55:23.000Z","volume":40000,"label":" ","price":1.99},{"type":"A","date":"2018-04-12T06:55:25.000Z","volume":2000,"label":" ","price":1.98},{"type":"A","date":"2018-04-12T06:55:27.000Z","volume":4000,"label":" ","price":1.98},{"type":"A","date":"2018-04-12T06:55:40.000Z","volume":10000,"label":" ","price":1.98},{"type":"A","date":"2018-04-12T06:55:46.000Z","volume":2000,"label":" ","price":1.98},{"type":"A","date":"2018-04-12T06:55:48.000Z","volume":8000,"label":" ","price":1.98},{"type":"A","date":"2018-04-12T06:55:50.000Z","volume":64000,"label":" ","price":1.98},{"type":"B","date":"2018-04-12T06:55:53.000Z","volume":4000,"label":" ","price":1.98},{"type":"A","date":"2018-04-12T06:55:57.000Z","volume":2000,"label":" ","price":1.99},{"type":"A","date":"2018-04-12T06:56:03.000Z","volume":2000,"label":" ","price":1.99},{"type":"A","date":"2018-04-12T06:56:04.000Z","volume":6000,"label":" ","price":1.99},{"type":"A","date":"2018-04-12T06:56:04.000Z","volume":6000,"label":" ","price":1.99},{"type":"A","date":"2018-04-12T06:56:05.000Z","volume":20000,"label":" ","price":1.99},{"type":"A","date":"2018-04-12T06:56:05.000Z","volume":6000,"label":" ","price":1.99},{"type":"A","date":"2018-04-12T06:56:06.000Z","volume":10000,"label":" ","price":1.99},{"type":"A","date":"2018-04-12T06:56:06.000Z","volume":10000,"label":" ","price":1.99},{"type":"A","date":"2018-04-12T06:56:06.000Z","volume":6000,"label":" ","price":1.99},{"type":"A","date":"2018-04-12T06:56:06.000Z","volume":2000,"label":" ","price":1.99},{"type":"A","date":"2018-04-12T06:56:06.000Z","volume":20000,"label":" ","price":1.99},{"type":"A","date":"2018-04-12T06:56:07.000Z","volume":2000,"label":" ","price":1.99},{"type":"A","date":"2018-04-12T06:56:07.000Z","volume":2000,"label":" ","price":1.99},{"type":"A","date":"2018-04-12T06:56:08.000Z","volume":2000,"label":" ","price":1.99},{"type":"A","date":"2018-04-12T06:56:08.000Z","volume":2000,"label":" ","price":1.99},{"type":"A","date":"2018-04-12T06:56:09.000Z","volume":10000,"label":" ","price":1.99},{"type":"A","date":"2018-04-12T06:56:09.000Z","volume":22000,"label":" ","price":1.99},{"type":"B","date":"2018-04-12T06:56:10.000Z","volume":8000,"label":" ","price":1.99},{"type":"A","date":"2018-04-12T06:56:10.000Z","volume":38000,"label":" ","price":1.99},{"type":"A","date":"2018-04-12T06:56:10.000Z","volume":2000,"label":" ","price":2},{"type":"A","date":"2018-04-12T06:56:10.000Z","volume":2000,"label":" ","price":2},{"type":"A","date":"2018-04-12T06:56:11.000Z","volume":2000,"label":" ","price":2},{"type":"B","date":"2018-04-12T06:56:14.000Z","volume":2000,"label":" ","price":1.99},{"type":"A","date":"2018-04-12T06:56:14.000Z","volume":2000,"label":" ","price":2},{"type":"A","date":"2018-04-12T06:56:22.000Z","volume":60000,"label":" ","price":2},{"type":"A","date":"2018-04-12T06:56:22.000Z","volume":60000,"label":" ","price":2},{"type":"A","date":"2018-04-12T06:56:23.000Z","volume":10000,"label":" ","price":2},{"type":"A","date":"2018-04-12T06:56:23.000Z","volume":10000,"label":" ","price":2},{"type":"B","date":"2018-04-12T06:56:23.000Z","volume":6000,"label":" ","price":1.99},{"type":"A","date":"2018-04-12T06:56:23.000Z","volume":20000,"label":" ","price":2},{"type":"A","date":"2018-04-12T06:56:24.000Z","volume":100000,"label":" ","price":2},{"type":"A","date":"2018-04-12T06:56:25.000Z","volume":30000,"label":" ","price":2},{"type":"A","date":"2018-04-12T06:56:25.000Z","volume":50000,"label":" ","price":2},{"type":"A","date":"2018-04-12T06:56:26.000Z","volume":30000,"label":" ","price":2},{"type":"A","date":"2018-04-12T06:56:26.000Z","volume":10000,"label":" ","price":2},{"type":"A","date":"2018-04-12T06:56:26.000Z","volume":10000,"label":" ","price":2},{"type":"A","date":"2018-04-12T06:56:26.000Z","volume":4000,"label":" ","price":2},{"type":"A","date":"2018-04-12T06:56:26.000Z","volume":24000,"label":" ","price":2},{"type":"B","date":"2018-04-12T06:56:27.000Z","volume":10000,"label":" ","price":2},{"type":"A","date":"2018-04-12T06:56:29.000Z","volume":10000,"label":" ","price":2.01},{"type":"A","date":"2018-04-12T06:56:30.000Z","volume":2000,"label":" ","price":2.01},{"type":"A","date":"2018-04-12T06:56:31.000Z","volume":20000,"label":" ","price":2.01},{"type":"B","date":"2018-04-12T06:56:33.000Z","volume":52000,"label":" ","price":2},{"type":"A","date":"2018-04-12T06:56:34.000Z","volume":2000,"label":" ","price":2.01},{"type":"B","date":"2018-04-12T06:56:36.000Z","volume":30000,"label":" ","price":2},{"type":"B","date":"2018-04-12T06:56:36.000Z","volume":46000,"label":" ","price":2},{"type":"A","date":"2018-04-12T06:56:39.000Z","volume":20000,"label":" ","price":2},{"type":"A","date":"2018-04-12T06:56:41.000Z","volume":10000,"label":" ","price":2},{"type":"A","date":"2018-04-12T06:56:41.000Z","volume":10000,"label":" ","price":2},{"type":"A","date":"2018-04-12T06:56:43.000Z","volume":2000,"label":" ","price":2},{"type":"A","date":"2018-04-12T06:56:45.000Z","volume":4000,"label":" ","price":2},{"type":"A","date":"2018-04-12T06:56:47.000Z","volume":10000,"label":" ","price":2},{"type":"A","date":"2018-04-12T06:56:48.000Z","volume":2000,"label":" ","price":2},{"type":"A","date":"2018-04-12T06:56:48.000Z","volume":2000,"label":" ","price":2},{"type":"A","date":"2018-04-12T06:56:49.000Z","volume":20000,"label":" ","price":2},{"type":"A","date":"2018-04-12T06:56:50.000Z","volume":2000,"label":" ","price":2},{"type":"A","date":"2018-04-12T06:56:54.000Z","volume":12000,"label":" ","price":2},{"type":"B","date":"2018-04-12T06:56:54.000Z","volume":6000,"label":" ","price":2},{"type":"B","date":"2018-04-12T06:56:54.000Z","volume":10000,"label":" ","price":2},{"type":"B","date":"2018-04-12T06:56:57.000Z","volume":2000,"label":" ","price":2},{"type":"A","date":"2018-04-12T06:57:00.000Z","volume":10000,"label":" ","price":2.01},{"type":"B","date":"2018-04-12T06:57:00.000Z","volume":12000,"label":" ","price":2},{"type":"A","date":"2018-04-12T06:57:01.000Z","volume":10000,"label":" ","price":2},{"type":"A","date":"2018-04-12T06:57:02.000Z","volume":10000,"label":" ","price":2},{"type":"B","date":"2018-04-12T06:57:03.000Z","volume":162000,"label":" ","price":1.99},{"type":"B","date":"2018-04-12T06:57:03.000Z","volume":12000,"label":" ","price":1.99},{"type":"B","date":"2018-04-12T06:57:04.000Z","volume":20000,"label":" ","price":1.98},{"type":"A","date":"2018-04-12T06:57:09.000Z","volume":4000,"label":" ","price":1.99},{"type":"A","date":"2018-04-12T06:57:10.000Z","volume":26000,"label":" ","price":1.99},{"type":"A","date":"2018-04-12T06:57:10.000Z","volume":14000,"label":" ","price":2},{"type":"A","date":"2018-04-12T06:57:21.000Z","volume":30000,"label":" ","price":2},{"type":"A","date":"2018-04-12T06:57:21.000Z","volume":6000,"label":" ","price":2},{"type":"A","date":"2018-04-12T06:57:22.000Z","volume":54000,"label":" ","price":2},{"type":"A","date":"2018-04-12T06:57:22.000Z","volume":2000,"label":" ","price":2},{"type":"A","date":"2018-04-12T06:57:23.000Z","volume":10000,"label":" ","price":2.01},{"type":"B","date":"2018-04-12T06:57:26.000Z","volume":20000,"label":" ","price":2},{"type":"B","date":"2018-04-12T06:57:26.000Z","volume":24000,"label":" ","price":2},{"type":"B","date":"2018-04-12T06:57:32.000Z","volume":2000,"label":" ","price":2},{"type":"B","date":"2018-04-12T06:57:33.000Z","volume":8000,"label":" ","price":2},{"type":"A","date":"2018-04-12T06:57:36.000Z","volume":10000,"label":" ","price":2},{"type":"A","date":"2018-04-12T06:57:37.000Z","volume":2000,"label":" ","price":2},{"type":"B","date":"2018-04-12T06:57:37.000Z","volume":2000,"label":"Y","price":2},{"type":"B","date":"2018-04-12T06:57:37.000Z","volume":10000,"label":" ","price":2},{"type":"A","date":"2018-04-12T06:57:38.000Z","volume":2000,"label":"Y","price":2.01},{"type":"A","date":"2018-04-12T06:57:38.000Z","volume":58000,"label":" ","price":2.01},{"type":"A","date":"2018-04-12T06:57:41.000Z","volume":10000,"label":" ","price":2.01},{"type":"A","date":"2018-04-12T06:57:41.000Z","volume":8000,"label":" ","price":2.01},{"type":"B","date":"2018-04-12T06:57:44.000Z","volume":36000,"label":" ","price":2},{"type":"B","date":"2018-04-12T06:57:45.000Z","volume":2000,"label":" ","price":2},{"type":"B","date":"2018-04-12T06:57:47.000Z","volume":8000,"label":" ","price":2},{"type":"B","date":"2018-04-12T06:57:47.000Z","volume":52000,"label":" ","price":1.99},{"type":"A","date":"2018-04-12T06:57:47.000Z","volume":4000,"label":" ","price":2},{"type":"B","date":"2018-04-12T06:57:58.000Z","volume":26000,"label":" ","price":1.99},{"type":"B","date":"2018-04-12T06:57:58.000Z","volume":44000,"label":" ","price":1.98},{"type":"B","date":"2018-04-12T06:58:03.000Z","volume":8000,"label":"Y","price":1.98},{"type":"B","date":"2018-04-12T06:58:03.000Z","volume":16000,"label":" ","price":1.98},{"type":"B","date":"2018-04-12T06:58:03.000Z","volume":64000,"label":" ","price":1.97},{"type":"A","date":"2018-04-12T06:58:05.000Z","volume":46000,"label":" ","price":1.98},{"type":"A","date":"2018-04-12T06:58:05.000Z","volume":10000,"label":" ","price":1.98},{"type":"A","date":"2018-04-12T06:58:09.000Z","volume":42000,"label":" ","price":1.98},{"type":"A","date":"2018-04-12T06:58:09.000Z","volume":18000,"label":" ","price":1.98},{"type":"A","date":"2018-04-12T06:58:09.000Z","volume":20000,"label":" ","price":1.98},{"type":"A","date":"2018-04-12T06:58:10.000Z","volume":4000,"label":" ","price":1.99},{"type":"B","date":"2018-04-12T06:58:10.000Z","volume":10000,"label":" ","price":1.98},{"type":"A","date":"2018-04-12T06:58:14.000Z","volume":14000,"label":" ","price":1.99},{"type":"B","date":"2018-04-12T06:58:14.000Z","volume":10000,"label":" ","price":1.98},{"type":"B","date":"2018-04-12T06:58:14.000Z","volume":28000,"label":" ","price":1.97},{"type":"A","date":"2018-04-12T06:58:15.000Z","volume":10000,"label":" ","price":1.99},{"type":"A","date":"2018-04-12T06:58:17.000Z","volume":20000,"label":" ","price":1.98},{"type":"B","date":"2018-04-12T06:58:19.000Z","volume":16000,"label":" ","price":1.97},{"type":"B","date":"2018-04-12T06:58:19.000Z","volume":34000,"label":" ","price":1.96},{"type":"B","date":"2018-04-12T06:58:19.000Z","volume":18000,"label":" ","price":1.96},{"type":"B","date":"2018-04-12T06:58:19.000Z","volume":156000,"label":" ","price":1.95},{"type":"B","date":"2018-04-12T06:58:19.000Z","volume":30000,"label":" ","price":1.95},{"type":"B","date":"2018-04-12T06:58:19.000Z","volume":22000,"label":" ","price":1.95},{"type":"A","date":"2018-04-12T06:58:19.000Z","volume":2000,"label":"Y","price":1.96},{"type":"A","date":"2018-04-12T06:58:19.000Z","volume":42000,"label":" ","price":1.96},{"type":"A","date":"2018-04-12T06:58:19.000Z","volume":16000,"label":" ","price":1.97},{"type":"A","date":"2018-04-12T06:58:20.000Z","volume":4000,"label":" ","price":1.97},{"type":"A","date":"2018-04-12T06:58:21.000Z","volume":60000,"label":" ","price":1.97},{"type":"A","date":"2018-04-12T06:58:24.000Z","volume":26000,"label":" ","price":1.97},{"type":"B","date":"2018-04-12T06:58:28.000Z","volume":10000,"label":" ","price":1.96},{"type":"A","date":"2018-04-12T06:58:32.000Z","volume":4000,"label":" ","price":1.97},{"type":"B","date":"2018-04-12T06:58:36.000Z","volume":10000,"label":" ","price":1.95},{"type":"B","date":"2018-04-12T06:58:36.000Z","volume":10000,"label":" ","price":1.95},{"type":"B","date":"2018-04-12T06:58:37.000Z","volume":10000,"label":" ","price":1.95},{"type":"B","date":"2018-04-12T06:58:37.000Z","volume":10000,"label":" ","price":1.95},{"type":"B","date":"2018-04-12T06:58:37.000Z","volume":6000,"label":" ","price":1.95},{"type":"A","date":"2018-04-12T06:58:37.000Z","volume":4000,"label":" ","price":1.95},{"type":"A","date":"2018-04-12T06:58:37.000Z","volume":42000,"label":" ","price":1.95},{"type":"B","date":"2018-04-12T06:58:38.000Z","volume":30000,"label":" ","price":1.94},{"type":"B","date":"2018-04-12T06:58:44.000Z","volume":2000,"label":" ","price":1.95},{"type":"A","date":"2018-04-12T06:58:46.000Z","volume":46000,"label":" ","price":1.95},{"type":"A","date":"2018-04-12T06:58:46.000Z","volume":4000,"label":" ","price":1.96},{"type":"B","date":"2018-04-12T06:58:47.000Z","volume":10000,"label":" ","price":1.94},{"type":"A","date":"2018-04-12T06:58:49.000Z","volume":20000,"label":" ","price":1.94},{"type":"A","date":"2018-04-12T06:58:49.000Z","volume":56000,"label":" ","price":1.94},{"type":"B","date":"2018-04-12T06:58:51.000Z","volume":2000,"label":" ","price":1.94},{"type":"A","date":"2018-04-12T06:58:51.000Z","volume":20000,"label":" ","price":1.94},{"type":"A","date":"2018-04-12T06:58:53.000Z","volume":10000,"label":" ","price":1.94},{"type":"B","date":"2018-04-12T06:58:56.000Z","volume":16000,"label":" ","price":1.93},{"type":"B","date":"2018-04-12T06:58:56.000Z","volume":8000,"label":" ","price":1.93},{"type":"A","date":"2018-04-12T06:58:57.000Z","volume":12000,"label":" ","price":1.93},{"type":"A","date":"2018-04-12T06:58:58.000Z","volume":50000,"label":" ","price":1.93},{"type":"A","date":"2018-04-12T06:59:02.000Z","volume":20000,"label":" ","price":1.94},{"type":"B","date":"2018-04-12T06:59:02.000Z","volume":30000,"label":" ","price":1.93},{"type":"B","date":"2018-04-12T06:59:03.000Z","volume":20000,"label":" ","price":1.93},{"type":"A","date":"2018-04-12T06:59:05.000Z","volume":32000,"label":" ","price":1.93},{"type":"B","date":"2018-04-12T06:59:07.000Z","volume":8000,"label":" ","price":1.93},{"type":"B","date":"2018-04-12T06:59:07.000Z","volume":12000,"label":" ","price":1.93},{"type":"B","date":"2018-04-12T06:59:07.000Z","volume":44000,"label":" ","price":1.92},{"type":"B","date":"2018-04-12T06:59:07.000Z","volume":24000,"label":" ","price":1.91},{"type":"B","date":"2018-04-12T06:59:10.000Z","volume":10000,"label":" ","price":1.91},{"type":"B","date":"2018-04-12T06:59:10.000Z","volume":10000,"label":" ","price":1.91},{"type":"A","date":"2018-04-12T06:59:10.000Z","volume":10000,"label":" ","price":1.93},{"type":"A","date":"2018-04-12T06:59:10.000Z","volume":4000,"label":" ","price":1.93},{"type":"A","date":"2018-04-12T06:59:10.000Z","volume":2000,"label":" ","price":1.93},{"type":"B","date":"2018-04-12T06:59:11.000Z","volume":10000,"label":" ","price":1.91},{"type":"B","date":"2018-04-12T06:59:11.000Z","volume":6000,"label":" ","price":1.91},{"type":"B","date":"2018-04-12T06:59:11.000Z","volume":4000,"label":" ","price":1.9},{"type":"B","date":"2018-04-12T06:59:14.000Z","volume":10000,"label":" ","price":1.92},{"type":"B","date":"2018-04-12T06:59:14.000Z","volume":10000,"label":" ","price":1.92},{"type":"B","date":"2018-04-12T06:59:22.000Z","volume":12000,"label":" ","price":1.92},{"type":"A","date":"2018-04-12T06:59:23.000Z","volume":20000,"label":" ","price":1.93},{"type":"A","date":"2018-04-12T06:59:25.000Z","volume":30000,"label":" ","price":1.93},{"type":"B","date":"2018-04-12T06:59:25.000Z","volume":10000,"label":" ","price":1.92},{"type":"U","date":"2018-04-12T06:59:26.000Z","volume":10000,"label":" ","price":1.93},{"type":"A","date":"2018-04-12T06:59:33.000Z","volume":16000,"label":" ","price":1.94},{"type":"A","date":"2018-04-12T06:59:42.000Z","volume":2000,"label":" ","price":1.95},{"type":"A","date":"2018-04-12T06:59:42.000Z","volume":30000,"label":" ","price":1.95},{"type":"A","date":"2018-04-12T06:59:42.000Z","volume":78000,"label":" ","price":1.95},{"type":"B","date":"2018-04-12T06:59:45.000Z","volume":4000,"label":" ","price":1.95},{"type":"B","date":"2018-04-12T06:59:46.000Z","volume":10000,"label":" ","price":1.95},{"type":"B","date":"2018-04-12T06:59:47.000Z","volume":16000,"label":" ","price":1.95},{"type":"A","date":"2018-04-12T06:59:49.000Z","volume":14000,"label":" ","price":1.95},{"type":"A","date":"2018-04-12T06:59:50.000Z","volume":38000,"label":" ","price":1.95},{"type":"A","date":"2018-04-12T06:59:51.000Z","volume":20000,"label":" ","price":1.96},{"type":"B","date":"2018-04-12T06:59:53.000Z","volume":10000,"label":" ","price":1.95},{"type":"B","date":"2018-04-12T06:59:54.000Z","volume":24000,"label":" ","price":1.95},{"type":"B","date":"2018-04-12T06:59:54.000Z","volume":26000,"label":" ","price":1.95},{"type":"A","date":"2018-04-12T06:59:54.000Z","volume":30000,"label":" ","price":1.96},{"type":"B","date":"2018-04-12T06:59:56.000Z","volume":20000,"label":" ","price":1.95},{"type":"A","date":"2018-04-12T06:59:57.000Z","volume":24000,"label":" ","price":1.95},{"type":"A","date":"2018-04-12T06:59:58.000Z","volume":6000,"label":"Y","price":1.95},{"type":"A","date":"2018-04-12T06:59:58.000Z","volume":18000,"label":" ","price":1.95},{"type":"A","date":"2018-04-12T07:00:01.000Z","volume":10000,"label":" ","price":1.96},{"type":"B","date":"2018-04-12T07:00:21.000Z","volume":64000,"label":" ","price":1.94},{"type":"B","date":"2018-04-12T07:00:21.000Z","volume":36000,"label":" ","price":1.93},{"type":"A","date":"2018-04-12T07:00:35.000Z","volume":40000,"label":" ","price":1.94},{"type":"B","date":"2018-04-12T07:00:35.000Z","volume":6000,"label":" ","price":1.93},{"type":"A","date":"2018-04-12T07:00:37.000Z","volume":40000,"label":" ","price":1.94},{"type":"A","date":"2018-04-12T07:00:38.000Z","volume":10000,"label":" ","price":1.94},{"type":"A","date":"2018-04-12T07:00:38.000Z","volume":2000,"label":" ","price":1.95},{"type":"A","date":"2018-04-12T07:00:42.000Z","volume":2000,"label":" ","price":1.94},{"type":"A","date":"2018-04-12T07:00:47.000Z","volume":100000,"label":" ","price":1.95},{"type":"A","date":"2018-04-12T07:00:48.000Z","volume":12000,"label":" ","price":1.95},{"type":"A","date":"2018-04-12T07:00:48.000Z","volume":12000,"label":" ","price":1.95},{"type":"A","date":"2018-04-12T07:00:57.000Z","volume":34000,"label":" ","price":1.96},{"type":"A","date":"2018-04-12T07:00:57.000Z","volume":10000,"label":" ","price":1.96},{"type":"A","date":"2018-04-12T07:00:58.000Z","volume":20000,"label":" ","price":1.96},{"type":"A","date":"2018-04-12T07:00:59.000Z","volume":60000,"label":" ","price":1.96},{"type":"B","date":"2018-04-12T07:00:59.000Z","volume":20000,"label":" ","price":1.95},{"type":"A","date":"2018-04-12T07:00:59.000Z","volume":10000,"label":" ","price":1.96},{"type":"A","date":"2018-04-12T07:01:06.000Z","volume":30000,"label":" ","price":1.96},{"type":"A","date":"2018-04-12T07:01:26.000Z","volume":10000,"label":" ","price":1.96},{"type":"A","date":"2018-04-12T07:01:27.000Z","volume":10000,"label":" ","price":1.96},{"type":"A","date":"2018-04-12T07:01:27.000Z","volume":10000,"label":" ","price":1.96},{"type":"A","date":"2018-04-12T07:01:30.000Z","volume":6000,"label":" ","price":1.96},{"type":"A","date":"2018-04-12T07:01:31.000Z","volume":2000,"label":" ","price":1.97},{"type":"A","date":"2018-04-12T07:01:48.000Z","volume":10000,"label":" ","price":1.97},{"type":"A","date":"2018-04-12T07:01:49.000Z","volume":6000,"label":" ","price":1.97},{"type":"B","date":"2018-04-12T07:01:49.000Z","volume":8000,"label":" ","price":1.96},{"type":"A","date":"2018-04-12T07:01:51.000Z","volume":10000,"label":" ","price":1.97},{"type":"A","date":"2018-04-12T07:01:52.000Z","volume":10000,"label":" ","price":1.97},{"type":"B","date":"2018-04-12T07:01:57.000Z","volume":2000,"label":" ","price":1.96},{"type":"A","date":"2018-04-12T07:02:07.000Z","volume":2000,"label":" ","price":1.97},{"type":"A","date":"2018-04-12T07:02:09.000Z","volume":4000,"label":" ","price":1.97},{"type":"B","date":"2018-04-12T07:02:10.000Z","volume":10000,"label":" ","price":1.96},{"type":"B","date":"2018-04-12T07:02:11.000Z","volume":10000,"label":" ","price":1.96},{"type":"B","date":"2018-04-12T07:02:11.000Z","volume":10000,"label":" ","price":1.96},{"type":"B","date":"2018-04-12T07:02:11.000Z","volume":52000,"label":" ","price":1.96},{"type":"B","date":"2018-04-12T07:02:17.000Z","volume":40000,"label":" ","price":1.95},{"type":"B","date":"2018-04-12T07:02:18.000Z","volume":54000,"label":" ","price":1.95},{"type":"B","date":"2018-04-12T07:02:18.000Z","volume":6000,"label":" ","price":1.94},{"type":"B","date":"2018-04-12T07:02:21.000Z","volume":24000,"label":" ","price":1.94},{"type":"U","date":"2018-04-12T07:02:22.000Z","volume":6000,"label":" ","price":1.95},{"type":"A","date":"2018-04-12T07:02:28.000Z","volume":18000,"label":" ","price":1.95},{"type":"A","date":"2018-04-12T07:02:28.000Z","volume":2000,"label":" ","price":1.96},{"type":"A","date":"2018-04-12T07:02:29.000Z","volume":16000,"label":" ","price":1.96},{"type":"A","date":"2018-04-12T07:03:09.000Z","volume":4000,"label":" ","price":1.95},{"type":"B","date":"2018-04-12T07:03:10.000Z","volume":6000,"label":" ","price":1.95},{"type":"B","date":"2018-04-12T07:03:12.000Z","volume":18000,"label":" ","price":1.94},{"type":"B","date":"2018-04-12T07:03:44.000Z","volume":6000,"label":" ","price":1.94},{"type":"B","date":"2018-04-12T07:03:47.000Z","volume":12000,"label":" ","price":1.93},{"type":"B","date":"2018-04-12T07:03:47.000Z","volume":20000,"label":" ","price":1.93},{"type":"B","date":"2018-04-12T07:03:50.000Z","volume":10000,"label":" ","price":1.93},{"type":"B","date":"2018-04-12T07:03:51.000Z","volume":34000,"label":" ","price":1.93},{"type":"B","date":"2018-04-12T07:03:52.000Z","volume":12000,"label":" ","price":1.93},{"type":"B","date":"2018-04-12T07:03:52.000Z","volume":14000,"label":" ","price":1.93},{"type":"B","date":"2018-04-12T07:04:07.000Z","volume":92000,"label":" ","price":1.92},{"type":"A","date":"2018-04-12T07:04:19.000Z","volume":6000,"label":" ","price":1.92},{"type":"A","date":"2018-04-12T07:04:19.000Z","volume":2000,"label":" ","price":1.92},{"type":"B","date":"2018-04-12T07:04:25.000Z","volume":6000,"label":" ","price":1.91},{"type":"A","date":"2018-04-12T07:04:26.000Z","volume":10000,"label":" ","price":1.92},{"type":"A","date":"2018-04-12T07:05:01.000Z","volume":10000,"label":" ","price":1.93},{"type":"B","date":"2018-04-12T07:05:07.000Z","volume":10000,"label":" ","price":1.93},{"type":"B","date":"2018-04-12T07:05:10.000Z","volume":4000,"label":" ","price":1.93},{"type":"A","date":"2018-04-12T07:05:15.000Z","volume":2000,"label":" ","price":1.94},{"type":"A","date":"2018-04-12T07:05:17.000Z","volume":20000,"label":" ","price":1.94},{"type":"A","date":"2018-04-12T07:05:18.000Z","volume":2000,"label":" ","price":1.95},{"type":"B","date":"2018-04-12T07:05:24.000Z","volume":8000,"label":" ","price":1.93},{"type":"B","date":"2018-04-12T07:06:01.000Z","volume":10000,"label":" ","price":1.93},{"type":"B","date":"2018-04-12T07:06:02.000Z","volume":10000,"label":" ","price":1.93},{"type":"B","date":"2018-04-12T07:06:02.000Z","volume":10000,"label":" ","price":1.93},{"type":"B","date":"2018-04-12T07:06:02.000Z","volume":10000,"label":" ","price":1.93},{"type":"B","date":"2018-04-12T07:06:02.000Z","volume":20000,"label":" ","price":1.93},{"type":"B","date":"2018-04-12T07:06:03.000Z","volume":10000,"label":" ","price":1.93},{"type":"B","date":"2018-04-12T07:06:03.000Z","volume":10000,"label":" ","price":1.93},{"type":"B","date":"2018-04-12T07:06:04.000Z","volume":10000,"label":" ","price":1.93},{"type":"A","date":"2018-04-12T07:06:05.000Z","volume":10000,"label":" ","price":1.94},{"type":"B","date":"2018-04-12T07:06:05.000Z","volume":62000,"label":" ","price":1.93},{"type":"B","date":"2018-04-12T07:06:16.000Z","volume":38000,"label":" ","price":1.92},{"type":"A","date":"2018-04-12T07:06:37.000Z","volume":10000,"label":" ","price":1.92},{"type":"A","date":"2018-04-12T07:06:37.000Z","volume":10000,"label":" ","price":1.93},{"type":"B","date":"2018-04-12T07:06:51.000Z","volume":58000,"label":" ","price":1.91},{"type":"A","date":"2018-04-12T07:06:57.000Z","volume":6000,"label":" ","price":1.91},{"type":"B","date":"2018-04-12T07:07:07.000Z","volume":4000,"label":" ","price":1.9},{"type":"A","date":"2018-04-12T07:07:07.000Z","volume":10000,"label":" ","price":1.91},{"type":"A","date":"2018-04-12T07:07:09.000Z","volume":6000,"label":" ","price":1.91},{"type":"A","date":"2018-04-12T07:07:17.000Z","volume":10000,"label":" ","price":1.91},{"type":"B","date":"2018-04-12T07:07:24.000Z","volume":6000,"label":"Y","price":1.91},{"type":"A","date":"2018-04-12T07:07:25.000Z","volume":4000,"label":" ","price":1.91},{"type":"B","date":"2018-04-12T07:07:39.000Z","volume":30000,"label":" ","price":1.91},{"type":"B","date":"2018-04-12T07:07:55.000Z","volume":4000,"label":" ","price":1.91},{"type":"B","date":"2018-04-12T07:07:56.000Z","volume":4000,"label":" ","price":1.9},{"type":"A","date":"2018-04-12T07:07:59.000Z","volume":6000,"label":" ","price":1.91},{"type":"A","date":"2018-04-12T07:08:01.000Z","volume":10000,"label":" ","price":1.91},{"type":"B","date":"2018-04-12T07:08:02.000Z","volume":8000,"label":" ","price":1.9},{"type":"A","date":"2018-04-12T07:08:16.000Z","volume":16000,"label":" ","price":1.91},{"type":"B","date":"2018-04-12T07:08:23.000Z","volume":2000,"label":" ","price":1.9},{"type":"B","date":"2018-04-12T07:08:26.000Z","volume":108000,"label":" ","price":1.9},{"type":"A","date":"2018-04-12T07:08:33.000Z","volume":4000,"label":" ","price":1.9},{"type":"B","date":"2018-04-12T07:08:34.000Z","volume":20000,"label":" ","price":1.89},{"type":"B","date":"2018-04-12T07:08:34.000Z","volume":8000,"label":" ","price":1.89},{"type":"B","date":"2018-04-12T07:08:35.000Z","volume":4000,"label":" ","price":1.89},{"type":"B","date":"2018-04-12T07:08:38.000Z","volume":20000,"label":" ","price":1.89},{"type":"B","date":"2018-04-12T07:08:38.000Z","volume":8000,"label":" ","price":1.89},{"type":"B","date":"2018-04-12T07:08:38.000Z","volume":4000,"label":" ","price":1.88},{"type":"A","date":"2018-04-12T07:08:39.000Z","volume":2000,"label":" ","price":1.89},{"type":"A","date":"2018-04-12T07:08:41.000Z","volume":6000,"label":" ","price":1.89},{"type":"B","date":"2018-04-12T07:08:46.000Z","volume":4000,"label":" ","price":1.88},{"type":"B","date":"2018-04-12T07:08:52.000Z","volume":10000,"label":"Y","price":1.88},{"type":"A","date":"2018-04-12T07:08:57.000Z","volume":10000,"label":" ","price":1.89},{"type":"B","date":"2018-04-12T07:09:01.000Z","volume":8000,"label":" ","price":1.88},{"type":"B","date":"2018-04-12T07:09:03.000Z","volume":18000,"label":" ","price":1.88},{"type":"B","date":"2018-04-12T07:09:03.000Z","volume":10000,"label":" ","price":1.87},{"type":"B","date":"2018-04-12T07:09:03.000Z","volume":64000,"label":" ","price":1.86},{"type":"A","date":"2018-04-12T07:09:03.000Z","volume":28000,"label":" ","price":1.86},{"type":"B","date":"2018-04-12T07:09:11.000Z","volume":10000,"label":" ","price":1.85},{"type":"B","date":"2018-04-12T07:09:11.000Z","volume":10000,"label":" ","price":1.85},{"type":"B","date":"2018-04-12T07:09:15.000Z","volume":14000,"label":" ","price":1.85},{"type":"A","date":"2018-04-12T07:09:17.000Z","volume":6000,"label":" ","price":1.85},{"type":"A","date":"2018-04-12T07:09:32.000Z","volume":6000,"label":" ","price":1.87},{"type":"B","date":"2018-04-12T07:09:42.000Z","volume":4000,"label":" ","price":1.87},{"type":"A","date":"2018-04-12T07:09:51.000Z","volume":10000,"label":" ","price":1.87},{"type":"A","date":"2018-04-12T07:09:51.000Z","volume":10000,"label":" ","price":1.88},{"type":"B","date":"2018-04-12T07:09:52.000Z","volume":6000,"label":" ","price":1.86},{"type":"A","date":"2018-04-12T07:09:52.000Z","volume":6000,"label":" ","price":1.87},{"type":"A","date":"2018-04-12T07:09:52.000Z","volume":48000,"label":" ","price":1.88},{"type":"B","date":"2018-04-12T07:09:55.000Z","volume":20000,"label":" ","price":1.88},{"type":"B","date":"2018-04-12T07:09:55.000Z","volume":26000,"label":" ","price":1.88},{"type":"A","date":"2018-04-12T07:09:58.000Z","volume":20000,"label":" ","price":1.88},{"type":"A","date":"2018-04-12T07:10:06.000Z","volume":10000,"label":" ","price":1.88},{"type":"B","date":"2018-04-12T07:10:07.000Z","volume":2000,"label":" ","price":1.88},{"type":"B","date":"2018-04-12T07:10:08.000Z","volume":10000,"label":" ","price":1.88},{"type":"B","date":"2018-04-12T07:10:09.000Z","volume":4000,"label":" ","price":1.88},{"type":"B","date":"2018-04-12T07:10:23.000Z","volume":60000,"label":" ","price":1.87},{"type":"A","date":"2018-04-12T07:10:23.000Z","volume":14000,"label":" ","price":1.88},{"type":"A","date":"2018-04-12T07:10:23.000Z","volume":22000,"label":" ","price":1.88},{"type":"B","date":"2018-04-12T07:10:25.000Z","volume":10000,"label":" ","price":1.88},{"type":"A","date":"2018-04-12T07:10:25.000Z","volume":2000,"label":" ","price":1.89},{"type":"B","date":"2018-04-12T07:10:26.000Z","volume":18000,"label":" ","price":1.88},{"type":"A","date":"2018-04-12T07:10:32.000Z","volume":2000,"label":" ","price":1.88},{"type":"A","date":"2018-04-12T07:10:32.000Z","volume":2000,"label":" ","price":1.89},{"type":"A","date":"2018-04-12T07:10:33.000Z","volume":34000,"label":" ","price":1.89},{"type":"A","date":"2018-04-12T07:10:33.000Z","volume":14000,"label":" ","price":1.89},{"type":"A","date":"2018-04-12T07:10:36.000Z","volume":40000,"label":" ","price":1.89},{"type":"A","date":"2018-04-12T07:10:37.000Z","volume":28000,"label":" ","price":1.89},{"type":"B","date":"2018-04-12T07:10:42.000Z","volume":20000,"label":" ","price":1.89},{"type":"A","date":"2018-04-12T07:10:44.000Z","volume":4000,"label":" ","price":1.89},{"type":"A","date":"2018-04-12T07:10:44.000Z","volume":6000,"label":" ","price":1.9},{"type":"A","date":"2018-04-12T07:10:45.000Z","volume":2000,"label":" ","price":1.9},{"type":"A","date":"2018-04-12T07:11:04.000Z","volume":20000,"label":" ","price":1.89},{"type":"A","date":"2018-04-12T07:11:07.000Z","volume":2000,"label":" ","price":1.9},{"type":"B","date":"2018-04-12T07:11:20.000Z","volume":2000,"label":"Y","price":1.89},{"type":"A","date":"2018-04-12T07:11:24.000Z","volume":44000,"label":" ","price":1.9},{"type":"A","date":"2018-04-12T07:11:26.000Z","volume":2000,"label":" ","price":1.91},{"type":"A","date":"2018-04-12T07:11:32.000Z","volume":2000,"label":" ","price":1.91},{"type":"A","date":"2018-04-12T07:11:35.000Z","volume":4000,"label":"Y","price":1.91},{"type":"A","date":"2018-04-12T07:11:35.000Z","volume":6000,"label":" ","price":1.91},{"type":"A","date":"2018-04-12T07:11:36.000Z","volume":10000,"label":" ","price":1.91},{"type":"B","date":"2018-04-12T07:11:38.000Z","volume":2000,"label":" ","price":1.9},{"type":"A","date":"2018-04-12T07:11:38.000Z","volume":4000,"label":" ","price":1.91},{"type":"A","date":"2018-04-12T07:11:39.000Z","volume":6000,"label":" ","price":1.91},{"type":"B","date":"2018-04-12T07:11:40.000Z","volume":10000,"label":" ","price":1.91},{"type":"B","date":"2018-04-12T07:11:45.000Z","volume":2000,"label":" ","price":1.91},{"type":"B","date":"2018-04-12T07:11:45.000Z","volume":2000,"label":" ","price":1.91},{"type":"A","date":"2018-04-12T07:11:47.000Z","volume":2000,"label":" ","price":1.92},{"type":"A","date":"2018-04-12T07:12:04.000Z","volume":6000,"label":" ","price":1.91},{"type":"B","date":"2018-04-12T07:12:17.000Z","volume":2000,"label":" ","price":1.9},{"type":"A","date":"2018-04-12T07:12:18.000Z","volume":6000,"label":" ","price":1.91},{"type":"B","date":"2018-04-12T07:12:18.000Z","volume":2000,"label":" ","price":1.9},{"type":"B","date":"2018-04-12T07:12:19.000Z","volume":10000,"label":" ","price":1.91},{"type":"B","date":"2018-04-12T07:12:19.000Z","volume":4000,"label":" ","price":1.91},{"type":"B","date":"2018-04-12T07:12:20.000Z","volume":12000,"label":" ","price":1.9},{"type":"B","date":"2018-04-12T07:12:23.000Z","volume":20000,"label":" ","price":1.9},{"type":"B","date":"2018-04-12T07:13:03.000Z","volume":30000,"label":" ","price":1.88},{"type":"A","date":"2018-04-12T07:13:03.000Z","volume":10000,"label":" ","price":1.9},{"type":"B","date":"2018-04-12T07:13:09.000Z","volume":2000,"label":" ","price":1.89},{"type":"B","date":"2018-04-12T07:13:11.000Z","volume":8000,"label":" ","price":1.89},{"type":"A","date":"2018-04-12T07:13:26.000Z","volume":10000,"label":" ","price":1.89},{"type":"A","date":"2018-04-12T07:14:01.000Z","volume":2000,"label":" ","price":1.9},{"type":"B","date":"2018-04-12T07:14:22.000Z","volume":20000,"label":" ","price":1.89},{"type":"A","date":"2018-04-12T07:14:28.000Z","volume":32000,"label":" ","price":1.9},{"type":"A","date":"2018-04-12T07:14:50.000Z","volume":50000,"label":" ","price":1.9},{"type":"A","date":"2018-04-12T07:14:50.000Z","volume":6000,"label":" ","price":1.9},{"type":"A","date":"2018-04-12T07:14:52.000Z","volume":2000,"label":" ","price":1.91},{"type":"B","date":"2018-04-12T07:15:21.000Z","volume":8000,"label":" ","price":1.9},{"type":"A","date":"2018-04-12T07:15:35.000Z","volume":54000,"label":" ","price":1.9},{"type":"A","date":"2018-04-12T07:15:35.000Z","volume":6000,"label":" ","price":1.91},{"type":"B","date":"2018-04-12T07:15:38.000Z","volume":6000,"label":" ","price":1.89},{"type":"A","date":"2018-04-12T07:16:20.000Z","volume":2000,"label":" ","price":1.91},{"type":"A","date":"2018-04-12T07:16:52.000Z","volume":10000,"label":" ","price":1.91},{"type":"A","date":"2018-04-12T07:17:26.000Z","volume":2000,"label":" ","price":1.91},{"type":"A","date":"2018-04-12T07:17:35.000Z","volume":22000,"label":" ","price":1.91},{"type":"B","date":"2018-04-12T07:17:35.000Z","volume":6000,"label":" ","price":1.91},{"type":"A","date":"2018-04-12T07:17:37.000Z","volume":2000,"label":" ","price":1.92},{"type":"A","date":"2018-04-12T07:17:38.000Z","volume":2000,"label":" ","price":1.92},{"type":"A","date":"2018-04-12T07:17:43.000Z","volume":6000,"label":" ","price":1.92},{"type":"A","date":"2018-04-12T07:17:58.000Z","volume":10000,"label":" ","price":1.92},{"type":"A","date":"2018-04-12T07:18:00.000Z","volume":2000,"label":" ","price":1.93},{"type":"A","date":"2018-04-12T07:18:11.000Z","volume":2000,"label":" ","price":1.93},{"type":"A","date":"2018-04-12T07:18:12.000Z","volume":2000,"label":" ","price":1.93},{"type":"A","date":"2018-04-12T07:18:20.000Z","volume":70000,"label":" ","price":1.93},{"type":"A","date":"2018-04-12T07:18:26.000Z","volume":2000,"label":" ","price":1.94},{"type":"A","date":"2018-04-12T07:18:26.000Z","volume":2000,"label":" ","price":1.94},{"type":"A","date":"2018-04-12T07:18:26.000Z","volume":2000,"label":" ","price":1.94},{"type":"A","date":"2018-04-12T07:18:27.000Z","volume":2000,"label":" ","price":1.94},{"type":"A","date":"2018-04-12T07:18:27.000Z","volume":2000,"label":" ","price":1.94},{"type":"A","date":"2018-04-12T07:18:27.000Z","volume":2000,"label":" ","price":1.94},{"type":"A","date":"2018-04-12T07:18:27.000Z","volume":2000,"label":" ","price":1.94},{"type":"A","date":"2018-04-12T07:18:27.000Z","volume":2000,"label":" ","price":1.94},{"type":"A","date":"2018-04-12T07:18:28.000Z","volume":2000,"label":" ","price":1.94},{"type":"A","date":"2018-04-12T07:18:28.000Z","volume":4000,"label":"Y","price":1.94},{"type":"A","date":"2018-04-12T07:18:28.000Z","volume":46000,"label":" ","price":1.94},{"type":"A","date":"2018-04-12T07:18:28.000Z","volume":2000,"label":" ","price":1.94},{"type":"A","date":"2018-04-12T07:18:28.000Z","volume":2000,"label":" ","price":1.94},{"type":"A","date":"2018-04-12T07:18:29.000Z","volume":2000,"label":" ","price":1.95},{"type":"B","date":"2018-04-12T07:18:36.000Z","volume":6000,"label":" ","price":1.94},{"type":"A","date":"2018-04-12T07:18:55.000Z","volume":2000,"label":" ","price":1.94},{"type":"A","date":"2018-04-12T07:19:03.000Z","volume":22000,"label":" ","price":1.94},{"type":"A","date":"2018-04-12T07:19:05.000Z","volume":20000,"label":" ","price":1.94},{"type":"A","date":"2018-04-12T07:19:06.000Z","volume":10000,"label":" ","price":1.94},{"type":"A","date":"2018-04-12T07:19:11.000Z","volume":10000,"label":" ","price":1.94},{"type":"A","date":"2018-04-12T07:19:12.000Z","volume":14000,"label":" ","price":1.94},{"type":"A","date":"2018-04-12T07:19:13.000Z","volume":2000,"label":" ","price":1.95},{"type":"A","date":"2018-04-12T07:19:16.000Z","volume":14000,"label":" ","price":1.95},{"type":"B","date":"2018-04-12T07:19:27.000Z","volume":16000,"label":" ","price":1.94},{"type":"A","date":"2018-04-12T07:19:29.000Z","volume":2000,"label":" ","price":1.94},{"type":"B","date":"2018-04-12T07:19:31.000Z","volume":50000,"label":" ","price":1.93},{"type":"B","date":"2018-04-12T07:19:31.000Z","volume":22000,"label":" ","price":1.93},{"type":"B","date":"2018-04-12T07:19:33.000Z","volume":8000,"label":" ","price":1.92},{"type":"A","date":"2018-04-12T07:19:36.000Z","volume":30000,"label":" ","price":1.93},{"type":"A","date":"2018-04-12T07:19:39.000Z","volume":10000,"label":" ","price":1.93},{"type":"A","date":"2018-04-12T07:19:51.000Z","volume":10000,"label":" ","price":1.93},{"type":"A","date":"2018-04-12T07:20:01.000Z","volume":42000,"label":" ","price":1.93},{"type":"B","date":"2018-04-12T07:20:05.000Z","volume":8000,"label":" ","price":1.93},{"type":"A","date":"2018-04-12T07:20:19.000Z","volume":44000,"label":" ","price":1.93},{"type":"B","date":"2018-04-12T07:20:24.000Z","volume":6000,"label":" ","price":1.93},{"type":"B","date":"2018-04-12T07:20:28.000Z","volume":102000,"label":" ","price":1.92},{"type":"B","date":"2018-04-12T07:20:29.000Z","volume":6000,"label":" ","price":1.91},{"type":"B","date":"2018-04-12T07:20:30.000Z","volume":20000,"label":" ","price":1.91},{"type":"A","date":"2018-04-12T07:20:30.000Z","volume":20000,"label":" ","price":1.92},{"type":"B","date":"2018-04-12T07:20:30.000Z","volume":20000,"label":" ","price":1.91},{"type":"B","date":"2018-04-12T07:20:30.000Z","volume":20000,"label":" ","price":1.91},{"type":"B","date":"2018-04-12T07:20:30.000Z","volume":8000,"label":" ","price":1.91},{"type":"B","date":"2018-04-12T07:20:31.000Z","volume":10000,"label":" ","price":1.9},{"type":"B","date":"2018-04-12T07:20:31.000Z","volume":10000,"label":" ","price":1.9},{"type":"B","date":"2018-04-12T07:20:37.000Z","volume":2000,"label":" ","price":1.91},{"type":"A","date":"2018-04-12T07:20:44.000Z","volume":8000,"label":" ","price":1.91},{"type":"A","date":"2018-04-12T07:21:02.000Z","volume":4000,"label":" ","price":1.92},{"type":"A","date":"2018-04-12T07:21:55.000Z","volume":2000,"label":" ","price":1.92},{"type":"B","date":"2018-04-12T07:21:56.000Z","volume":4000,"label":" ","price":1.91},{"type":"A","date":"2018-04-12T07:21:58.000Z","volume":10000,"label":" ","price":1.92},{"type":"A","date":"2018-04-12T07:22:02.000Z","volume":4000,"label":" ","price":1.92},{"type":"A","date":"2018-04-12T07:22:06.000Z","volume":8000,"label":" ","price":1.92},{"type":"B","date":"2018-04-12T07:22:07.000Z","volume":4000,"label":" ","price":1.92},{"type":"A","date":"2018-04-12T07:22:41.000Z","volume":214000,"label":" ","price":1.93},{"type":"B","date":"2018-04-12T07:22:41.000Z","volume":22000,"label":" ","price":1.92},{"type":"B","date":"2018-04-12T07:22:46.000Z","volume":6000,"label":" ","price":1.92},{"type":"B","date":"2018-04-12T07:22:54.000Z","volume":34000,"label":" ","price":1.93},{"type":"B","date":"2018-04-12T07:22:54.000Z","volume":16000,"label":" ","price":1.93},{"type":"U","date":"2018-04-12T07:23:01.000Z","volume":4000,"label":" ","price":1.93},{"type":"A","date":"2018-04-12T07:23:06.000Z","volume":2000,"label":" ","price":1.94},{"type":"B","date":"2018-04-12T07:23:53.000Z","volume":30000,"label":" ","price":1.93},{"type":"B","date":"2018-04-12T07:23:54.000Z","volume":8000,"label":" ","price":1.93},{"type":"B","date":"2018-04-12T07:23:54.000Z","volume":10000,"label":" ","price":1.93},{"type":"B","date":"2018-04-12T07:24:16.000Z","volume":32000,"label":" ","price":1.93},{"type":"A","date":"2018-04-12T07:24:25.000Z","volume":2000,"label":" ","price":1.94},{"type":"A","date":"2018-04-12T07:24:59.000Z","volume":14000,"label":" ","price":1.93},{"type":"A","date":"2018-04-12T07:25:01.000Z","volume":2000,"label":" ","price":1.94},{"type":"A","date":"2018-04-12T07:25:10.000Z","volume":10000,"label":" ","price":1.94},{"type":"A","date":"2018-04-12T07:25:12.000Z","volume":10000,"label":" ","price":1.94},{"type":"B","date":"2018-04-12T07:25:29.000Z","volume":40000,"label":" ","price":1.94},{"type":"B","date":"2018-04-12T07:25:29.000Z","volume":90000,"label":" ","price":1.93},{"type":"B","date":"2018-04-12T07:25:31.000Z","volume":24000,"label":" ","price":1.93},{"type":"B","date":"2018-04-12T07:25:46.000Z","volume":6000,"label":" ","price":1.93},{"type":"A","date":"2018-04-12T07:25:46.000Z","volume":2000,"label":" ","price":1.93},{"type":"A","date":"2018-04-12T07:25:55.000Z","volume":2000,"label":" ","price":1.93},{"type":"A","date":"2018-04-12T07:25:56.000Z","volume":2000,"label":" ","price":1.94},{"type":"A","date":"2018-04-12T07:26:05.000Z","volume":20000,"label":" ","price":1.94},{"type":"B","date":"2018-04-12T07:26:06.000Z","volume":12000,"label":" ","price":1.93},{"type":"B","date":"2018-04-12T07:26:11.000Z","volume":6000,"label":" ","price":1.93},{"type":"B","date":"2018-04-12T07:26:17.000Z","volume":16000,"label":" ","price":1.93},{"type":"A","date":"2018-04-12T07:26:21.000Z","volume":2000,"label":" ","price":1.94},{"type":"B","date":"2018-04-12T07:26:21.000Z","volume":4000,"label":" ","price":1.93},{"type":"A","date":"2018-04-12T07:26:22.000Z","volume":2000,"label":" ","price":1.94},{"type":"B","date":"2018-04-12T07:26:30.000Z","volume":28000,"label":" ","price":1.93},{"type":"A","date":"2018-04-12T07:26:32.000Z","volume":2000,"label":" ","price":1.94},{"type":"A","date":"2018-04-12T07:26:36.000Z","volume":2000,"label":" ","price":1.94},{"type":"B","date":"2018-04-12T07:26:37.000Z","volume":6000,"label":" ","price":1.93},{"type":"A","date":"2018-04-12T07:26:38.000Z","volume":40000,"label":" ","price":1.94},{"type":"A","date":"2018-04-12T07:26:39.000Z","volume":8000,"label":" ","price":1.94},{"type":"A","date":"2018-04-12T07:26:40.000Z","volume":2000,"label":" ","price":1.95},{"type":"B","date":"2018-04-12T07:26:44.000Z","volume":12000,"label":" ","price":1.94},{"type":"B","date":"2018-04-12T07:26:44.000Z","volume":130000,"label":" ","price":1.93},{"type":"B","date":"2018-04-12T07:26:44.000Z","volume":8000,"label":" ","price":1.93},{"type":"A","date":"2018-04-12T07:26:47.000Z","volume":2000,"label":" ","price":1.94},{"type":"B","date":"2018-04-12T07:26:58.000Z","volume":10000,"label":" ","price":1.93},{"type":"A","date":"2018-04-12T07:26:58.000Z","volume":2000,"label":" ","price":1.94},{"type":"B","date":"2018-04-12T07:27:01.000Z","volume":8000,"label":" ","price":1.93},{"type":"B","date":"2018-04-12T07:27:04.000Z","volume":4000,"label":" ","price":1.93},{"type":"A","date":"2018-04-12T07:27:07.000Z","volume":2000,"label":" ","price":1.94},{"type":"A","date":"2018-04-12T07:27:50.000Z","volume":4000,"label":" ","price":1.94},{"type":"A","date":"2018-04-12T07:27:50.000Z","volume":84000,"label":" ","price":1.95},{"type":"B","date":"2018-04-12T07:27:50.000Z","volume":2000,"label":" ","price":1.93},{"type":"A","date":"2018-04-12T07:27:55.000Z","volume":2000,"label":" ","price":1.95},{"type":"B","date":"2018-04-12T07:27:59.000Z","volume":28000,"label":" ","price":1.93},{"type":"B","date":"2018-04-12T07:28:01.000Z","volume":6000,"label":" ","price":1.93},{"type":"A","date":"2018-04-12T07:28:04.000Z","volume":2000,"label":" ","price":1.95},{"type":"B","date":"2018-04-12T07:28:10.000Z","volume":16000,"label":" ","price":1.93},{"type":"B","date":"2018-04-12T07:28:10.000Z","volume":4000,"label":" ","price":1.93},{"type":"A","date":"2018-04-12T07:28:11.000Z","volume":2000,"label":" ","price":1.95},{"type":"A","date":"2018-04-12T07:28:14.000Z","volume":10000,"label":" ","price":1.95},{"type":"B","date":"2018-04-12T07:28:17.000Z","volume":2000,"label":" ","price":1.94},{"type":"A","date":"2018-04-12T07:28:18.000Z","volume":2000,"label":" ","price":1.95},{"type":"B","date":"2018-04-12T07:28:22.000Z","volume":40000,"label":" ","price":1.93},{"type":"B","date":"2018-04-12T07:28:22.000Z","volume":6000,"label":" ","price":1.93},{"type":"B","date":"2018-04-12T07:28:27.000Z","volume":4000,"label":" ","price":1.93},{"type":"B","date":"2018-04-12T07:28:28.000Z","volume":6000,"label":" ","price":1.93},{"type":"A","date":"2018-04-12T07:28:34.000Z","volume":10000,"label":" ","price":1.93},{"type":"A","date":"2018-04-12T07:28:36.000Z","volume":18000,"label":" ","price":1.93},{"type":"B","date":"2018-04-12T07:28:41.000Z","volume":20000,"label":" ","price":1.93},{"type":"B","date":"2018-04-12T07:28:42.000Z","volume":6000,"label":" ","price":1.93},{"type":"B","date":"2018-04-12T07:28:42.000Z","volume":12000,"label":" ","price":1.93},{"type":"A","date":"2018-04-12T07:28:45.000Z","volume":10000,"label":" ","price":1.93},{"type":"B","date":"2018-04-12T07:28:48.000Z","volume":300000,"label":" ","price":1.92},{"type":"B","date":"2018-04-12T07:28:48.000Z","volume":12000,"label":" ","price":1.92},{"type":"B","date":"2018-04-12T07:28:52.000Z","volume":2000,"label":" ","price":1.92},{"type":"B","date":"2018-04-12T07:28:53.000Z","volume":10000,"label":" ","price":1.92},{"type":"A","date":"2018-04-12T07:29:42.000Z","volume":66000,"label":" ","price":1.92},{"type":"B","date":"2018-04-12T07:29:43.000Z","volume":6000,"label":" ","price":1.92},{"type":"B","date":"2018-04-12T07:30:53.000Z","volume":4000,"label":" ","price":1.92},{"type":"A","date":"2018-04-12T07:32:10.000Z","volume":80000,"label":" ","price":1.93},{"type":"A","date":"2018-04-12T07:32:16.000Z","volume":6000,"label":" ","price":1.93},{"type":"A","date":"2018-04-12T07:32:32.000Z","volume":20000,"label":" ","price":1.93},{"type":"A","date":"2018-04-12T07:32:58.000Z","volume":50000,"label":" ","price":1.93},{"type":"A","date":"2018-04-12T07:33:02.000Z","volume":50000,"label":" ","price":1.93},{"type":"A","date":"2018-04-12T07:33:13.000Z","volume":4000,"label":" ","price":1.93},{"type":"A","date":"2018-04-12T07:33:21.000Z","volume":10000,"label":" ","price":1.93}