[{"type":"A","date":"2018-03-13T07:59:01.000Z","volume":49000,"price":1.7,"category":"ubbull"},{"type":"A","date":"2018-03-13T06:55:24.000Z","volume":33000,"price":1.7,"category":"ubbull"},{"type":"A","date":"2018-03-13T06:27:51.000Z","volume":110000,"price":1.71,"category":"ubbull"},{"type":"A","date":"2018-03-13T06:21:02.000Z","volume":32000,"price":1.7,"category":"ubbull"},{"type":"A","date":"2018-03-13T05:39:16.000Z","volume":100000,"price":1.71,"category":"ubbull"},{"type":"A","date":"2018-03-13T03:05:06.000Z","volume":99000,"price":1.71,"category":"ubbull"},{"type":"A","date":"2018-03-13T02:55:15.000Z","volume":50000,"price":1.71,"category":"ubbull"},{"type":"A","date":"2018-03-13T02:43:40.000Z","volume":100000,"price":1.71,"category":"ubbull"},{"type":"A","date":"2018-03-13T02:42:03.000Z","volume":70000,"price":1.71,"category":"ubbull"},{"type":"A","date":"2018-03-13T02:17:12.000Z","volume":30000,"price":1.71,"category":"ubbull"},{"type":"A","date":"2018-03-13T01:41:59.000Z","volume":25000,"price":1.72,"category":"ubbull"},{"type":"A","date":"2018-03-13T07:59:55.000Z","volume":7000,"price":1.7,"category":"bbull"},{"type":"A","date":"2018-03-13T07:59:30.000Z","volume":10000,"price":1.7,"category":"bbull"},{"type":"A","date":"2018-03-13T07:59:08.000Z","volume":13000,"price":1.7,"category":"bbull"},{"type":"A","date":"2018-03-13T07:58:14.000Z","volume":8000,"price":1.7,"category":"bbull"},{"type":"A","date":"2018-03-13T07:57:31.000Z","volume":8000,"price":1.7,"category":"bbull"},{"type":"A","date":"2018-03-13T07:52:25.000Z","volume":9000,"price":1.7,"category":"bbull"},{"type":"A","date":"2018-03-13T07:50:55.000Z","volume":8000,"price":1.7,"category":"bbull"},{"type":"A","date":"2018-03-13T07:48:55.000Z","volume":8000,"price":1.7,"category":"bbull"},{"type":"A","date":"2018-03-13T07:44:17.000Z","volume":7000,"price":1.7,"category":"bbull"},{"type":"A","date":"2018-03-13T07:42:11.000Z","volume":8000,"price":1.7,"category":"bbull"},{"type":"A","date":"2018-03-13T07:39:24.000Z","volume":8000,"price":1.7,"category":"bbull"},{"type":"A","date":"2018-03-13T07:35:35.000Z","volume":11000,"price":1.7,"category":"bbull"},{"type":"A","date":"2018-03-13T07:31:23.000Z","volume":12000,"price":1.7,"category":"bbull"},{"type":"A","date":"2018-03-13T07:27:58.000Z","volume":10000,"price":1.7,"category":"bbull"},{"type":"A","date":"2018-03-13T07:24:45.000Z","volume":8000,"price":1.7,"category":"bbull"},{"type":"A","date":"2018-03-13T07:21:07.000Z","volume":8000,"price":1.7,"category":"bbull"},{"type":"A","date":"2018-03-13T07:15:08.000Z","volume":10000,"price":1.7,"category":"bbull"},{"type":"A","date":"2018-03-13T07:10:23.000Z","volume":10000,"price":1.7,"category":"bbull"},{"type":"A","date":"2018-03-13T07:10:18.000Z","volume":10000,"price":1.7,"category":"bbull"},{"type":"A","date":"2018-03-13T07:08:06.000Z","volume":8000,"price":1.7,"category":"bbull"},{"type":"A","date":"2018-03-13T07:04:40.000Z","volume":8000,"price":1.7,"category":"bbull"},{"type":"A","date":"2018-03-13T06:58:13.000Z","volume":9000,"price":1.7,"category":"bbull"},{"type":"A","date":"2018-03-13T06:52:17.000Z","volume":9000,"price":1.7,"category":"bbull"},{"type":"A","date":"2018-03-13T06:41:48.000Z","volume":7000,"price":1.7,"category":"bbull"},{"type":"A","date":"2018-03-13T06:40:14.000Z","volume":19000,"price":1.7,"category":"bbull"},{"type":"A","date":"2018-03-13T06:39:41.000Z","volume":7000,"price":1.7,"category":"bbull"},{"type":"A","date":"2018-03-13T06:31:44.000Z","volume":9000,"price":1.7,"category":"bbull"},{"type":"A","date":"2018-03-13T06:27:08.000Z","volume":12000,"price":1.71,"category":"bbull"},{"type":"A","date":"2018-03-13T06:21:04.000Z","volume":21000,"price":1.7,"category":"bbull"},{"type":"A","date":"2018-03-13T06:21:02.000Z","volume":13000,"price":1.7,"category":"bbull"},{"type":"A","date":"2018-03-13T06:21:02.000Z","volume":10000,"price":1.7,"category":"bbull"},{"type":"A","date":"2018-03-13T06:07:01.000Z","volume":8000,"price":1.71,"category":"bbull"},{"type":"A","date":"2018-03-13T05:52:15.000Z","volume":20000,"price":1.71,"category":"bbull"},{"type":"A","date":"2018-03-13T05:00:19.000Z","volume":7000,"price":1.71,"category":"bbull"},{"type":"A","date":"2018-03-13T03:47:42.000Z","volume":7000,"price":1.71,"category":"bbull"},{"type":"A","date":"2018-03-13T03:39:42.000Z","volume":7000,"price":1.71,"category":"bbull"},{"type":"A","date":"2018-03-13T03:21:03.000Z","volume":7000,"price":1.71,"category":"bbull"},{"type":"A","date":"2018-03-13T03:07:03.000Z","volume":7000,"price":1.71,"category":"bbull"},{"type":"A","date":"2018-03-13T03:00:10.000Z","volume":7000,"price":1.71,"category":"bbull"},{"type":"A","date":"2018-03-13T02:56:10.000Z","volume":7000,"price":1.71,"category":"bbull"},{"type":"A","date":"2018-03-13T02:55:43.000Z","volume":7000,"price":1.71,"category":"bbull"},{"type":"A","date":"2018-03-13T02:47:12.000Z","volume":8000,"price":1.71,"category":"bbull"},{"type":"A","date":"2018-03-13T02:41:40.000Z","volume":7000,"price":1.71,"category":"bbull"},{"type":"A","date":"2018-03-13T02:38:32.000Z","volume":7000,"price":1.71,"category":"bbull"},{"type":"A","date":"2018-03-13T02:16:52.000Z","volume":10000,"price":1.71,"category":"bbull"},{"type":"A","date":"2018-03-13T02:11:27.000Z","volume":17000,"price":1.71,"category":"bbull"},{"type":"A","date":"2018-03-13T02:05:13.000Z","volume":10000,"price":1.71,"category":"bbull"},{"type":"A","date":"2018-03-13T01:55:01.000Z","volume":7000,"price":1.72,"category":"bbull"},{"type":"A","date":"2018-03-13T01:48:47.000Z","volume":14000,"price":1.72,"category":"bbull"},{"type":"A","date":"2018-03-13T01:37:17.000Z","volume":8000,"price":1.72,"category":"bbull"},{"type":"A","date":"2018-03-13T07:59:06.000Z","volume":1000,"price":1.7,"category":"rbull"},{"type":"A","date":"2018-03-13T07:58:55.000Z","volume":1000,"price":1.7,"category":"rbull"},{"type":"A","date":"2018-03-13T07:58:51.000Z","volume":1000,"price":1.7,"category":"rbull"},{"type":"A","date":"2018-03-13T07:58:51.000Z","volume":1000,"price":1.7,"category":"rbull"},{"type":"A","date":"2018-03-13T07:58:50.000Z","volume":1000,"price":1.7,"category":"rbull"},{"type":"A","date":"2018-03-13T07:58:30.000Z","volume":1000,"price":1.7,"category":"rbull"},{"type":"A","date":"2018-03-13T07:58:17.000Z","volume":1000,"price":1.7,"category":"rbull"},{"type":"A","date":"2018-03-13T07:58:17.000Z","volume":1000,"price":1.7,"category":"rbull"},{"type":"A","date":"2018-03-13T07:57:58.000Z","volume":1000,"price":1.7,"category":"rbull"},{"type":"A","date":"2018-03-13T07:57:45.000Z","volume":1000,"price":1.7,"category":"rbull"},{"type":"A","date":"2018-03-13T07:57:20.000Z","volume":1000,"price":1.7,"category":"rbull"},{"type":"A","date":"2018-03-13T07:55:52.000Z","volume":1000,"price":1.7,"category":"rbull"},{"type":"A","date":"2018-03-13T07:34:30.000Z","volume":1000,"price":1.7,"category":"rbull"},{"type":"A","date":"2018-03-13T07:30:51.000Z","volume":1000,"price":1.7,"category":"rbull"},{"type":"A","date":"2018-03-13T07:23:01.000Z","volume":1000,"price":1.7,"category":"rbull"},{"type":"A","date":"2018-03-13T07:22:51.000Z","volume":1000,"price":1.7,"category":"rbull"},{"type":"A","date":"2018-03-13T07:18:08.000Z","volume":1000,"price":1.7,"category":"rbull"},{"type":"A","date":"2018-03-13T07:15:16.000Z","volume":1000,"price":1.7,"category":"rbull"},{"type":"A","date":"2018-03-13T07:10:18.000Z","volume":1000,"price":1.7,"category":"rbull"},{"type":"A","date":"2018-03-13T07:05:20.000Z","volume":1000,"price":1.7,"category":"rbull"},{"type":"A","date":"2018-03-13T07:00:20.000Z","volume":1000,"price":1.7,"category":"rbull"},{"type":"A","date":"2018-03-13T06:55:33.000Z","volume":1000,"price":1.7,"category":"rbull"},{"type":"A","date":"2018-03-13T06:35:24.000Z","volume":1000,"price":1.7,"category":"rbull"},{"type":"A","date":"2018-03-13T06:20:18.000Z","volume":1000,"price":1.71,"category":"rbull"},{"type":"A","date":"2018-03-13T06:15:19.000Z","volume":1000,"price":1.71,"category":"rbull"},{"type":"A","date":"2018-03-13T06:15:00.000Z","volume":1000,"price":1.71,"category":"rbull"},{"type":"A","date":"2018-03-13T06:13:00.000Z","volume":1000,"price":1.71,"category":"rbull"},{"type":"A","date":"2018-03-13T06:11:01.000Z","volume":1000,"price":1.71,"category":"rbull"},{"type":"A","date":"2018-03-13T06:10:18.000Z","volume":1000,"price":1.71,"category":"rbull"},{"type":"A","date":"2018-03-13T06:06:30.000Z","volume":1000,"price":1.71,"category":"rbull"},{"type":"A","date":"2018-03-13T06:02:31.000Z","volume":1000,"price":1.71,"category":"rbull"},{"type":"A","date":"2018-03-13T05:56:22.000Z","volume":1000,"price":1.71,"category":"rbull"},{"type":"A","date":"2018-03-13T05:55:16.000Z","volume":1000,"price":1.71,"category":"rbull"},{"type":"A","date":"2018-03-13T05:49:39.000Z","volume":1000,"price":1.71,"category":"rbull"},{"type":"A","date":"2018-03-13T05:47:46.000Z","volume":1000,"price":1.71,"category":"rbull"},{"type":"A","date":"2018-03-13T05:45:15.000Z","volume":1000,"price":1.71,"category":"rbull"},{"type":"A","date":"2018-03-13T05:11:47.000Z","volume":1000,"price":1.71,"category":"rbull"},{"type":"A","date":"2018-03-13T05:00:05.000Z","volume":1000,"price":1.71,"category":"rbull"},{"type":"A","date":"2018-03-13T05:00:00.000Z","volume":1000,"price":1.71,"category":"rbull"},{"type":"A","date":"2018-03-13T03:58:17.000Z","volume":1000,"price":1.71,"category":"rbull"},{"type":"A","date":"2018-03-13T03:55:17.000Z","volume":1000,"price":1.71,"category":"rbull"},{"type":"A","date":"2018-03-13T03:52:32.000Z","volume":1000,"price":1.71,"category":"rbull"},{"type":"A","date":"2018-03-13T03:52:32.000Z","volume":1000,"price":1.71,"category":"rbull"},{"type":"A","date":"2018-03-13T03:51:05.000Z","volume":1000,"price":1.71,"category":"rbull"},{"type":"A","date":"2018-03-13T03:49:30.000Z","volume":1000,"price":1.71,"category":"rbull"},{"type":"A","date":"2018-03-13T03:48:30.000Z","volume":1000,"price":1.71,"category":"rbull"},{"type":"A","date":"2018-03-13T03:47:00.000Z","volume":1000,"price":1.71,"category":"rbull"},{"type":"A","date":"2018-03-13T03:46:30.000Z","volume":1000,"price":1.71,"category":"rbull"},{"type":"A","date":"2018-03-13T03:45:30.000Z","volume":1000,"price":1.71,"category":"rbull"},{"type":"A","date":"2018-03-13T03:44:30.000Z","volume":1000,"price":1.71,"category":"rbull"},{"type":"A","date":"2018-03-13T03:43:00.000Z","volume":1000,"price":1.71,"category":"rbull"},{"type":"A","date":"2018-03-13T03:42:07.000Z","volume":1000,"price":1.71,"category":"rbull"},{"type":"A","date":"2018-03-13T03:41:31.000Z","volume":1000,"price":1.71,"category":"rbull"},{"type":"A","date":"2018-03-13T03:40:30.000Z","volume":1000,"price":1.71,"category":"rbull"},{"type":"A","date":"2018-03-13T03:39:31.000Z","volume":1000,"price":1.71,"category":"rbull"},{"type":"A","date":"2018-03-13T03:39:00.000Z","volume":1000,"price":1.71,"category":"rbull"},{"type":"A","date":"2018-03-13T03:38:01.000Z","volume":1000,"price":1.71,"category":"rbull"},{"type":"A","date":"2018-03-13T03:36:30.000Z","volume":1000,"price":1.71,"category":"rbull"},{"type":"A","date":"2018-03-13T03:36:13.000Z","volume":1000,"price":1.71,"category":"rbull"},{"type":"A","date":"2018-03-13T03:35:00.000Z","volume":1000,"price":1.71,"category":"rbull"},{"type":"A","date":"2018-03-13T03:34:00.000Z","volume":1000,"price":1.71,"category":"rbull"},{"type":"A","date":"2018-03-13T03:32:30.000Z","volume":1000,"price":1.71,"category":"rbull"},{"type":"A","date":"2018-03-13T03:31:30.000Z","volume":1000,"price":1.71,"category":"rbull"},{"type":"A","date":"2018-03-13T03:01:47.000Z","volume":1000,"price":1.71,"category":"rbull"},{"type":"A","date":"2018-03-13T02:57:15.000Z","volume":1000,"price":1.71,"category":"rbull"},{"type":"A","date":"2018-03-13T02:45:21.000Z","volume":1000,"price":1.71,"category":"rbull"},{"type":"A","date":"2018-03-13T02:44:23.000Z","volume":1000,"price":1.71,"category":"rbull"},{"type":"A","date":"2018-03-13T02:39:09.000Z","volume":1000,"price":1.71,"category":"rbull"},{"type":"A","date":"2018-03-13T02:37:11.000Z","volume":1000,"price":1.71,"category":"rbull"},{"type":"A","date":"2018-03-13T02:34:45.000Z","volume":1000,"price":1.71,"category":"rbull"},{"type":"A","date":"2018-03-13T02:00:13.000Z","volume":1000,"price":1.72,"category":"rbull"},{"type":"A","date":"2018-03-13T01:58:51.000Z","volume":1000,"price":1.72,"category":"rbull"},{"type":"A","date":"2018-03-13T01:55:11.000Z","volume":1000,"price":1.72,"category":"rbull"},{"type":"A","date":"2018-03-13T01:52:54.000Z","volume":1000,"price":1.72,"category":"rbull"},{"type":"A","date":"2018-03-13T01:30:00.000Z","volume":1000,"price":1.72,"category":"rbull"},{"type":"B","date":"2018-03-13T07:59:46.000Z","volume":1000,"price":1.69,"category":"rbear"},{"type":"B","date":"2018-03-13T07:59:29.000Z","volume":1000,"price":1.69,"category":"rbear"},{"type":"B","date":"2018-03-13T07:41:55.000Z","volume":1000,"price":1.69,"category":"rbear"},{"type":"B","date":"2018-03-13T07:41:53.000Z","volume":1000,"price":1.69,"category":"rbear"},{"type":"B","date":"2018-03-13T07:38:55.000Z","volume":1000,"price":1.69,"category":"rbear"},{"type":"B","date":"2018-03-13T07:38:08.000Z","volume":1000,"price":1.69,"category":"rbear"},{"type":"B","date":"2018-03-13T07:38:05.000Z","volume":1000,"price":1.69,"category":"rbear"},{"type":"B","date":"2018-03-13T06:59:29.000Z","volume":1000,"price":1.69,"category":"rbear"},{"type":"B","date":"2018-03-13T06:57:10.000Z","volume":1000,"price":1.69,"category":"rbear"},{"type":"B","date":"2018-03-13T06:52:30.000Z","volume":1000,"price":1.69,"category":"rbear"},{"type":"B","date":"2018-03-13T06:50:56.000Z","volume":1000,"price":1.69,"category":"rbear"},{"type":"B","date":"2018-03-13T06:50:17.000Z","volume":1000,"price":1.69,"category":"rbear"},{"type":"B","date":"2018-03-13T06:45:55.000Z","volume":1000,"price":1.69,"category":"rbear"},{"type":"B","date":"2018-03-13T06:45:49.000Z","volume":1000,"price":1.69,"category":"rbear"},{"type":"B","date":"2018-03-13T06:38:49.000Z","volume":1000,"price":1.7,"category":"rbear"},{"type":"B","date":"2018-03-13T06:32:55.000Z","volume":1000,"price":1.7,"category":"rbear"},{"type":"B","date":"2018-03-13T06:26:51.000Z","volume":1000,"price":1.7,"category":"rbear"},{"type":"B","date":"2018-03-13T06:25:32.000Z","volume":1000,"price":1.7,"category":"rbear"},{"type":"B","date":"2018-03-13T06:21:27.000Z","volume":1000,"price":1.7,"category":"rbear"},{"type":"B","date":"2018-03-13T06:21:04.000Z","volume":1000,"price":1.7,"category":"rbear"},{"type":"B","date":"2018-03-13T06:19:00.000Z","volume":1000,"price":1.7,"category":"rbear"},{"type":"B","date":"2018-03-13T06:17:01.000Z","volume":1000,"price":1.7,"category":"rbear"},{"type":"B","date":"2018-03-13T05:59:23.000Z","volume":1000,"price":1.7,"category":"rbear"},{"type":"B","date":"2018-03-13T05:50:17.000Z","volume":1000,"price":1.7,"category":"rbear"},{"type":"B","date":"2018-03-13T05:49:56.000Z","volume":1000,"price":1.7,"category":"rbear"},{"type":"B","date":"2018-03-13T05:45:13.000Z","volume":1000,"price":1.7,"category":"rbear"},{"type":"B","date":"2018-03-13T05:12:46.000Z","volume":1000,"price":1.7,"category":"rbear"},{"type":"B","date":"2018-03-13T05:09:57.000Z","volume":1000,"price":1.7,"category":"rbear"},{"type":"B","date":"2018-03-13T03:59:21.000Z","volume":1000,"price":1.7,"category":"rbear"},{"type":"B","date":"2018-03-13T03:59:18.000Z","volume":1000,"price":1.7,"category":"rbear"},{"type":"B","date":"2018-03-13T03:57:12.000Z","volume":1000,"price":1.7,"category":"rbear"},{"type":"B","date":"2018-03-13T03:53:03.000Z","volume":1000,"price":1.7,"category":"rbear"},{"type":"B","date":"2018-03-13T03:52:11.000Z","volume":1000,"price":1.7,"category":"rbear"},{"type":"B","date":"2018-03-13T03:42:08.000Z","volume":1000,"price":1.7,"category":"rbear"},{"type":"B","date":"2018-03-13T03:30:55.000Z","volume":1000,"price":1.7,"category":"rbear"},{"type":"B","date":"2018-03-13T03:21:33.000Z","volume":1000,"price":1.7,"category":"rbear"},{"type":"B","date":"2018-03-13T02:59:15.000Z","volume":1000,"price":1.7,"category":"rbear"},{"type":"B","date":"2018-03-13T02:57:12.000Z","volume":1000,"price":1.7,"category":"rbear"},{"type":"B","date":"2018-03-13T02:40:16.000Z","volume":1000,"price":1.7,"category":"rbear"},{"type":"B","date":"2018-03-13T02:35:19.000Z","volume":1000,"price":1.7,"category":"rbear"},{"type":"B","date":"2018-03-13T02:00:22.000Z","volume":1000,"price":1.71,"category":"rbear"},{"type":"B","date":"2018-03-13T01:59:04.000Z","volume":1000,"price":1.71,"category":"rbear"},{"type":"B","date":"2018-03-13T07:58:31.000Z","volume":10000,"price":1.69,"category":"bbear"},{"type":"B","date":"2018-03-13T07:57:15.000Z","volume":7000,"price":1.69,"category":"bbear"},{"type":"B","date":"2018-03-13T07:55:15.000Z","volume":7000,"price":1.69,"category":"bbear"},{"type":"B","date":"2018-03-13T07:51:15.000Z","volume":7000,"price":1.69,"category":"bbear"},{"type":"B","date":"2018-03-13T07:49:45.000Z","volume":7000,"price":1.69,"category":"bbear"},{"type":"B","date":"2018-03-13T07:49:44.000Z","volume":16000,"price":1.69,"category":"bbear"},{"type":"B","date":"2018-03-13T07:49:09.000Z","volume":21000,"price":1.69,"category":"bbear"},{"type":"B","date":"2018-03-13T07:47:44.000Z","volume":7000,"price":1.69,"category":"bbear"},{"type":"B","date":"2018-03-13T07:43:44.000Z","volume":7000,"price":1.69,"category":"bbear"},{"type":"B","date":"2018-03-13T07:41:50.000Z","volume":9000,"price":1.69,"category":"bbear"},{"type":"B","date":"2018-03-13T07:28:55.000Z","volume":7000,"price":1.69,"category":"bbear"},{"type":"B","date":"2018-03-13T07:28:14.000Z","volume":7000,"price":1.69,"category":"bbear"},{"type":"B","date":"2018-03-13T07:26:23.000Z","volume":10000,"price":1.69,"category":"bbear"},{"type":"B","date":"2018-03-13T07:25:22.000Z","volume":7000,"price":1.69,"category":"bbear"},{"type":"B","date":"2018-03-13T06:46:07.000Z","volume":10000,"price":1.69,"category":"bbear"},{"type":"B","date":"2018-03-13T06:45:58.000Z","volume":8000,"price":1.69,"category":"bbear"},{"type":"B","date":"2018-03-13T06:45:55.000Z","volume":20000,"price":1.69,"category":"bbear"},{"type":"B","date":"2018-03-13T06:45:54.000Z","volume":11000,"price":1.69,"category":"bbear"},{"type":"B","date":"2018-03-13T06:45:53.000Z","volume":13000,"price":1.69,"category":"bbear"},{"type":"B","date":"2018-03-13T06:45:53.000Z","volume":21000,"price":1.69,"category":"bbear"},{"type":"B","date":"2018-03-13T06:45:52.000Z","volume":17000,"price":1.69,"category":"bbear"},{"type":"B","date":"2018-03-13T06:45:51.000Z","volume":10000,"price":1.69,"category":"bbear"},{"type":"B","date":"2018-03-13T06:38:49.000Z","volume":8000,"price":1.7,"category":"bbear"},{"type":"B","date":"2018-03-13T06:30:33.000Z","volume":12000,"price":1.7,"category":"bbear"},{"type":"B","date":"2018-03-13T06:29:37.000Z","volume":7000,"price":1.7,"category":"bbear"},{"type":"B","date":"2018-03-13T06:23:12.000Z","volume":9000,"price":1.7,"category":"bbear"},{"type":"B","date":"2018-03-13T06:22:27.000Z","volume":9000,"price":1.7,"category":"bbear"},{"type":"B","date":"2018-03-13T06:21:48.000Z","volume":8000,"price":1.7,"category":"bbear"},{"type":"B","date":"2018-03-13T06:20:17.000Z","volume":10000,"price":1.7,"category":"bbear"},{"type":"B","date":"2018-03-13T06:19:45.000Z","volume":7000,"price":1.7,"category":"bbear"},{"type":"B","date":"2018-03-13T06:19:07.000Z","volume":9000,"price":1.7,"category":"bbear"},{"type":"B","date":"2018-03-13T06:18:23.000Z","volume":11000,"price":1.7,"category":"bbear"},{"type":"B","date":"2018-03-13T06:17:44.000Z","volume":10000,"price":1.7,"category":"bbear"},{"type":"B","date":"2018-03-13T06:17:03.000Z","volume":11000,"price":1.7,"category":"bbear"},{"type":"B","date":"2018-03-13T06:16:23.000Z","volume":11000,"price":1.7,"category":"bbear"},{"type":"B","date":"2018-03-13T06:15:23.000Z","volume":12000,"price":1.7,"category":"bbear"},{"type":"B","date":"2018-03-13T05:58:56.000Z","volume":8000,"price":1.7,"category":"bbear"},{"type":"B","date":"2018-03-13T05:57:56.000Z","volume":11000,"price":1.7,"category":"bbear"},{"type":"B","date":"2018-03-13T05:57:25.000Z","volume":9000,"price":1.7,"category":"bbear"},{"type":"B","date":"2018-03-13T05:56:53.000Z","volume":20000,"price":1.7,"category":"bbear"},{"type":"B","date":"2018-03-13T05:56:53.000Z","volume":14000,"price":1.7,"category":"bbear"},{"type":"B","date":"2018-03-13T05:56:32.000Z","volume":10000,"price":1.7,"category":"bbear"},{"type":"B","date":"2018-03-13T05:20:31.000Z","volume":21000,"price":1.7,"category":"bbear"},{"type":"B","date":"2018-03-13T05:20:11.000Z","volume":12000,"price":1.7,"category":"bbear"},{"type":"B","date":"2018-03-13T03:49:46.000Z","volume":10000,"price":1.7,"category":"bbear"},{"type":"B","date":"2018-03-13T03:44:43.000Z","volume":21000,"price":1.7,"category":"bbear"},{"type":"B","date":"2018-03-13T03:36:07.000Z","volume":10000,"price":1.7,"category":"bbear"},{"type":"B","date":"2018-03-13T03:06:53.000Z","volume":21000,"price":1.7,"category":"bbear"},{"type":"B","date":"2018-03-13T02:52:29.000Z","volume":8000,"price":1.7,"category":"bbear"},{"type":"B","date":"2018-03-13T02:39:28.000Z","volume":8000,"price":1.7,"category":"bbear"},{"type":"B","date":"2018-03-13T02:34:58.000Z","volume":12000,"price":1.7,"category":"bbear"},{"type":"B","date":"2018-03-13T02:34:38.000Z","volume":7000,"price":1.7,"category":"bbear"},{"type":"B","date":"2018-03-13T02:24:34.000Z","volume":10000,"price":1.7,"category":"bbear"},{"type":"B","date":"2018-03-13T02:22:55.000Z","volume":10000,"price":1.7,"category":"bbear"},{"type":"B","date":"2018-03-13T02:19:33.000Z","volume":18000,"price":1.7,"category":"bbear"},{"type":"B","date":"2018-03-13T02:11:47.000Z","volume":11000,"price":1.7,"category":"bbear"},{"type":"B","date":"2018-03-13T01:55:18.000Z","volume":11000,"price":1.71,"category":"bbear"},{"type":"B","date":"2018-03-13T01:52:31.000Z","volume":8000,"price":1.71,"category":"bbear"},{"type":"B","date":"2018-03-13T01:49:41.000Z","volume":18000,"price":1.71,"category":"bbear"},{"type":"B","date":"2018-03-13T01:47:22.000Z","volume":12000,"price":1.71,"category":"bbear"},{"type":"B","date":"2018-03-13T01:46:13.000Z","volume":8000,"price":1.71,"category":"bbear"},{"type":"B","date":"2018-03-13T01:44:27.000Z","volume":8000,"price":1.71,"category":"bbear"},{"type":"B","date":"2018-03-13T01:30:35.000Z","volume":12000,"price":1.71,"category":"bbear"},{"type":"B","date":"2018-03-13T07:49:22.000Z","volume":43000,"price":1.69,"category":"ubbear"},{"type":"B","date":"2018-03-13T07:48:24.000Z","volume":45000,"price":1.69,"category":"ubbear"},{"type":"B","date":"2018-03-13T07:48:16.000Z","volume":31000,"price":1.69,"category":"ubbear"},{"type":"B","date":"2018-03-13T07:48:05.000Z","volume":29000,"price":1.69,"category":"ubbear"},{"type":"B","date":"2018-03-13T07:47:59.000Z","volume":28000,"price":1.69,"category":"ubbear"},{"type":"B","date":"2018-03-13T07:47:46.000Z","volume":42000,"price":1.69,"category":"ubbear"},{"type":"B","date":"2018-03-13T07:47:41.000Z","volume":37000,"price":1.69,"category":"ubbear"},{"type":"B","date":"2018-03-13T07:47:33.000Z","volume":34000,"price":1.69,"category":"ubbear"},{"type":"B","date":"2018-03-13T07:44:15.000Z","volume":48000,"price":1.69,"category":"ubbear"},{"type":"B","date":"2018-03-13T07:44:02.000Z","volume":33000,"price":1.69,"category":"ubbear"},{"type":"B","date":"2018-03-13T07:43:46.000Z","volume":45000,"price":1.69,"category":"ubbear"},{"type":"B","date":"2018-03-13T07:43:38.000Z","volume":29000,"price":1.69,"category":"ubbear"},{"type":"B","date":"2018-03-13T07:42:26.000Z","volume":40000,"price":1.69,"category":"ubbear"},{"type":"B","date":"2018-03-13T07:42:12.000Z","volume":39000,"price":1.69,"category":"ubbear"},{"type":"B","date":"2018-03-13T07:41:59.000Z","volume":36000,"price":1.69,"category":"ubbear"},{"type":"B","date":"2018-03-13T07:41:46.000Z","volume":46000,"price":1.69,"category":"ubbear"},{"type":"B","date":"2018-03-13T07:41:20.000Z","volume":49000,"price":1.69,"category":"ubbear"},{"type":"B","date":"2018-03-13T07:41:04.000Z","volume":22000,"price":1.69,"category":"ubbear"},{"type":"B","date":"2018-03-13T07:40:49.000Z","volume":37000,"price":1.69,"category":"ubbear"},{"type":"B","date":"2018-03-13T07:40:25.000Z","volume":30000,"price":1.69,"category":"ubbear"},{"type":"B","date":"2018-03-13T07:40:12.000Z","volume":24000,"price":1.69,"category":"ubbear"},{"type":"B","date":"2018-03-13T07:39:55.000Z","volume":35000,"price":1.69,"category":"ubbear"},{"type":"B","date":"2018-03-13T07:39:44.000Z","volume":44000,"price":1.69,"category":"ubbear"},{"type":"B","date":"2018-03-13T07:36:56.000Z","volume":43000,"price":1.69,"category":"ubbear"},{"type":"B","date":"2018-03-13T07:36:46.000Z","volume":24000,"price":1.69,"category":"ubbear"},{"type":"B","date":"2018-03-13T07:36:30.000Z","volume":28000,"price":1.69,"category":"ubbear"},{"type":"B","date":"2018-03-13T07:36:21.000Z","volume":39000,"price":1.69,"category":"ubbear"},{"type":"B","date":"2018-03-13T07:36:10.000Z","volume":37000,"price":1.69,"category":"ubbear"},{"type":"B","date":"2018-03-13T07:33:29.000Z","volume":45000,"price":1.69,"category":"ubbear"},{"type":"B","date":"2018-03-13T07:33:17.000Z","volume":46000,"price":1.69,"category":"ubbear"},{"type":"B","date":"2018-03-13T07:33:05.000Z","volume":32000,"price":1.69,"category":"ubbear"},{"type":"B","date":"2018-03-13T07:32:53.000Z","volume":22000,"price":1.69,"category":"ubbear"},{"type":"B","date":"2018-03-13T07:32:32.000Z","volume":44000,"price":1.69,"category":"ubbear"},{"type":"B","date":"2018-03-13T07:32:18.000Z","volume":31000,"price":1.69,"category":"ubbear"},{"type":"B","date":"2018-03-13T07:32:03.000Z","volume":36000,"price":1.69,"category":"ubbear"},{"type":"B","date":"2018-03-13T07:31:55.000Z","volume":25000,"price":1.69,"category":"ubbear"},{"type":"B","date":"2018-03-13T07:29:57.000Z","volume":23000,"price":1.69,"category":"ubbear"},{"type":"B","date":"2018-03-13T07:29:41.000Z","volume":29000,"price":1.69,"category":"ubbear"},{"type":"B","date":"2018-03-13T07:29:27.000Z","volume":34000,"price":1.69,"category":"ubbear"},{"type":"B","date":"2018-03-13T07:29:04.000Z","volume":41000,"price":1.69,"category":"ubbear"},{"type":"B","date":"2018-03-13T07:28:51.000Z","volume":47000,"price":1.69,"category":"ubbear"},{"type":"B","date":"2018-03-13T07:26:21.000Z","volume":27000,"price":1.69,"category":"ubbear"},{"type":"B","date":"2018-03-13T07:26:11.000Z","volume":38000,"price":1.69,"category":"ubbear"},{"type":"B","date":"2018-03-13T07:25:59.000Z","volume":25000,"price":1.69,"category":"ubbear"},{"type":"B","date":"2018-03-13T07:25:44.000Z","volume":43000,"price":1.69,"category":"ubbear"},{"type":"B","date":"2018-03-13T07:25:21.000Z","volume":35000,"price":1.69,"category":"ubbear"},{"type":"B","date":"2018-03-13T06:46:57.000Z","volume":30000,"price":1.69,"category":"ubbear"},{"type":"B","date":"2018-03-13T06:46:24.000Z","volume":31000,"price":1.69,"category":"ubbear"},{"type":"B","date":"2018-03-13T06:46:07.000Z","volume":30000,"price":1.69,"category":"ubbear"},{"type":"B","date":"2018-03-13T06:46:03.000Z","volume":43000,"price":1.69,"category":"ubbear"},{"type":"B","date":"2018-03-13T06:45:54.000Z","volume":27000,"price":1.69,"category":"ubbear"},{"type":"B","date":"2018-03-13T06:45:54.000Z","volume":34000,"price":1.69,"category":"ubbear"},{"type":"B","date":"2018-03-13T06:45:54.000Z","volume":69000,"price":1.69,"category":"ubbear"},{"type":"B","date":"2018-03-13T06:45:54.000Z","volume":34000,"price":1.69,"category":"ubbear"},{"type":"B","date":"2018-03-13T06:45:52.000Z","volume":26000,"price":1.69,"category":"ubbear"},{"type":"B","date":"2018-03-13T06:45:49.000Z","volume":22000,"price":1.69,"category":"ubbear"},{"type":"B","date":"2018-03-13T06:45:49.000Z","volume":2309000,"price":1.69,"category":"ubbear"},{"type":"B","date":"2018-03-13T06:45:49.000Z","volume":111000,"price":1.69,"category":"ubbear"},{"type":"B","date":"2018-03-13T06:45:47.000Z","volume":26000,"price":1.69,"category":"ubbear"},{"type":"B","date":"2018-03-13T06:45:36.000Z","volume":38000,"price":1.69,"category":"ubbear"},{"type":"B","date":"2018-03-13T06:45:10.000Z","volume":33000,"price":1.69,"category":"ubbear"},{"type":"B","date":"2018-03-13T06:33:20.000Z","volume":46000,"price":1.7,"category":"ubbear"},{"type":"B","date":"2018-03-13T06:30:00.000Z","volume":60000,"price":1.7,"category":"ubbear"},{"type":"B","date":"2018-03-13T06:16:01.000Z","volume":70000,"price":1.7,"category":"ubbear"},{"type":"B","date":"2018-03-13T06:15:23.000Z","volume":28000,"price":1.7,"category":"ubbear"},{"type":"B","date":"2018-03-13T06:15:15.000Z","volume":22000,"price":1.7,"category":"ubbear"},{"type":"B","date":"2018-03-13T06:15:05.000Z","volume":34000,"price":1.7,"category":"ubbear"},{"type":"B","date":"2018-03-13T06:07:07.000Z","volume":33000,"price":1.7,"category":"ubbear"},{"type":"B","date":"2018-03-13T06:06:50.000Z","volume":28000,"price":1.7,"category":"ubbear"},{"type":"B","date":"2018-03-13T06:06:35.000Z","volume":49000,"price":1.7,"category":"ubbear"},{"type":"B","date":"2018-03-13T06:06:23.000Z","volume":42000,"price":1.7,"category":"ubbear"},{"type":"B","date":"2018-03-13T06:06:09.000Z","volume":34000,"price":1.7,"category":"ubbear"},{"type":"B","date":"2018-03-13T06:05:52.000Z","volume":23000,"price":1.7,"category":"ubbear"},{"type":"B","date":"2018-03-13T06:05:39.000Z","volume":41000,"price":1.7,"category":"ubbear"},{"type":"B","date":"2018-03-13T06:05:28.000Z","volume":37000,"price":1.7,"category":"ubbear"},{"type":"B","date":"2018-03-13T06:05:09.000Z","volume":40000,"price":1.7,"category":"ubbear"},{"type":"B","date":"2018-03-13T06:04:44.000Z","volume":48000,"price":1.7,"category":"ubbear"},{"type":"B","date":"2018-03-13T06:04:28.000Z","volume":36000,"price":1.7,"category":"ubbear"},{"type":"B","date":"2018-03-13T05:58:25.000Z","volume":31000,"price":1.7,"category":"ubbear"},{"type":"B","date":"2018-03-13T05:57:54.000Z","volume":39000,"price":1.7,"category":"ubbear"},{"type":"B","date":"2018-03-13T05:57:37.000Z","volume":43000,"price":1.7,"category":"ubbear"},{"type":"B","date":"2018-03-13T05:57:25.000Z","volume":36000,"price":1.7,"category":"ubbear"},{"type":"B","date":"2018-03-13T05:57:09.000Z","volume":27000,"price":1.7,"category":"ubbear"},{"type":"B","date":"2018-03-13T05:56:32.000Z","volume":32000,"price":1.7,"category":"ubbear"},{"type":"B","date":"2018-03-13T05:56:18.000Z","volume":47000,"price":1.7,"category":"ubbear"},{"type":"B","date":"2018-03-13T05:56:00.000Z","volume":36000,"price":1.7,"category":"ubbear"},{"type":"B","date":"2018-03-13T05:55:49.000Z","volume":29000,"price":1.7,"category":"ubbear"},{"type":"B","date":"2018-03-13T05:55:38.000Z","volume":33000,"price":1.7,"category":"ubbear"},{"type":"B","date":"2018-03-13T05:28:58.000Z","volume":60000,"price":1.7,"category":"ubbear"},{"type":"B","date":"2018-03-13T05:28:55.000Z","volume":41000,"price":1.7,"category":"ubbear"},{"type":"B","date":"2018-03-13T05:28:46.000Z","volume":48000,"price":1.7,"category":"ubbear"},{"type":"B","date":"2018-03-13T05:28:36.000Z","volume":35000,"price":1.7,"category":"ubbear"},{"type":"B","date":"2018-03-13T05:27:07.000Z","volume":28000,"price":1.7,"category":"ubbear"},{"type":"B","date":"2018-03-13T05:26:53.000Z","volume":37000,"price":1.7,"category":"ubbear"},{"type":"B","date":"2018-03-13T05:21:25.000Z","volume":32000,"price":1.7,"category":"ubbear"},{"type":"B","date":"2018-03-13T05:21:07.000Z","volume":42000,"price":1.7,"category":"ubbear"},{"type":"B","date":"2018-03-13T05:20:51.000Z","volume":32000,"price":1.7,"category":"ubbear"},{"type":"B","date":"2018-03-13T05:20:11.000Z","volume":26000,"price":1.7,"category":"ubbear"},{"type":"B","date":"2018-03-13T05:19:52.000Z","volume":65000,"price":1.7,"category":"ubbear"},{"type":"B","date":"2018-03-13T05:19:48.000Z","volume":44000,"price":1.7,"category":"ubbear"},{"type":"B","date":"2018-03-13T05:19:37.000Z","volume":27000,"price":1.7,"category":"ubbear"},{"type":"B","date":"2018-03-13T05:19:26.000Z","volume":39000,"price":1.7,"category":"ubbear"},{"type":"B","date":"2018-03-13T05:14:42.000Z","volume":34000,"price":1.7,"category":"ubbear"},{"type":"B","date":"2018-03-13T05:14:25.000Z","volume":46000,"price":1.7,"category":"ubbear"},{"type":"B","date":"2018-03-13T05:14:08.000Z","volume":30000,"price":1.7,"category":"ubbear"},{"type":"B","date":"2018-03-13T05:13:54.000Z","volume":29000,"price":1.7,"category":"ubbear"},{"type":"B","date":"2018-03-13T05:13:43.000Z","volume":36000,"price":1.7,"category":"ubbear"},{"type":"B","date":"2018-03-13T05:13:25.000Z","volume":31000,"price":1.7,"category":"ubbear"},{"type":"B","date":"2018-03-13T05:13:13.000Z","volume":43000,"price":1.7,"category":"ubbear"},{"type":"B","date":"2018-03-13T03:55:26.000Z","volume":200000,"price":1.7,"category":"ubbear"},{"type":"B","date":"2018-03-13T03:44:28.000Z","volume":29000,"price":1.7,"category":"ubbear"},{"type":"B","date":"2018-03-13T03:44:15.000Z","volume":24000,"price":1.7,"category":"ubbear"},{"type":"B","date":"2018-03-13T03:43:59.000Z","volume":42000,"price":1.7,"category":"ubbear"},{"type":"B","date":"2018-03-13T03:43:46.000Z","volume":37000,"price":1.7,"category":"ubbear"},{"type":"B","date":"2018-03-13T03:18:05.000Z","volume":34000,"price":1.7,"category":"ubbear"},{"type":"B","date":"2018-03-13T03:17:51.000Z","volume":25000,"price":1.7,"category":"ubbear"},{"type":"B","date":"2018-03-13T03:17:36.000Z","volume":22000,"price":1.7,"category":"ubbear"},{"type":"B","date":"2018-03-13T03:17:22.000Z","volume":36000,"price":1.7,"category":"ubbear"},{"type":"B","date":"2018-03-13T03:08:38.000Z","volume":27000,"price":1.7,"category":"ubbear"},{"type":"B","date":"2018-03-13T03:08:20.000Z","volume":48000,"price":1.7,"category":"ubbear"},{"type":"B","date":"2018-03-13T03:08:03.000Z","volume":39000,"price":1.7,"category":"ubbear"},{"type":"B","date":"2018-03-13T03:07:42.000Z","volume":30000,"price":1.7,"category":"ubbear"},{"type":"B","date":"2018-03-13T03:07:24.000Z","volume":34000,"price":1.7,"category":"ubbear"},{"type":"B","date":"2018-03-13T03:07:06.000Z","volume":44000,"price":1.7,"category":"ubbear"},{"type":"B","date":"2018-03-13T03:06:37.000Z","volume":24000,"price":1.7,"category":"ubbear"},{"type":"B","date":"2018-03-13T03:06:21.000Z","volume":41000,"price":1.7,"category":"ubbear"},{"type":"B","date":"2018-03-13T03:06:08.000Z","volume":46000,"price":1.7,"category":"ubbear"},{"type":"B","date":"2018-03-13T03:03:12.000Z","volume":41000,"price":1.7,"category":"ubbear"},{"type":"B","date":"2018-03-13T03:02:54.000Z","volume":36000,"price":1.7,"category":"ubbear"},{"type":"B","date":"2018-03-13T03:02:42.000Z","volume":26000,"price":1.7,"category":"ubbear"},{"type":"B","date":"2018-03-13T03:02:25.000Z","volume":32000,"price":1.7,"category":"ubbear"},{"type":"B","date":"2018-03-13T03:02:09.000Z","volume":43000,"price":1.7,"category":"ubbear"},{"type":"B","date":"2018-03-13T03:01:52.000Z","volume":37000,"price":1.7,"category":"ubbear"},{"type":"B","date":"2018-03-13T03:01:39.000Z","volume":42000,"price":1.7,"category":"ubbear"},{"type":"B","date":"2018-03-13T02:47:34.000Z","volume":29000,"price":1.7,"category":"ubbear"},{"type":"B","date":"2018-03-13T02:47:21.000Z","volume":25000,"price":1.7,"category":"ubbear"},{"type":"B","date":"2018-03-13T02:47:05.000Z","volume":34000,"price":1.7,"category":"ubbear"},{"type":"B","date":"2018-03-13T02:46:51.000Z","volume":37000,"price":1.7,"category":"ubbear"},{"type":"B","date":"2018-03-13T02:46:36.000Z","volume":38000,"price":1.7,"category":"ubbear"},{"type":"B","date":"2018-03-13T02:46:19.000Z","volume":46000,"price":1.7,"category":"ubbear"},{"type":"B","date":"2018-03-13T02:46:02.000Z","volume":26000,"price":1.7,"category":"ubbear"},{"type":"B","date":"2018-03-13T02:45:45.000Z","volume":39000,"price":1.7,"category":"ubbear"},{"type":"B","date":"2018-03-13T02:45:32.000Z","volume":32000,"price":1.7,"category":"ubbear"},{"type":"B","date":"2018-03-13T02:45:14.000Z","volume":33000,"price":1.7,"category":"ubbear"},{"type":"B","date":"2018-03-13T02:42:05.000Z","volume":156000,"price":1.7,"category":"ubbear"},{"type":"B","date":"2018-03-13T02:33:53.000Z","volume":44000,"price":1.7,"category":"ubbear"},{"type":"B","date":"2018-03-13T02:33:46.000Z","volume":50000,"price":1.7,"category":"ubbear"},{"type":"B","date":"2018-03-13T02:33:28.000Z","volume":35000,"price":1.7,"category":"ubbear"},{"type":"B","date":"2018-03-13T02:33:15.000Z","volume":34000,"price":1.7,"category":"ubbear"},{"type":"B","date":"2018-03-13T02:33:02.000Z","volume":42000,"price":1.7,"category":"ubbear"},{"type":"B","date":"2018-03-13T02:32:51.000Z","volume":32000,"price":1.7,"category":"ubbear"},{"type":"B","date":"2018-03-13T02:32:39.000Z","volume":37000,"price":1.7,"category":"ubbear"},{"type":"B","date":"2018-03-13T02:22:51.000Z","volume":26000,"price":1.7,"category":"ubbear"},{"type":"B","date":"2018-03-13T02:22:39.000Z","volume":30000,"price":1.7,"category":"ubbear"},{"type":"B","date":"2018-03-13T02:22:26.000Z","volume":28000,"price":1.7,"category":"ubbear"},{"type":"B","date":"2018-03-13T02:22:10.000Z","volume":45000,"price":1.7,"category":"ubbear"},{"type":"B","date":"2018-03-13T02:21:53.000Z","volume":43000,"price":1.7,"category":"ubbear"},{"type":"B","date":"2018-03-13T02:21:43.000Z","volume":36000,"price":1.7,"category":"ubbear"},{"type":"B","date":"2018-03-13T02:21:30.000Z","volume":31000,"price":1.7,"category":"ubbear"},{"type":"B","date":"2018-03-13T02:19:18.000Z","volume":27000,"price":1.7,"category":"ubbear"},{"type":"B","date":"2018-03-13T02:15:09.000Z","volume":41000,"price":1.7,"category":"ubbear"},{"type":"B","date":"2018-03-13T02:14:58.000Z","volume":38000,"price":1.7,"category":"ubbear"},{"type":"B","date":"2018-03-13T02:14:47.000Z","volume":36000,"price":1.7,"category":"ubbear"},{"type":"B","date":"2018-03-13T02:14:36.000Z","volume":42000,"price":1.7,"category":"ubbear"},{"type":"B","date":"2018-03-13T02:14:04.000Z","volume":25000,"price":1.7,"category":"ubbear"},{"type":"B","date":"2018-03-13T02:13:54.000Z","volume":28000,"price":1.7,"category":"ubbear"},{"type":"B","date":"2018-03-13T02:13:41.000Z","volume":47000,"price":1.7,"category":"ubbear"},{"type":"B","date":"2018-03-13T02:13:30.000Z","volume":44000,"price":1.7,"category":"ubbear"},{"type":"B","date":"2018-03-13T02:13:22.000Z","volume":29000,"price":1.7,"category":"ubbear"},{"type":"B","date":"2018-03-13T02:13:06.000Z","volume":23000,"price":1.7,"category":"ubbear"},{"type":"B","date":"2018-03-13T02:12:57.000Z","volume":33000,"price":1.7,"category":"ubbear"},{"type":"B","date":"2018-03-13T02:12:46.000Z","volume":34000,"price":1.7,"category":"ubbear"},{"type":"B","date":"2018-03-13T02:12:35.000Z","volume":22000,"price":1.7,"category":"ubbear"},{"type":"B","date":"2018-03-13T02:12:21.000Z","volume":27000,"price":1.7,"category":"ubbear"},{"type":"B","date":"2018-03-13T02:12:06.000Z","volume":38000,"price":1.7,"category":"ubbear"},{"type":"B","date":"2018-03-13T02:10:18.000Z","volume":32000,"price":1.7,"category":"ubbear"},{"type":"B","date":"2018-03-13T02:10:09.000Z","volume":35000,"price":1.7,"category":"ubbear"},{"type":"B","date":"2018-03-13T02:09:57.000Z","volume":46000,"price":1.7,"category":"ubbear"},{"type":"B","date":"2018-03-13T02:09:46.000Z","volume":43000,"price":1.7,"category":"ubbear"},{"type":"B","date":"2018-03-13T02:02:00.000Z","volume":673000,"price":1.7,"category":"ubbear"},{"type":"B","date":"2018-03-13T02:02:00.000Z","volume":27000,"price":1.71,"category":"ubbear"},{"type":"B","date":"2018-03-13T01:59:58.000Z","volume":30000,"price":1.71,"category":"ubbear"},{"type":"B","date":"2018-03-13T01:59:58.000Z","volume":156000,"price":1.71,"category":"ubbear"},{"type":"B","date":"2018-03-13T01:56:38.000Z","volume":50000,"price":1.71,"category":"ubbear"},{"type":"B","date":"2018-03-13T01:46:13.000Z","volume":150000,"price":1.71,"category":"ubbear"},{"type":"B","date":"2018-03-13T01:44:26.000Z","volume":42000,"price":1.71,"category":"ubbear"},{"type":"B","date":"2018-03-13T01:44:08.000Z","volume":27000,"price":1.71,"category":"ubbear"},{"type":"B","date":"2018-03-13T01:43:54.000Z","volume":26000,"price":1.71,"category":"ubbear"},{"type":"B","date":"2018-03-13T01:43:42.000Z","volume":34000,"price":1.71,"category":"ubbear"},{"type":"B","date":"2018-03-13T01:40:42.000Z","volume":25000,"price":1.71,"category":"ubbear"},{"type":"B","date":"2018-03-13T01:40:28.000Z","volume":22000,"price":1.71,"category":"ubbear"},{"type":"B","date":"2018-03-13T01:40:18.000Z","volume":37000,"price":1.71,"category":"ubbear"},{"type":"B","date":"2018-03-13T01:40:07.000Z","volume":28000,"price":1.71,"category":"ubbear"},{"type":"B","date":"2018-03-13T01:39:52.000Z","volume":35000,"price":1.71,"category":"ubbear"},{"type":"B","date":"2018-03-13T01:39:41.000Z","volume":23000,"price":1.71,"category":"ubbear"},{"type":"B","date":"2018-03-13T01:39:26.000Z","volume":29000,"price":1.71,"category":"ubbear"},{"type":"B","date":"2018-03-13T01:37:55.000Z","volume":36000,"price":1.71,"category":"ubbear"},{"type":"B","date":"2018-03-13T01:37:39.000Z","volume":41000,"price":1.71,"category":"ubbear"},{"type":"B","date":"2018-03-13T01:37:26.000Z","volume":33000,"price":1.71,"category":"ubbear"},{"type":"B","date":"2018-03-13T01:31:50.000Z","volume":30000,"price":1.71,"category":"ubbear"}]