[{"type":"B","date":"2018-05-04T03:01:50.000Z","volume":200,"label":" ","price":12.42},{"type":"B","date":"2018-05-04T03:01:50.000Z","volume":200,"label":" ","price":12.4},{"type":"B","date":"2018-05-04T03:01:50.000Z","volume":5800,"label":" ","price":12.32},{"type":"B","date":"2018-05-04T03:01:50.000Z","volume":6800,"label":" ","price":12.3},{"type":"B","date":"2018-05-04T03:01:50.000Z","volume":1200,"label":" ","price":12.28},{"type":"B","date":"2018-05-04T03:01:50.000Z","volume":4800,"label":" ","price":12.26},{"type":"A","date":"2018-05-04T03:01:50.000Z","volume":600,"label":" ","price":12.26},{"type":"A","date":"2018-05-04T03:01:51.000Z","volume":400,"label":" ","price":12.26},{"type":"B","date":"2018-05-04T03:03:36.000Z","volume":200,"label":" ","price":12.3},{"type":"A","date":"2018-05-04T03:06:43.000Z","volume":2000,"label":" ","price":12.3},{"type":"U","date":"2018-05-04T03:06:52.000Z","volume":600,"label":" ","price":12.4},{"type":"A","date":"2018-05-04T03:06:52.000Z","volume":200,"label":" ","price":12.38},{"type":"B","date":"2018-05-04T03:22:07.000Z","volume":1400,"label":"Y","price":12.22},{"type":"B","date":"2018-05-04T03:22:07.000Z","volume":2600,"label":" ","price":12.22},{"type":"B","date":"2018-05-04T03:22:18.000Z","volume":600,"label":" ","price":12.32},{"type":"B","date":"2018-05-04T03:22:18.000Z","volume":600,"label":" ","price":12.22},{"type":"B","date":"2018-05-04T03:22:18.000Z","volume":6200,"label":" ","price":12.2},{"type":"B","date":"2018-05-04T03:22:18.000Z","volume":1400,"label":" ","price":12.18},{"type":"B","date":"2018-05-04T03:22:18.000Z","volume":6800,"label":" ","price":12.14},{"type":"B","date":"2018-05-04T03:22:18.000Z","volume":3000,"label":"Y","price":12.1},{"type":"B","date":"2018-05-04T03:22:18.000Z","volume":20400,"label":" ","price":12.1},{"type":"A","date":"2018-05-04T03:22:19.000Z","volume":1000,"label":" ","price":12.1},{"type":"U","date":"2018-05-04T03:22:19.000Z","volume":3400,"label":" ","price":12.32},{"type":"B","date":"2018-05-04T03:22:20.000Z","volume":10800,"label":" ","price":12.32},{"type":"B","date":"2018-05-04T03:25:09.000Z","volume":6200,"label":" ","price":12.02},{"type":"B","date":"2018-05-04T03:25:09.000Z","volume":23800,"label":" ","price":12},{"type":"B","date":"2018-05-04T03:25:46.000Z","volume":5000,"label":" ","price":12},{"type":"B","date":"2018-05-04T03:25:46.000Z","volume":600,"label":" ","price":12},{"type":"B","date":"2018-05-04T03:25:46.000Z","volume":200,"label":" ","price":12},{"type":"B","date":"2018-05-04T03:27:38.000Z","volume":200,"label":" ","price":12.1},{"type":"B","date":"2018-05-04T03:30:07.000Z","volume":200,"label":" ","price":12.14},{"type":"A","date":"2018-05-04T03:30:38.000Z","volume":400,"label":" ","price":12.2},{"type":"A","date":"2018-05-04T03:37:56.000Z","volume":1000,"label":" ","price":12.26},{"type":"A","date":"2018-05-04T03:51:31.000Z","volume":600,"label":" ","price":12.26},{"type":"B","date":"2018-05-04T03:51:58.000Z","volume":200,"label":" ","price":12.22},{"type":"A","date":"2018-05-04T03:59:05.000Z","volume":400,"label":" ","price":12.22},{"type":"B","date":"2018-05-04T05:03:44.000Z","volume":1000,"label":"Y","price":12.2},{"type":"B","date":"2018-05-04T05:03:44.000Z","volume":600,"label":" ","price":12.2},{"type":"A","date":"2018-05-04T05:13:01.000Z","volume":2200,"label":" ","price":12.26},{"type":"A","date":"2018-05-04T06:01:05.000Z","volume":4000,"label":" ","price":12.32},{"type":"B","date":"2018-05-04T07:29:38.000Z","volume":200,"label":" ","price":12.26},{"type":"B","date":"2018-05-04T07:29:38.000Z","volume":4800,"label":" ","price":12.24},{"type":"B","date":"2018-05-04T07:33:16.000Z","volume":600,"label":" ","price":12.22},{"type":"B","date":"2018-05-04T07:33:16.000Z","volume":9400,"label":" ","price":12.2},{"type":"B","date":"2018-05-04T07:34:26.000Z","volume":9600,"label":" ","price":12.2},{"type":"B","date":"2018-05-04T07:34:26.000Z","volume":2400,"label":" ","price":12.18},{"type":"B","date":"2018-05-04T07:34:26.000Z","volume":600,"label":" ","price":12.16},{"type":"A","date":"2018-05-04T07:34:27.000Z","volume":1400,"label":" ","price":12.16},{"type":"B","date":"2018-05-04T07:35:54.000Z","volume":800,"label":" ","price":12.1},{"type":"B","date":"2018-05-04T07:35:54.000Z","volume":1200,"label":" ","price":12.06},{"type":"B","date":"2018-05-04T07:35:54.000Z","volume":3000,"label":" ","price":12},{"type":"A","date":"2018-05-04T07:35:54.000Z","volume":200,"label":" ","price":12.14},{"type":"A","date":"2018-05-04T07:35:54.000Z","volume":200,"label":" ","price":12.14},{"type":"A","date":"2018-05-04T07:35:54.000Z","volume":200,"label":" ","price":12.14},{"type":"A","date":"2018-05-04T07:35:54.000Z","volume":1000,"label":" ","price":12.14},{"type":"A","date":"2018-05-04T07:36:59.000Z","volume":600,"label":" ","price":12.14},{"type":"A","date":"2018-05-04T07:36:59.000Z","volume":6000,"label":" ","price":12.16},{"type":"B","date":"2018-05-04T07:46:54.000Z","volume":200,"label":" ","price":12.06},{"type":"B","date":"2018-05-04T07:54:04.000Z","volume":200,"label":" ","price":12.22},{"type":"B","date":"2018-05-04T07:54:06.000Z","volume":1000,"label":" ","price":12.2},{"type":"A","date":"2018-05-04T07:54:20.000Z","volume":200,"label":" ","price":12.22},{"type":"A","date":"2018-05-04T07:54:20.000Z","volume":2400,"label":" ","price":12.26},{"type":"B","date":"2018-05-04T07:54:20.000Z","volume":1200,"label":" ","price":12.3}]