[{"type":"B","date":"2018-04-03T01:42:10.000Z","volume":8000,"label":" ","price":0.55},{"type":"B","date":"2018-04-03T01:58:40.000Z","volume":240000,"label":" ","price":0.54},{"type":"A","date":"2018-04-03T01:59:48.000Z","volume":8000,"label":" ","price":0.55},{"type":"B","date":"2018-04-03T03:02:28.000Z","volume":64000,"label":"Y","price":0.54},{"type":"B","date":"2018-04-03T03:02:49.000Z","volume":24000,"label":" ","price":0.53},{"type":"B","date":"2018-04-03T03:04:35.000Z","volume":8000,"label":"Y","price":0.53},{"type":"B","date":"2018-04-03T03:04:35.000Z","volume":152000,"label":" ","price":0.53},{"type":"B","date":"2018-04-03T03:04:35.000Z","volume":232000,"label":" ","price":0.52},{"type":"A","date":"2018-04-03T03:10:53.000Z","volume":24000,"label":" ","price":0.53},{"type":"B","date":"2018-04-03T03:13:37.000Z","volume":176000,"label":" ","price":0.53},{"type":"B","date":"2018-04-03T03:13:37.000Z","volume":40000,"label":"Y","price":0.52},{"type":"B","date":"2018-04-03T03:13:37.000Z","volume":224000,"label":" ","price":0.52},{"type":"A","date":"2018-04-03T03:13:38.000Z","volume":8000,"label":" ","price":0.52},{"type":"A","date":"2018-04-03T03:21:51.000Z","volume":8000,"label":" ","price":0.53},{"type":"A","date":"2018-04-03T03:24:21.000Z","volume":8000,"label":" ","price":0.54},{"type":"A","date":"2018-04-03T03:30:26.000Z","volume":88000,"label":" ","price":0.54},{"type":"A","date":"2018-04-03T03:30:29.000Z","volume":24000,"label":" ","price":0.54},{"type":"A","date":"2018-04-03T03:30:29.000Z","volume":16000,"label":" ","price":0.54},{"type":"A","date":"2018-04-03T03:30:29.000Z","volume":24000,"label":" ","price":0.54},{"type":"A","date":"2018-04-03T05:00:02.000Z","volume":32000,"label":" ","price":0.54},{"type":"B","date":"2018-04-03T05:47:35.000Z","volume":32000,"label":" ","price":0.53},{"type":"B","date":"2018-04-03T05:48:00.000Z","volume":8000,"label":" ","price":0.53},{"type":"A","date":"2018-04-03T05:59:57.000Z","volume":8000,"label":" ","price":0.54},{"type":"A","date":"2018-04-03T06:29:54.000Z","volume":56000,"label":" ","price":0.54},{"type":"A","date":"2018-04-03T06:33:10.000Z","volume":40000,"label":" ","price":0.54},{"type":"A","date":"2018-04-03T06:54:28.000Z","volume":160000,"label":" ","price":0.55},{"type":"A","date":"2018-04-03T06:55:29.000Z","volume":16000,"label":" ","price":0.55},{"type":"A","date":"2018-04-03T06:59:40.000Z","volume":8000,"label":" ","price":0.55},{"type":"A","date":"2018-04-03T06:59:54.000Z","volume":8000,"label":" ","price":0.56},{"type":"A","date":"2018-04-03T07:15:55.000Z","volume":16000,"label":" ","price":0.55},{"type":"A","date":"2018-04-03T07:17:55.000Z","volume":8000,"label":" ","price":0.55},{"type":"B","date":"2018-04-03T07:34:05.000Z","volume":96000,"label":" ","price":0.55},{"type":"B","date":"2018-04-03T07:35:11.000Z","volume":200000,"label":" ","price":0.55},{"type":"B","date":"2018-04-03T07:35:44.000Z","volume":72000,"label":" ","price":0.55},{"type":"B","date":"2018-04-03T07:38:27.000Z","volume":8000,"label":" ","price":0.55},{"type":"A","date":"2018-04-03T07:38:27.000Z","volume":32000,"label":" ","price":0.55},{"type":"B","date":"2018-04-03T07:38:52.000Z","volume":120000,"label":" ","price":0.54},{"type":"B","date":"2018-04-03T07:39:39.000Z","volume":88000,"label":" ","price":0.54},{"type":"A","date":"2018-04-03T07:39:55.000Z","volume":8000,"label":" ","price":0.56},{"type":"B","date":"2018-04-03T07:40:02.000Z","volume":56000,"label":" ","price":0.54},{"type":"A","date":"2018-04-03T07:47:30.000Z","volume":8000,"label":" ","price":0.55},{"type":"B","date":"2018-04-03T07:58:58.000Z","volume":136000,"label":" ","price":0.53},{"type":"B","date":"2018-04-03T07:58:58.000Z","volume":56000,"label":" ","price":0.53},{"type":"A","date":"2018-04-03T07:59:00.000Z","volume":112000,"label":" ","price":0.54},{"type":"A","date":"2018-04-03T07:59:02.000Z","volume":8000,"label":" ","price":0.54},{"type":"A","date":"2018-04-03T07:59:02.000Z","volume":8000,"label":" ","price":0.55},{"type":"B","date":"2018-04-03T07:59:33.000Z","volume":8000,"label":" ","price":0.53},{"type":"A","date":"2018-04-03T07:59:36.000Z","volume":8000,"label":" ","price":0.54},{"type":"A","date":"2018-04-03T07:59:36.000Z","volume":8000,"label":" ","price":0.55}]