[{"type":"A","date":"2018-04-20T02:36:20.000Z","volume":30000,"label":" ","price":0.365},{"type":"B","date":"2018-04-20T02:52:25.000Z","volume":42000,"label":" ","price":0.365},{"type":"B","date":"2018-04-20T02:52:25.000Z","volume":12000,"label":" ","price":0.365},{"type":"B","date":"2018-04-20T03:03:56.000Z","volume":6000,"label":" ","price":0.36},{"type":"B","date":"2018-04-20T05:34:34.000Z","volume":12000,"label":" ","price":0.355},{"type":"B","date":"2018-04-20T05:49:18.000Z","volume":42000,"label":" ","price":0.35},{"type":"A","date":"2018-04-20T05:49:22.000Z","volume":6000,"label":" ","price":0.355},{"type":"B","date":"2018-04-20T05:54:33.000Z","volume":72000,"label":" ","price":0.35},{"type":"A","date":"2018-04-20T06:01:33.000Z","volume":60000,"label":" ","price":0.35},{"type":"A","date":"2018-04-20T06:01:33.000Z","volume":48000,"label":" ","price":0.35},{"type":"B","date":"2018-04-20T06:16:57.000Z","volume":12000,"label":" ","price":0.345},{"type":"A","date":"2018-04-20T06:35:37.000Z","volume":42000,"label":" ","price":0.35},{"type":"B","date":"2018-04-20T06:40:15.000Z","volume":24000,"label":" ","price":0.35},{"type":"A","date":"2018-04-20T06:46:13.000Z","volume":24000,"label":" ","price":0.355},{"type":"A","date":"2018-04-20T06:46:13.000Z","volume":48000,"label":" ","price":0.36},{"type":"A","date":"2018-04-20T07:00:22.000Z","volume":12000,"label":" ","price":0.365},{"type":"B","date":"2018-04-20T07:12:19.000Z","volume":72000,"label":" ","price":0.36},{"type":"B","date":"2018-04-20T07:22:52.000Z","volume":30000,"label":" ","price":0.36},{"type":"B","date":"2018-04-20T07:24:07.000Z","volume":72000,"label":" ","price":0.36},{"type":"A","date":"2018-04-20T07:24:30.000Z","volume":60000,"label":" ","price":0.365},{"type":"A","date":"2018-04-20T07:24:37.000Z","volume":30000,"label":" ","price":0.375},{"type":"A","date":"2018-04-20T07:25:38.000Z","volume":60000,"label":" ","price":0.375},{"type":"B","date":"2018-04-20T07:30:44.000Z","volume":30000,"label":" ","price":0.36},{"type":"A","date":"2018-04-20T07:31:32.000Z","volume":72000,"label":" ","price":0.37},{"type":"B","date":"2018-04-20T07:45:51.000Z","volume":96000,"label":" ","price":0.36},{"type":"A","date":"2018-04-20T07:47:19.000Z","volume":6000,"label":" ","price":0.36},{"type":"A","date":"2018-04-20T07:47:35.000Z","volume":36000,"label":" ","price":0.37}]