[{"type":"A","date":"2018-03-19T01:37:44.000Z","volume":28000,"label":" ","price":4.85},{"type":"B","date":"2018-03-19T01:38:58.000Z","volume":1000,"label":" ","price":4.85},{"type":"B","date":"2018-03-19T01:56:36.000Z","volume":30000,"label":" ","price":4.85},{"type":"B","date":"2018-03-19T02:06:07.000Z","volume":68000,"label":" ","price":4.85},{"type":"B","date":"2018-03-19T02:12:53.000Z","volume":73000,"label":" ","price":4.85},{"type":"A","date":"2018-03-19T02:21:42.000Z","volume":40000,"label":" ","price":4.86},{"type":"A","date":"2018-03-19T02:33:47.000Z","volume":50000,"label":" ","price":4.87},{"type":"A","date":"2018-03-19T02:42:41.000Z","volume":54000,"label":" ","price":4.86},{"type":"A","date":"2018-03-19T02:54:52.000Z","volume":70000,"label":" ","price":4.86},{"type":"A","date":"2018-03-19T03:05:56.000Z","volume":63000,"label":" ","price":4.86},{"type":"A","date":"2018-03-19T03:16:45.000Z","volume":45000,"label":" ","price":4.86},{"type":"A","date":"2018-03-19T03:25:23.000Z","volume":82000,"label":" ","price":4.86},{"type":"B","date":"2018-03-19T03:36:31.000Z","volume":53000,"label":" ","price":4.85},{"type":"A","date":"2018-03-19T03:46:20.000Z","volume":67000,"label":" ","price":4.86},{"type":"B","date":"2018-03-19T03:49:29.000Z","volume":1000,"label":" ","price":4.84},{"type":"A","date":"2018-03-19T03:55:48.000Z","volume":65000,"label":" ","price":4.86},{"type":"A","date":"2018-03-19T05:06:55.000Z","volume":41000,"label":" ","price":4.86},{"type":"A","date":"2018-03-19T05:24:04.000Z","volume":84000,"label":" ","price":4.86},{"type":"A","date":"2018-03-19T05:31:26.000Z","volume":2000,"label":" ","price":4.87},{"type":"A","date":"2018-03-19T05:35:33.000Z","volume":56000,"label":" ","price":4.86},{"type":"A","date":"2018-03-19T05:48:09.000Z","volume":67000,"label":" ","price":4.86},{"type":"A","date":"2018-03-19T05:56:46.000Z","volume":50000,"label":" ","price":4.86},{"type":"A","date":"2018-03-19T06:11:41.000Z","volume":77000,"label":" ","price":4.86},{"type":"A","date":"2018-03-19T06:19:15.000Z","volume":80000,"label":" ","price":4.86},{"type":"B","date":"2018-03-19T06:24:20.000Z","volume":29000,"label":" ","price":4.85},{"type":"A","date":"2018-03-19T06:37:52.000Z","volume":61000,"label":" ","price":4.86},{"type":"A","date":"2018-03-19T06:49:51.000Z","volume":93000,"label":" ","price":4.86},{"type":"B","date":"2018-03-19T06:58:03.000Z","volume":56000,"label":" ","price":4.85},{"type":"A","date":"2018-03-19T07:07:05.000Z","volume":31000,"label":" ","price":4.86},{"type":"B","date":"2018-03-19T07:12:59.000Z","volume":1000,"label":" ","price":4.84},{"type":"A","date":"2018-03-19T07:32:02.000Z","volume":1000,"label":" ","price":4.87},{"type":"A","date":"2018-03-19T07:37:00.000Z","volume":6000,"label":" ","price":4.87},{"type":"A","date":"2018-03-19T07:45:55.000Z","volume":8000,"label":" ","price":4.87},{"type":"A","date":"2018-03-19T07:54:55.000Z","volume":11000,"label":" ","price":4.87},{"type":"A","date":"2018-03-19T07:58:55.000Z","volume":2000,"label":" ","price":4.87},{"type":"A","date":"2018-03-19T07:58:55.000Z","volume":3000,"label":" ","price":4.87}]