[{"type":"A","date":"2018-04-09T01:34:13.000Z","volume":10000,"label":" ","price":8.8},{"type":"A","date":"2018-04-09T01:36:21.000Z","volume":14000,"label":" ","price":8.86},{"type":"A","date":"2018-04-09T01:39:40.000Z","volume":12000,"label":" ","price":8.9},{"type":"A","date":"2018-04-09T01:40:10.000Z","volume":24000,"label":" ","price":8.9},{"type":"A","date":"2018-04-09T01:42:32.000Z","volume":10000,"label":" ","price":8.9},{"type":"A","date":"2018-04-09T01:42:38.000Z","volume":6000,"label":" ","price":8.9},{"type":"A","date":"2018-04-09T01:42:52.000Z","volume":16000,"label":" ","price":8.9},{"type":"A","date":"2018-04-09T01:46:13.000Z","volume":8000,"label":" ","price":8.9},{"type":"A","date":"2018-04-09T01:46:42.000Z","volume":16000,"label":" ","price":8.94},{"type":"A","date":"2018-04-09T01:47:45.000Z","volume":10000,"label":" ","price":8.94},{"type":"A","date":"2018-04-09T01:49:29.000Z","volume":10000,"label":" ","price":8.95},{"type":"A","date":"2018-04-09T01:49:49.000Z","volume":10000,"label":" ","price":8.95},{"type":"A","date":"2018-04-09T01:53:32.000Z","volume":20000,"label":" ","price":8.95},{"type":"A","date":"2018-04-09T01:56:16.000Z","volume":4000,"label":" ","price":8.92},{"type":"A","date":"2018-04-09T01:59:48.000Z","volume":10000,"label":" ","price":8.9},{"type":"A","date":"2018-04-09T02:02:06.000Z","volume":20000,"label":" ","price":8.86},{"type":"A","date":"2018-04-09T02:11:28.000Z","volume":16000,"label":" ","price":8.85},{"type":"B","date":"2018-04-09T02:11:51.000Z","volume":2000,"label":" ","price":8.7},{"type":"A","date":"2018-04-09T02:12:47.000Z","volume":10000,"label":" ","price":8.85},{"type":"A","date":"2018-04-09T02:13:48.000Z","volume":12000,"label":" ","price":8.85},{"type":"A","date":"2018-04-09T02:34:25.000Z","volume":24000,"label":" ","price":8.87},{"type":"A","date":"2018-04-09T02:41:55.000Z","volume":16000,"label":" ","price":8.85},{"type":"A","date":"2018-04-09T02:42:10.000Z","volume":10000,"label":" ","price":8.85},{"type":"A","date":"2018-04-09T02:48:35.000Z","volume":16000,"label":" ","price":8.78},{"type":"A","date":"2018-04-09T02:49:07.000Z","volume":8000,"label":" ","price":8.77},{"type":"A","date":"2018-04-09T02:57:15.000Z","volume":20000,"label":" ","price":8.84},{"type":"U","date":"2018-04-09T02:58:11.000Z","volume":2000,"label":" ","price":8.63},{"type":"A","date":"2018-04-09T03:04:50.000Z","volume":4000,"label":" ","price":8.83},{"type":"A","date":"2018-04-09T03:10:32.000Z","volume":10000,"label":" ","price":8.8},{"type":"A","date":"2018-04-09T03:11:33.000Z","volume":14000,"label":" ","price":8.8},{"type":"A","date":"2018-04-09T03:25:56.000Z","volume":20000,"label":" ","price":8.76},{"type":"A","date":"2018-04-09T03:28:03.000Z","volume":12000,"label":" ","price":8.75},{"type":"A","date":"2018-04-09T03:29:38.000Z","volume":14000,"label":" ","price":8.75},{"type":"A","date":"2018-04-09T03:46:13.000Z","volume":10000,"label":" ","price":8.66},{"type":"A","date":"2018-04-09T03:46:43.000Z","volume":10000,"label":" ","price":8.66},{"type":"A","date":"2018-04-09T03:57:26.000Z","volume":20000,"label":" ","price":8.66},{"type":"B","date":"2018-04-09T03:59:15.000Z","volume":8000,"label":" ","price":8.54},{"type":"A","date":"2018-04-09T03:59:49.000Z","volume":10000,"label":" ","price":8.66},{"type":"A","date":"2018-04-09T05:04:03.000Z","volume":20000,"label":" ","price":8.69},{"type":"A","date":"2018-04-09T05:07:59.000Z","volume":4000,"label":" ","price":8.69},{"type":"A","date":"2018-04-09T05:10:30.000Z","volume":20000,"label":" ","price":8.69},{"type":"A","date":"2018-04-09T05:13:12.000Z","volume":12000,"label":" ","price":8.69},{"type":"A","date":"2018-04-09T05:13:58.000Z","volume":14000,"label":" ","price":8.69},{"type":"A","date":"2018-04-09T05:23:41.000Z","volume":24000,"label":" ","price":8.68},{"type":"B","date":"2018-04-09T05:24:23.000Z","volume":2000,"label":" ","price":8.54},{"type":"A","date":"2018-04-09T05:25:52.000Z","volume":16000,"label":" ","price":8.68},{"type":"A","date":"2018-04-09T05:33:01.000Z","volume":18000,"label":" ","price":8.68},{"type":"A","date":"2018-04-09T05:37:45.000Z","volume":14000,"label":" ","price":8.68},{"type":"A","date":"2018-04-09T05:40:22.000Z","volume":6000,"label":" ","price":8.68},{"type":"A","date":"2018-04-09T05:49:59.000Z","volume":20000,"label":" ","price":8.68},{"type":"A","date":"2018-04-09T05:50:48.000Z","volume":16000,"label":" ","price":8.68},{"type":"B","date":"2018-04-09T05:52:09.000Z","volume":2000,"label":" ","price":8.54},{"type":"B","date":"2018-04-09T05:54:11.000Z","volume":2000,"label":" ","price":8.52},{"type":"A","date":"2018-04-09T05:55:07.000Z","volume":6000,"label":" ","price":8.64},{"type":"A","date":"2018-04-09T05:58:51.000Z","volume":14000,"label":" ","price":8.6},{"type":"B","date":"2018-04-09T05:59:07.000Z","volume":4000,"label":" ","price":8.5},{"type":"A","date":"2018-04-09T06:02:46.000Z","volume":20000,"label":" ","price":8.6},{"type":"A","date":"2018-04-09T06:03:50.000Z","volume":2000,"label":" ","price":8.6},{"type":"A","date":"2018-04-09T06:16:20.000Z","volume":10000,"label":" ","price":8.6},{"type":"A","date":"2018-04-09T06:17:13.000Z","volume":10000,"label":" ","price":8.6},{"type":"A","date":"2018-04-09T06:18:12.000Z","volume":2000,"label":" ","price":8.6},{"type":"A","date":"2018-04-09T06:25:25.000Z","volume":20000,"label":" ","price":8.6},{"type":"A","date":"2018-04-09T06:37:04.000Z","volume":16000,"label":" ","price":8.6},{"type":"B","date":"2018-04-09T06:47:39.000Z","volume":2000,"label":" ","price":8.45},{"type":"A","date":"2018-04-09T06:49:31.000Z","volume":4000,"label":" ","price":8.52},{"type":"A","date":"2018-04-09T06:58:41.000Z","volume":16000,"label":" ","price":8.52},{"type":"A","date":"2018-04-09T07:06:28.000Z","volume":2000,"label":" ","price":8.52},{"type":"A","date":"2018-04-09T07:08:18.000Z","volume":4000,"label":" ","price":8.51},{"type":"A","date":"2018-04-09T07:26:38.000Z","volume":20000,"label":" ","price":8.49},{"type":"A","date":"2018-04-09T07:29:53.000Z","volume":14000,"label":" ","price":8.6},{"type":"A","date":"2018-04-09T07:29:53.000Z","volume":2000,"label":" ","price":8.6},{"type":"A","date":"2018-04-09T07:29:53.000Z","volume":2000,"label":" ","price":8.6},{"type":"B","date":"2018-04-09T07:29:57.000Z","volume":6000,"label":" ","price":8.6},{"type":"A","date":"2018-04-09T07:40:26.000Z","volume":10000,"label":" ","price":8.53},{"type":"A","date":"2018-04-09T07:53:12.000Z","volume":10000,"label":" ","price":8.58},{"type":"A","date":"2018-04-09T07:55:13.000Z","volume":24000,"label":" ","price":8.56}]