[{"type":"U","date":"2018-04-25T01:04:59.000Z","volume":20000,"label":"P","price":10.859},{"type":"U","date":"2018-04-25T01:04:59.000Z","volume":20000,"label":"P","price":10.859},{"type":"A","date":"2018-04-25T03:09:45.000Z","volume":13000,"label":" ","price":10.9},{"type":"A","date":"2018-04-25T03:46:16.000Z","volume":7000,"label":" ","price":10.92},{"type":"A","date":"2018-04-25T05:00:04.000Z","volume":1000,"label":" ","price":10.9},{"type":"B","date":"2018-04-25T05:14:14.000Z","volume":1000,"label":" ","price":10.82},{"type":"B","date":"2018-04-25T05:20:21.000Z","volume":3000,"label":" ","price":10.82},{"type":"A","date":"2018-04-25T05:38:22.000Z","volume":6000,"label":" ","price":10.9},{"type":"A","date":"2018-04-25T05:38:34.000Z","volume":4000,"label":" ","price":10.9},{"type":"A","date":"2018-04-25T05:38:42.000Z","volume":2000,"label":" ","price":10.9},{"type":"U","date":"2018-04-25T06:25:03.000Z","volume":2000,"label":"X","price":10.87},{"type":"B","date":"2018-04-25T06:47:05.000Z","volume":5000,"label":" ","price":10.9},{"type":"B","date":"2018-04-25T06:47:25.000Z","volume":5000,"label":" ","price":10.9},{"type":"U","date":"2018-04-25T06:47:25.000Z","volume":2000,"label":"X","price":10.9},{"type":"B","date":"2018-04-25T06:47:32.000Z","volume":10000,"label":" ","price":10.9},{"type":"U","date":"2018-04-25T06:47:34.000Z","volume":6000,"label":"X","price":10.9},{"type":"B","date":"2018-04-25T06:47:40.000Z","volume":10000,"label":" ","price":10.9},{"type":"U","date":"2018-04-25T06:47:55.000Z","volume":6000,"label":"X","price":10.9},{"type":"U","date":"2018-04-25T06:47:55.000Z","volume":4000,"label":"X","price":10.9},{"type":"B","date":"2018-04-25T06:48:33.000Z","volume":14000,"label":" ","price":10.9},{"type":"U","date":"2018-04-25T06:48:55.000Z","volume":2000,"label":"X","price":10.9},{"type":"B","date":"2018-04-25T06:50:39.000Z","volume":10000,"label":" ","price":10.9},{"type":"U","date":"2018-04-25T06:50:55.000Z","volume":5000,"label":"X","price":10.9},{"type":"U","date":"2018-04-25T06:50:55.000Z","volume":5000,"label":"X","price":10.9},{"type":"U","date":"2018-04-25T07:00:36.000Z","volume":5000,"label":" ","price":10.9},{"type":"B","date":"2018-04-25T07:08:36.000Z","volume":10000,"label":" ","price":10.9},{"type":"U","date":"2018-04-25T07:08:56.000Z","volume":5000,"label":"X","price":10.9},{"type":"B","date":"2018-04-25T07:23:31.000Z","volume":10000,"label":" ","price":10.9},{"type":"B","date":"2018-04-25T07:23:56.000Z","volume":10000,"label":" ","price":10.9},{"type":"U","date":"2018-04-25T07:23:56.000Z","volume":3000,"label":"X","price":10.9},{"type":"A","date":"2018-04-25T07:27:53.000Z","volume":1000,"label":" ","price":10.88},{"type":"U","date":"2018-04-25T07:36:53.000Z","volume":9000,"label":" ","price":10.9},{"type":"B","date":"2018-04-25T07:37:12.000Z","volume":10000,"label":" ","price":10.9},{"type":"B","date":"2018-04-25T07:37:20.000Z","volume":6000,"label":" ","price":10.9},{"type":"B","date":"2018-04-25T07:37:27.000Z","volume":6000,"label":" ","price":10.9},{"type":"B","date":"2018-04-25T07:47:14.000Z","volume":5000,"label":" ","price":10.88},{"type":"B","date":"2018-04-25T07:47:41.000Z","volume":7000,"label":" ","price":10.88},{"type":"A","date":"2018-04-25T07:49:43.000Z","volume":3000,"label":" ","price":10.9},{"type":"A","date":"2018-04-25T07:51:34.000Z","volume":11000,"label":" ","price":10.92},{"type":"A","date":"2018-04-25T07:52:25.000Z","volume":3000,"label":" ","price":10.98},{"type":"A","date":"2018-04-25T07:52:32.000Z","volume":3000,"label":" ","price":11},{"type":"U","date":"2018-04-25T07:52:35.000Z","volume":200000,"label":"X","price":10.9},{"type":"A","date":"2018-04-25T07:54:18.000Z","volume":1000,"label":" ","price":11.08},{"type":"A","date":"2018-04-25T07:55:30.000Z","volume":5000,"label":" ","price":11.12},{"type":"A","date":"2018-04-25T07:55:30.000Z","volume":5000,"label":" ","price":11.12},{"type":"A","date":"2018-04-25T07:56:02.000Z","volume":1000,"label":" ","price":11.2},{"type":"A","date":"2018-04-25T07:56:28.000Z","volume":5000,"label":" ","price":11.2},{"type":"A","date":"2018-04-25T07:56:54.000Z","volume":1000,"label":" ","price":11.22},{"type":"A","date":"2018-04-25T07:57:07.000Z","volume":1000,"label":" ","price":11.26},{"type":"A","date":"2018-04-25T07:57:07.000Z","volume":3000,"label":" ","price":11.28},{"type":"A","date":"2018-04-25T07:57:07.000Z","volume":1000,"label":" ","price":11.3},{"type":"A","date":"2018-04-25T07:57:48.000Z","volume":1000,"label":" ","price":11.32},{"type":"B","date":"2018-04-25T07:59:09.000Z","volume":1000,"label":" ","price":11.26},{"type":"B","date":"2018-04-25T07:59:23.000Z","volume":2000,"label":" ","price":11.26}]