[{"type":"B","date":"2018-04-30T01:30:02.000Z","volume":1000,"label":" ","price":2.93},{"type":"A","date":"2018-04-30T01:30:03.000Z","volume":2000,"label":" ","price":2.93},{"type":"B","date":"2018-04-30T01:30:44.000Z","volume":2000,"label":" ","price":2.94},{"type":"A","date":"2018-04-30T01:42:19.000Z","volume":3000,"label":" ","price":2.99},{"type":"A","date":"2018-04-30T01:42:19.000Z","volume":24000,"label":" ","price":3},{"type":"B","date":"2018-04-30T01:57:55.000Z","volume":1000,"label":" ","price":3.05},{"type":"A","date":"2018-04-30T03:34:53.000Z","volume":1000,"label":" ","price":3.02},{"type":"A","date":"2018-04-30T07:34:15.000Z","volume":10000,"label":" ","price":3.02},{"type":"A","date":"2018-04-30T07:36:00.000Z","volume":5000,"label":" ","price":3.02},{"type":"A","date":"2018-04-30T07:37:15.000Z","volume":5000,"label":" ","price":3.02},{"type":"A","date":"2018-04-30T07:37:45.000Z","volume":5000,"label":" ","price":3.02},{"type":"A","date":"2018-04-30T07:38:30.000Z","volume":5000,"label":" ","price":3.02},{"type":"A","date":"2018-04-30T07:39:00.000Z","volume":5000,"label":" ","price":3.02},{"type":"A","date":"2018-04-30T07:39:45.000Z","volume":5000,"label":" ","price":3.02},{"type":"A","date":"2018-04-30T07:40:15.000Z","volume":6000,"label":" ","price":3.02},{"type":"A","date":"2018-04-30T07:40:30.000Z","volume":5000,"label":" ","price":3.02},{"type":"A","date":"2018-04-30T07:41:00.000Z","volume":4000,"label":" ","price":3.02},{"type":"A","date":"2018-04-30T07:41:00.000Z","volume":1000,"label":" ","price":3.02},{"type":"A","date":"2018-04-30T07:41:15.000Z","volume":6000,"label":" ","price":3.05},{"type":"A","date":"2018-04-30T07:41:45.000Z","volume":4000,"label":" ","price":3.05},{"type":"A","date":"2018-04-30T07:42:00.000Z","volume":5000,"label":" ","price":3.06},{"type":"A","date":"2018-04-30T07:42:00.000Z","volume":4000,"label":" ","price":3.07},{"type":"A","date":"2018-04-30T07:42:15.000Z","volume":8000,"label":" ","price":3.07},{"type":"B","date":"2018-04-30T07:42:25.000Z","volume":6000,"label":" ","price":3.06},{"type":"B","date":"2018-04-30T07:42:25.000Z","volume":1000,"label":" ","price":3.05},{"type":"A","date":"2018-04-30T07:43:15.000Z","volume":8000,"label":" ","price":3.07},{"type":"A","date":"2018-04-30T07:43:30.000Z","volume":5000,"label":" ","price":3.07},{"type":"A","date":"2018-04-30T07:43:45.000Z","volume":5000,"label":" ","price":3.07},{"type":"A","date":"2018-04-30T07:44:00.000Z","volume":5000,"label":" ","price":3.1},{"type":"A","date":"2018-04-30T07:44:15.000Z","volume":5000,"label":" ","price":3.1},{"type":"A","date":"2018-04-30T07:44:30.000Z","volume":5000,"label":" ","price":3.1},{"type":"A","date":"2018-04-30T07:44:45.000Z","volume":5000,"label":" ","price":3.1},{"type":"A","date":"2018-04-30T07:45:00.000Z","volume":4000,"label":" ","price":3.1},{"type":"A","date":"2018-04-30T07:45:15.000Z","volume":5000,"label":" ","price":3.1},{"type":"A","date":"2018-04-30T07:45:30.000Z","volume":4000,"label":" ","price":3.1},{"type":"B","date":"2018-04-30T07:46:36.000Z","volume":3000,"label":" ","price":3.1},{"type":"B","date":"2018-04-30T07:46:36.000Z","volume":3000,"label":" ","price":3.09},{"type":"B","date":"2018-04-30T07:46:36.000Z","volume":4000,"label":" ","price":3.08},{"type":"B","date":"2018-04-30T07:46:49.000Z","volume":4000,"label":" ","price":3.1},{"type":"B","date":"2018-04-30T07:46:49.000Z","volume":6000,"label":" ","price":3.09},{"type":"B","date":"2018-04-30T07:47:09.000Z","volume":2000,"label":" ","price":3.1},{"type":"B","date":"2018-04-30T07:47:09.000Z","volume":2000,"label":" ","price":3.1},{"type":"B","date":"2018-04-30T07:47:09.000Z","volume":6000,"label":" ","price":3.1},{"type":"B","date":"2018-04-30T07:47:09.000Z","volume":3000,"label":" ","price":3.1},{"type":"B","date":"2018-04-30T07:47:44.000Z","volume":2000,"label":" ","price":3.1},{"type":"B","date":"2018-04-30T07:47:44.000Z","volume":4000,"label":" ","price":3.1},{"type":"A","date":"2018-04-30T07:47:44.000Z","volume":1000,"label":" ","price":3.1},{"type":"A","date":"2018-04-30T07:47:44.000Z","volume":5000,"label":" ","price":3.1},{"type":"A","date":"2018-04-30T07:48:00.000Z","volume":8000,"label":" ","price":3.1},{"type":"B","date":"2018-04-30T07:48:16.000Z","volume":6000,"label":" ","price":3.1},{"type":"A","date":"2018-04-30T07:48:45.000Z","volume":11000,"label":" ","price":3.1},{"type":"B","date":"2018-04-30T07:49:02.000Z","volume":4000,"label":" ","price":3.09},{"type":"B","date":"2018-04-30T07:49:02.000Z","volume":2000,"label":" ","price":3.08},{"type":"A","date":"2018-04-30T07:49:30.000Z","volume":10000,"label":" ","price":3.1},{"type":"B","date":"2018-04-30T07:49:49.000Z","volume":4000,"label":" ","price":3.1},{"type":"U","date":"2018-04-30T08:08:06.000Z","volume":269000,"label":"U","price":3.1}]