[{"type":"A","date":"2018-03-13T06:55:38.000Z","volume":12000,"price":5.28,"category":"ubbull"},{"type":"A","date":"2018-03-13T06:06:59.000Z","volume":10000,"price":5.29,"category":"ubbull"},{"type":"A","date":"2018-03-13T06:33:47.000Z","volume":6000,"price":5.28,"category":"bbull"},{"type":"A","date":"2018-03-13T05:17:19.000Z","volume":8000,"price":5.3,"category":"bbull"},{"type":"A","date":"2018-03-13T07:59:22.000Z","volume":1000,"price":5.3,"category":"rbull"},{"type":"A","date":"2018-03-13T07:57:20.000Z","volume":1000,"price":5.3,"category":"rbull"},{"type":"A","date":"2018-03-13T07:56:47.000Z","volume":1000,"price":5.3,"category":"rbull"},{"type":"A","date":"2018-03-13T07:56:46.000Z","volume":1000,"price":5.3,"category":"rbull"},{"type":"A","date":"2018-03-13T07:51:32.000Z","volume":1000,"price":5.3,"category":"rbull"},{"type":"A","date":"2018-03-13T07:19:28.000Z","volume":1000,"price":5.3,"category":"rbull"},{"type":"A","date":"2018-03-13T07:19:28.000Z","volume":1000,"price":5.3,"category":"rbull"},{"type":"A","date":"2018-03-13T07:19:19.000Z","volume":1000,"price":5.3,"category":"rbull"},{"type":"A","date":"2018-03-13T07:16:37.000Z","volume":1000,"price":5.3,"category":"rbull"},{"type":"A","date":"2018-03-13T07:07:34.000Z","volume":1000,"price":5.29,"category":"rbull"},{"type":"A","date":"2018-03-13T06:55:40.000Z","volume":1000,"price":5.3,"category":"rbull"},{"type":"A","date":"2018-03-13T06:55:38.000Z","volume":1000,"price":5.28,"category":"rbull"},{"type":"A","date":"2018-03-13T06:49:52.000Z","volume":1000,"price":5.28,"category":"rbull"},{"type":"A","date":"2018-03-13T06:41:47.000Z","volume":1000,"price":5.3,"category":"rbull"},{"type":"A","date":"2018-03-13T06:33:47.000Z","volume":1000,"price":5.28,"category":"rbull"},{"type":"A","date":"2018-03-13T06:32:42.000Z","volume":1000,"price":5.28,"category":"rbull"},{"type":"A","date":"2018-03-13T06:31:24.000Z","volume":1000,"price":5.28,"category":"rbull"},{"type":"A","date":"2018-03-13T06:27:27.000Z","volume":1000,"price":5.28,"category":"rbull"},{"type":"A","date":"2018-03-13T05:57:09.000Z","volume":1000,"price":5.3,"category":"rbull"},{"type":"A","date":"2018-03-13T05:57:02.000Z","volume":1000,"price":5.29,"category":"rbull"},{"type":"A","date":"2018-03-13T05:56:51.000Z","volume":1000,"price":5.29,"category":"rbull"},{"type":"A","date":"2018-03-13T05:50:14.000Z","volume":1000,"price":5.3,"category":"rbull"},{"type":"A","date":"2018-03-13T05:38:06.000Z","volume":1000,"price":5.3,"category":"rbull"},{"type":"A","date":"2018-03-13T05:34:34.000Z","volume":1000,"price":5.3,"category":"rbull"},{"type":"A","date":"2018-03-13T05:23:14.000Z","volume":1000,"price":5.3,"category":"rbull"},{"type":"A","date":"2018-03-13T05:23:13.000Z","volume":1000,"price":5.3,"category":"rbull"},{"type":"A","date":"2018-03-13T05:17:31.000Z","volume":1000,"price":5.3,"category":"rbull"},{"type":"A","date":"2018-03-13T05:17:19.000Z","volume":1000,"price":5.3,"category":"rbull"},{"type":"A","date":"2018-03-13T05:00:08.000Z","volume":1000,"price":5.3,"category":"rbull"},{"type":"A","date":"2018-03-13T03:33:51.000Z","volume":1000,"price":5.3,"category":"rbull"},{"type":"A","date":"2018-03-13T03:02:18.000Z","volume":1000,"price":5.32,"category":"rbull"},{"type":"A","date":"2018-03-13T02:32:09.000Z","volume":1000,"price":5.33,"category":"rbull"},{"type":"A","date":"2018-03-13T02:31:46.000Z","volume":1000,"price":5.33,"category":"rbull"},{"type":"A","date":"2018-03-13T02:31:45.000Z","volume":1000,"price":5.32,"category":"rbull"},{"type":"A","date":"2018-03-13T02:26:09.000Z","volume":1000,"price":5.32,"category":"rbull"},{"type":"B","date":"2018-03-13T07:59:44.000Z","volume":1000,"price":5.28,"category":"rbear"},{"type":"B","date":"2018-03-13T07:59:11.000Z","volume":1000,"price":5.28,"category":"rbear"},{"type":"B","date":"2018-03-13T07:59:08.000Z","volume":1000,"price":5.29,"category":"rbear"},{"type":"B","date":"2018-03-13T07:51:32.000Z","volume":1000,"price":5.29,"category":"rbear"},{"type":"B","date":"2018-03-13T07:45:36.000Z","volume":1000,"price":5.28,"category":"rbear"},{"type":"B","date":"2018-03-13T06:27:26.000Z","volume":1000,"price":5.28,"category":"rbear"},{"type":"B","date":"2018-03-13T05:57:07.000Z","volume":1000,"price":5.29,"category":"rbear"},{"type":"B","date":"2018-03-13T05:36:34.000Z","volume":1000,"price":5.28,"category":"rbear"},{"type":"B","date":"2018-03-13T05:35:45.000Z","volume":1000,"price":5.27,"category":"rbear"},{"type":"B","date":"2018-03-13T05:35:21.000Z","volume":1000,"price":5.27,"category":"rbear"},{"type":"B","date":"2018-03-13T05:34:56.000Z","volume":1000,"price":5.27,"category":"rbear"},{"type":"B","date":"2018-03-13T05:33:34.000Z","volume":1000,"price":5.27,"category":"rbear"},{"type":"B","date":"2018-03-13T02:52:18.000Z","volume":1000,"price":5.27,"category":"rbear"},{"type":"B","date":"2018-03-13T02:21:32.000Z","volume":1000,"price":5.27,"category":"rbear"},{"type":"B","date":"2018-03-13T02:13:19.000Z","volume":1000,"price":5.27,"category":"rbear"},{"type":"B","date":"2018-03-13T05:36:15.000Z","volume":6000,"price":5.27,"category":"bbear"},{"type":"B","date":"2018-03-13T07:56:46.000Z","volume":16000,"price":5.28,"category":"ubbear"},{"type":"B","date":"2018-03-13T05:34:33.000Z","volume":10000,"price":5.27,"category":"ubbear"}]