[{"type":"B","date":"2018-04-26T01:30:33.000Z","volume":16000,"label":" ","price":0.49},{"type":"B","date":"2018-04-26T01:30:48.000Z","volume":16000,"label":" ","price":0.49},{"type":"B","date":"2018-04-26T01:35:54.000Z","volume":16000,"label":" ","price":0.49},{"type":"B","date":"2018-04-26T01:44:38.000Z","volume":8000,"label":" ","price":0.49},{"type":"B","date":"2018-04-26T01:53:42.000Z","volume":4000,"label":" ","price":0.49},{"type":"B","date":"2018-04-26T02:00:54.000Z","volume":76000,"label":" ","price":0.49},{"type":"B","date":"2018-04-26T02:03:37.000Z","volume":80000,"label":" ","price":0.49},{"type":"B","date":"2018-04-26T02:03:37.000Z","volume":84000,"label":" ","price":0.49},{"type":"B","date":"2018-04-26T02:05:31.000Z","volume":200000,"label":" ","price":0.485},{"type":"A","date":"2018-04-26T02:06:28.000Z","volume":44000,"label":" ","price":0.485},{"type":"B","date":"2018-04-26T02:06:57.000Z","volume":56000,"label":" ","price":0.485},{"type":"U","date":"2018-04-26T02:07:55.000Z","volume":4000,"label":" ","price":0.485},{"type":"B","date":"2018-04-26T02:08:01.000Z","volume":4000,"label":" ","price":0.485},{"type":"B","date":"2018-04-26T02:08:01.000Z","volume":92000,"label":" ","price":0.485},{"type":"U","date":"2018-04-26T02:09:37.000Z","volume":4000,"label":" ","price":0.485},{"type":"B","date":"2018-04-26T02:10:08.000Z","volume":60000,"label":" ","price":0.485},{"type":"B","date":"2018-04-26T02:10:08.000Z","volume":36000,"label":" ","price":0.485},{"type":"B","date":"2018-04-26T02:12:57.000Z","volume":20000,"label":" ","price":0.48},{"type":"B","date":"2018-04-26T02:31:03.000Z","volume":104000,"label":" ","price":0.485},{"type":"A","date":"2018-04-26T02:39:51.000Z","volume":96000,"label":" ","price":0.485},{"type":"B","date":"2018-04-26T02:40:14.000Z","volume":20000,"label":" ","price":0.485},{"type":"B","date":"2018-04-26T02:40:14.000Z","volume":28000,"label":" ","price":0.485},{"type":"A","date":"2018-04-26T02:45:23.000Z","volume":40000,"label":" ","price":0.49},{"type":"B","date":"2018-04-26T02:45:30.000Z","volume":32000,"label":" ","price":0.49},{"type":"B","date":"2018-04-26T02:45:30.000Z","volume":28000,"label":" ","price":0.49},{"type":"B","date":"2018-04-26T02:46:06.000Z","volume":20000,"label":" ","price":0.485},{"type":"B","date":"2018-04-26T02:47:52.000Z","volume":100000,"label":" ","price":0.49},{"type":"B","date":"2018-04-26T02:47:52.000Z","volume":60000,"label":" ","price":0.49},{"type":"A","date":"2018-04-26T02:48:21.000Z","volume":24000,"label":" ","price":0.495},{"type":"A","date":"2018-04-26T02:48:21.000Z","volume":4000,"label":" ","price":0.5},{"type":"B","date":"2018-04-26T02:48:48.000Z","volume":8000,"label":" ","price":0.49},{"type":"B","date":"2018-04-26T02:56:31.000Z","volume":40000,"label":" ","price":0.49},{"type":"B","date":"2018-04-26T02:56:31.000Z","volume":44000,"label":" ","price":0.49},{"type":"B","date":"2018-04-26T02:57:07.000Z","volume":40000,"label":" ","price":0.49},{"type":"A","date":"2018-04-26T03:00:12.000Z","volume":20000,"label":" ","price":0.495},{"type":"A","date":"2018-04-26T03:01:39.000Z","volume":84000,"label":" ","price":0.495},{"type":"B","date":"2018-04-26T03:01:45.000Z","volume":100000,"label":" ","price":0.495},{"type":"B","date":"2018-04-26T03:01:45.000Z","volume":16000,"label":" ","price":0.495},{"type":"B","date":"2018-04-26T03:05:03.000Z","volume":16000,"label":" ","price":0.49},{"type":"A","date":"2018-04-26T03:05:23.000Z","volume":40000,"label":" ","price":0.495},{"type":"B","date":"2018-04-26T03:05:27.000Z","volume":60000,"label":" ","price":0.495},{"type":"A","date":"2018-04-26T03:08:17.000Z","volume":60000,"label":" ","price":0.495},{"type":"A","date":"2018-04-26T03:08:17.000Z","volume":40000,"label":" ","price":0.495},{"type":"U","date":"2018-04-26T03:08:18.000Z","volume":16000,"label":" ","price":0.495},{"type":"A","date":"2018-04-26T03:10:16.000Z","volume":200000,"label":" ","price":0.5},{"type":"A","date":"2018-04-26T03:10:16.000Z","volume":60000,"label":" ","price":0.5},{"type":"A","date":"2018-04-26T03:10:20.000Z","volume":696000,"label":" ","price":0.5},{"type":"A","date":"2018-04-26T03:10:24.000Z","volume":4000,"label":" ","price":0.51},{"type":"A","date":"2018-04-26T03:10:29.000Z","volume":4000,"label":" ","price":0.51},{"type":"B","date":"2018-04-26T03:10:30.000Z","volume":24000,"label":" ","price":0.5},{"type":"A","date":"2018-04-26T03:10:30.000Z","volume":8000,"label":" ","price":0.51},{"type":"B","date":"2018-04-26T03:10:39.000Z","volume":200000,"label":" ","price":0.5},{"type":"B","date":"2018-04-26T03:11:09.000Z","volume":160000,"label":" ","price":0.5},{"type":"A","date":"2018-04-26T03:12:31.000Z","volume":80000,"label":" ","price":0.5},{"type":"B","date":"2018-04-26T03:13:38.000Z","volume":20000,"label":" ","price":0.495},{"type":"B","date":"2018-04-26T03:15:49.000Z","volume":40000,"label":" ","price":0.495},{"type":"B","date":"2018-04-26T03:15:50.000Z","volume":60000,"label":" ","price":0.495},{"type":"B","date":"2018-04-26T03:17:38.000Z","volume":40000,"label":" ","price":0.495},{"type":"B","date":"2018-04-26T03:18:34.000Z","volume":60000,"label":" ","price":0.495},{"type":"B","date":"2018-04-26T03:18:34.000Z","volume":80000,"label":" ","price":0.495},{"type":"B","date":"2018-04-26T03:18:44.000Z","volume":60000,"label":" ","price":0.495},{"type":"B","date":"2018-04-26T03:18:54.000Z","volume":68000,"label":" ","price":0.495},{"type":"B","date":"2018-04-26T03:19:12.000Z","volume":12000,"label":" ","price":0.49},{"type":"A","date":"2018-04-26T03:19:32.000Z","volume":4000,"label":" ","price":0.495},{"type":"A","date":"2018-04-26T03:21:24.000Z","volume":32000,"label":" ","price":0.495},{"type":"A","date":"2018-04-26T03:21:24.000Z","volume":8000,"label":" ","price":0.5},{"type":"B","date":"2018-04-26T03:21:25.000Z","volume":8000,"label":" ","price":0.49},{"type":"A","date":"2018-04-26T03:23:09.000Z","volume":40000,"label":" ","price":0.495},{"type":"A","date":"2018-04-26T03:23:09.000Z","volume":56000,"label":" ","price":0.5},{"type":"A","date":"2018-04-26T03:23:16.000Z","volume":40000,"label":" ","price":0.495},{"type":"B","date":"2018-04-26T03:23:20.000Z","volume":20000,"label":" ","price":0.495},{"type":"B","date":"2018-04-26T03:23:39.000Z","volume":8000,"label":" ","price":0.49},{"type":"A","date":"2018-04-26T03:25:20.000Z","volume":20000,"label":" ","price":0.495},{"type":"B","date":"2018-04-26T03:25:49.000Z","volume":4000,"label":" ","price":0.49},{"type":"A","date":"2018-04-26T03:25:56.000Z","volume":40000,"label":" ","price":0.495},{"type":"B","date":"2018-04-26T03:28:22.000Z","volume":20000,"label":" ","price":0.49},{"type":"A","date":"2018-04-26T03:30:45.000Z","volume":44000,"label":" ","price":0.495},{"type":"B","date":"2018-04-26T03:31:18.000Z","volume":20000,"label":" ","price":0.49},{"type":"A","date":"2018-04-26T03:33:00.000Z","volume":24000,"label":" ","price":0.495},{"type":"A","date":"2018-04-26T03:33:18.000Z","volume":4000,"label":" ","price":0.5},{"type":"A","date":"2018-04-26T03:37:38.000Z","volume":20000,"label":" ","price":0.5},{"type":"A","date":"2018-04-26T03:39:24.000Z","volume":200000,"label":" ","price":0.5},{"type":"B","date":"2018-04-26T03:44:16.000Z","volume":4000,"label":" ","price":0.495},{"type":"B","date":"2018-04-26T03:48:27.000Z","volume":88000,"label":" ","price":0.495},{"type":"B","date":"2018-04-26T03:52:09.000Z","volume":20000,"label":" ","price":0.495},{"type":"B","date":"2018-04-26T03:55:01.000Z","volume":40000,"label":" ","price":0.495},{"type":"A","date":"2018-04-26T03:55:40.000Z","volume":200000,"label":" ","price":0.5},{"type":"B","date":"2018-04-26T03:55:53.000Z","volume":4000,"label":" ","price":0.495},{"type":"B","date":"2018-04-26T03:55:59.000Z","volume":8000,"label":" ","price":0.495},{"type":"B","date":"2018-04-26T03:56:49.000Z","volume":40000,"label":" ","price":0.495},{"type":"B","date":"2018-04-26T03:58:18.000Z","volume":8000,"label":" ","price":0.495},{"type":"B","date":"2018-04-26T03:58:47.000Z","volume":12000,"label":" ","price":0.495},{"type":"A","date":"2018-04-26T05:00:21.000Z","volume":8000,"label":" ","price":0.5},{"type":"B","date":"2018-04-26T05:01:48.000Z","volume":16000,"label":" ","price":0.495},{"type":"A","date":"2018-04-26T05:07:44.000Z","volume":300000,"label":" ","price":0.5},{"type":"A","date":"2018-04-26T05:08:28.000Z","volume":160000,"label":" ","price":0.5},{"type":"B","date":"2018-04-26T05:08:48.000Z","volume":8000,"label":" ","price":0.495},{"type":"B","date":"2018-04-26T05:08:49.000Z","volume":8000,"label":" ","price":0.495},{"type":"A","date":"2018-04-26T05:09:24.000Z","volume":40000,"label":" ","price":0.5},{"type":"A","date":"2018-04-26T05:09:26.000Z","volume":160000,"label":" ","price":0.5},{"type":"A","date":"2018-04-26T05:09:26.000Z","volume":112000,"label":" ","price":0.5},{"type":"B","date":"2018-04-26T05:11:36.000Z","volume":20000,"label":" ","price":0.495},{"type":"A","date":"2018-04-26T05:13:24.000Z","volume":100000,"label":" ","price":0.5},{"type":"B","date":"2018-04-26T05:13:42.000Z","volume":4000,"label":" ","price":0.495},{"type":"A","date":"2018-04-26T05:16:35.000Z","volume":100000,"label":" ","price":0.5},{"type":"A","date":"2018-04-26T05:18:47.000Z","volume":80000,"label":" ","price":0.5},{"type":"B","date":"2018-04-26T05:19:51.000Z","volume":8000,"label":" ","price":0.495},{"type":"A","date":"2018-04-26T05:21:48.000Z","volume":20000,"label":" ","price":0.5},{"type":"A","date":"2018-04-26T05:22:12.000Z","volume":460000,"label":" ","price":0.51},{"type":"A","date":"2018-04-26T05:22:15.000Z","volume":40000,"label":" ","price":0.51},{"type":"A","date":"2018-04-26T05:23:36.000Z","volume":80000,"label":" ","price":0.51},{"type":"B","date":"2018-04-26T05:23:44.000Z","volume":8000,"label":" ","price":0.5},{"type":"B","date":"2018-04-26T05:23:45.000Z","volume":8000,"label":" ","price":0.5},{"type":"A","date":"2018-04-26T05:23:46.000Z","volume":48000,"label":" ","price":0.51},{"type":"A","date":"2018-04-26T05:23:55.000Z","volume":80000,"label":" ","price":0.51},{"type":"A","date":"2018-04-26T05:25:33.000Z","volume":120000,"label":" ","price":0.51},{"type":"A","date":"2018-04-26T05:25:54.000Z","volume":40000,"label":" ","price":0.51},{"type":"A","date":"2018-04-26T05:25:58.000Z","volume":40000,"label":" ","price":0.51},{"type":"A","date":"2018-04-26T05:29:05.000Z","volume":32000,"label":" ","price":0.51},{"type":"A","date":"2018-04-26T05:29:35.000Z","volume":80000,"label":" ","price":0.51},{"type":"B","date":"2018-04-26T05:31:06.000Z","volume":4000,"label":" ","price":0.5},{"type":"B","date":"2018-04-26T05:32:34.000Z","volume":4000,"label":" ","price":0.5},{"type":"A","date":"2018-04-26T05:35:59.000Z","volume":100000,"label":" ","price":0.51},{"type":"A","date":"2018-04-26T05:36:37.000Z","volume":40000,"label":" ","price":0.51},{"type":"B","date":"2018-04-26T05:37:13.000Z","volume":8000,"label":" ","price":0.5},{"type":"A","date":"2018-04-26T05:39:58.000Z","volume":156000,"label":" ","price":0.51},{"type":"B","date":"2018-04-26T05:40:01.000Z","volume":24000,"label":" ","price":0.51},{"type":"B","date":"2018-04-26T05:40:39.000Z","volume":20000,"label":" ","price":0.5},{"type":"A","date":"2018-04-26T05:41:10.000Z","volume":8000,"label":" ","price":0.52},{"type":"B","date":"2018-04-26T05:42:17.000Z","volume":4000,"label":" ","price":0.5},{"type":"A","date":"2018-04-26T05:46:15.000Z","volume":28000,"label":" ","price":0.51},{"type":"B","date":"2018-04-26T05:46:19.000Z","volume":4000,"label":" ","price":0.5},{"type":"B","date":"2018-04-26T05:47:26.000Z","volume":4000,"label":" ","price":0.5},{"type":"B","date":"2018-04-26T05:49:36.000Z","volume":8000,"label":" ","price":0.5},{"type":"B","date":"2018-04-26T05:51:16.000Z","volume":20000,"label":" ","price":0.5},{"type":"B","date":"2018-04-26T05:55:32.000Z","volume":8000,"label":" ","price":0.5},{"type":"B","date":"2018-04-26T05:55:33.000Z","volume":8000,"label":" ","price":0.5},{"type":"B","date":"2018-04-26T05:59:31.000Z","volume":4000,"label":" ","price":0.5},{"type":"B","date":"2018-04-26T06:01:54.000Z","volume":20000,"label":" ","price":0.5},{"type":"A","date":"2018-04-26T06:04:18.000Z","volume":40000,"label":" ","price":0.51},{"type":"B","date":"2018-04-26T06:04:23.000Z","volume":4000,"label":" ","price":0.5},{"type":"B","date":"2018-04-26T06:04:24.000Z","volume":4000,"label":" ","price":0.5},{"type":"B","date":"2018-04-26T06:08:14.000Z","volume":4000,"label":" ","price":0.5},{"type":"B","date":"2018-04-26T06:12:23.000Z","volume":20000,"label":" ","price":0.5},{"type":"A","date":"2018-04-26T06:15:59.000Z","volume":8000,"label":" ","price":0.51},{"type":"B","date":"2018-04-26T06:18:17.000Z","volume":4000,"label":" ","price":0.5},{"type":"B","date":"2018-04-26T06:21:48.000Z","volume":60000,"label":" ","price":0.5},{"type":"B","date":"2018-04-26T06:22:16.000Z","volume":100000,"label":" ","price":0.5},{"type":"B","date":"2018-04-26T06:23:07.000Z","volume":40000,"label":" ","price":0.5},{"type":"B","date":"2018-04-26T06:23:11.000Z","volume":76000,"label":" ","price":0.5},{"type":"A","date":"2018-04-26T06:36:27.000Z","volume":52000,"label":" ","price":0.5},{"type":"B","date":"2018-04-26T06:39:12.000Z","volume":20000,"label":" ","price":0.495},{"type":"B","date":"2018-04-26T06:44:24.000Z","volume":12000,"label":" ","price":0.495},{"type":"B","date":"2018-04-26T06:48:29.000Z","volume":4000,"label":" ","price":0.495},{"type":"A","date":"2018-04-26T07:04:31.000Z","volume":200000,"label":" ","price":0.5},{"type":"B","date":"2018-04-26T07:05:12.000Z","volume":4000,"label":" ","price":0.495},{"type":"B","date":"2018-04-26T07:12:45.000Z","volume":300000,"label":" ","price":0.495},{"type":"A","date":"2018-04-26T07:25:32.000Z","volume":20000,"label":"Y","price":0.5},{"type":"A","date":"2018-04-26T07:25:48.000Z","volume":204000,"label":" ","price":0.5},{"type":"B","date":"2018-04-26T07:25:53.000Z","volume":16000,"label":" ","price":0.5},{"type":"B","date":"2018-04-26T07:33:29.000Z","volume":4000,"label":" ","price":0.5},{"type":"A","date":"2018-04-26T07:35:24.000Z","volume":20000,"label":" ","price":0.51},{"type":"B","date":"2018-04-26T07:36:35.000Z","volume":100000,"label":" ","price":0.5},{"type":"A","date":"2018-04-26T07:38:10.000Z","volume":180000,"label":" ","price":0.51},{"type":"A","date":"2018-04-26T07:41:18.000Z","volume":152000,"label":" ","price":0.51},{"type":"A","date":"2018-04-26T07:41:22.000Z","volume":100000,"label":" ","price":0.51},{"type":"A","date":"2018-04-26T07:41:58.000Z","volume":4000,"label":" ","price":0.51},{"type":"A","date":"2018-04-26T07:48:03.000Z","volume":20000,"label":" ","price":0.51},{"type":"B","date":"2018-04-26T07:48:54.000Z","volume":4000,"label":" ","price":0.5},{"type":"A","date":"2018-04-26T07:48:59.000Z","volume":300000,"label":" ","price":0.51},{"type":"A","date":"2018-04-26T07:50:17.000Z","volume":32000,"label":" ","price":0.51},{"type":"A","date":"2018-04-26T07:52:58.000Z","volume":36000,"label":"Y","price":0.51},{"type":"A","date":"2018-04-26T07:52:58.000Z","volume":4000,"label":" ","price":0.51},{"type":"B","date":"2018-04-26T07:53:14.000Z","volume":4000,"label":" ","price":0.5},{"type":"A","date":"2018-04-26T07:57:33.000Z","volume":80000,"label":" ","price":0.51},{"type":"A","date":"2018-04-26T07:57:53.000Z","volume":200000,"label":" ","price":0.51},{"type":"A","date":"2018-04-26T07:58:05.000Z","volume":204000,"label":" ","price":0.51},{"type":"B","date":"2018-04-26T07:58:28.000Z","volume":96000,"label":" ","price":0.51},{"type":"B","date":"2018-04-26T07:58:28.000Z","volume":4000,"label":" ","price":0.5},{"type":"A","date":"2018-04-26T07:58:46.000Z","volume":20000,"label":" ","price":0.52},{"type":"B","date":"2018-04-26T07:58:52.000Z","volume":4000,"label":" ","price":0.5},{"type":"A","date":"2018-04-26T07:59:01.000Z","volume":20000,"label":" ","price":0.52},{"type":"B","date":"2018-04-26T07:59:07.000Z","volume":4000,"label":" ","price":0.5},{"type":"B","date":"2018-04-26T07:59:08.000Z","volume":4000,"label":" ","price":0.5},{"type":"A","date":"2018-04-26T07:59:19.000Z","volume":4000,"label":" ","price":0.52},{"type":"B","date":"2018-04-26T07:59:22.000Z","volume":4000,"label":" ","price":0.5},{"type":"B","date":"2018-04-26T07:59:23.000Z","volume":4000,"label":" ","price":0.5},{"type":"A","date":"2018-04-26T07:59:30.000Z","volume":4000,"label":" ","price":0.52},{"type":"B","date":"2018-04-26T07:59:38.000Z","volume":4000,"label":" ","price":0.5},{"type":"B","date":"2018-04-26T07:59:38.000Z","volume":4000,"label":" ","price":0.5},{"type":"B","date":"2018-04-26T07:59:39.000Z","volume":4000,"label":" ","price":0.5},{"type":"A","date":"2018-04-26T07:59:45.000Z","volume":4000,"label":" ","price":0.52}]