[{"type":"A","date":"2018-04-26T01:37:38.000Z","volume":16000,"label":" ","price":4.35},{"type":"A","date":"2018-04-26T01:37:45.000Z","volume":20000,"label":" ","price":4.35},{"type":"A","date":"2018-04-26T02:11:44.000Z","volume":4000,"label":" ","price":4.34},{"type":"A","date":"2018-04-26T02:11:44.000Z","volume":16000,"label":" ","price":4.36},{"type":"A","date":"2018-04-26T02:27:34.000Z","volume":44000,"label":" ","price":4.37},{"type":"B","date":"2018-04-26T02:45:04.000Z","volume":8000,"label":" ","price":4.28},{"type":"A","date":"2018-04-26T03:30:57.000Z","volume":24000,"label":" ","price":4.35},{"type":"A","date":"2018-04-26T03:31:14.000Z","volume":4000,"label":" ","price":4.35},{"type":"A","date":"2018-04-26T03:31:25.000Z","volume":8000,"label":" ","price":4.36},{"type":"A","date":"2018-04-26T03:31:27.000Z","volume":8000,"label":" ","price":4.36},{"type":"A","date":"2018-04-26T03:35:31.000Z","volume":20000,"label":" ","price":4.35},{"type":"A","date":"2018-04-26T03:36:58.000Z","volume":12000,"label":" ","price":4.36},{"type":"A","date":"2018-04-26T03:40:12.000Z","volume":8000,"label":" ","price":4.36},{"type":"A","date":"2018-04-26T05:03:55.000Z","volume":40000,"label":" ","price":4.37},{"type":"B","date":"2018-04-26T05:50:38.000Z","volume":12000,"label":" ","price":4.35},{"type":"B","date":"2018-04-26T05:50:42.000Z","volume":4000,"label":" ","price":4.35},{"type":"A","date":"2018-04-26T05:52:05.000Z","volume":24000,"label":" ","price":4.36},{"type":"A","date":"2018-04-26T05:52:29.000Z","volume":8000,"label":" ","price":4.36},{"type":"A","date":"2018-04-26T05:52:40.000Z","volume":4000,"label":" ","price":4.36},{"type":"A","date":"2018-04-26T05:53:26.000Z","volume":16000,"label":" ","price":4.36},{"type":"A","date":"2018-04-26T05:53:54.000Z","volume":8000,"label":" ","price":4.36},{"type":"A","date":"2018-04-26T05:54:06.000Z","volume":4000,"label":" ","price":4.36},{"type":"A","date":"2018-04-26T05:54:24.000Z","volume":8000,"label":" ","price":4.36},{"type":"A","date":"2018-04-26T05:54:35.000Z","volume":8000,"label":" ","price":4.37},{"type":"A","date":"2018-04-26T05:55:36.000Z","volume":4000,"label":" ","price":4.37},{"type":"B","date":"2018-04-26T06:15:25.000Z","volume":4000,"label":" ","price":4.29},{"type":"B","date":"2018-04-26T06:22:14.000Z","volume":8000,"label":" ","price":4.3},{"type":"A","date":"2018-04-26T06:22:15.000Z","volume":4000,"label":" ","price":4.34},{"type":"A","date":"2018-04-26T06:22:43.000Z","volume":36000,"label":" ","price":4.34},{"type":"B","date":"2018-04-26T06:23:26.000Z","volume":4000,"label":" ","price":4.29},{"type":"B","date":"2018-04-26T07:06:37.000Z","volume":4000,"label":" ","price":4.29},{"type":"A","date":"2018-04-26T07:09:04.000Z","volume":32000,"label":" ","price":4.31},{"type":"B","date":"2018-04-26T07:24:41.000Z","volume":4000,"label":" ","price":4.29},{"type":"B","date":"2018-04-26T07:55:24.000Z","volume":4000,"label":" ","price":4.29},{"type":"A","date":"2018-04-26T07:55:27.000Z","volume":20000,"label":" ","price":4.3}]