[{"type":"B","date":"2018-03-22T02:38:10.000Z","volume":50000,"label":" ","price":0.31},{"type":"B","date":"2018-03-22T02:44:40.000Z","volume":50000,"label":" ","price":0.31},{"type":"B","date":"2018-03-22T02:45:35.000Z","volume":75000,"label":" ","price":0.31},{"type":"B","date":"2018-03-22T02:45:50.000Z","volume":325000,"label":" ","price":0.31},{"type":"B","date":"2018-03-22T02:51:21.000Z","volume":100000,"label":" ","price":0.305},{"type":"A","date":"2018-03-22T02:52:29.000Z","volume":20000,"label":" ","price":0.31},{"type":"A","date":"2018-03-22T02:53:19.000Z","volume":40000,"label":" ","price":0.31},{"type":"B","date":"2018-03-22T02:55:41.000Z","volume":90000,"label":" ","price":0.305},{"type":"B","date":"2018-03-22T03:03:55.000Z","volume":100000,"label":" ","price":0.305},{"type":"B","date":"2018-03-22T03:09:24.000Z","volume":10000,"label":" ","price":0.305},{"type":"B","date":"2018-03-22T03:17:00.000Z","volume":190000,"label":" ","price":0.305},{"type":"B","date":"2018-03-22T03:19:28.000Z","volume":100000,"label":" ","price":0.305},{"type":"B","date":"2018-03-22T03:51:56.000Z","volume":100000,"label":" ","price":0.305},{"type":"B","date":"2018-03-22T05:13:11.000Z","volume":55000,"label":" ","price":0.305},{"type":"B","date":"2018-03-22T05:42:50.000Z","volume":10000,"label":" ","price":0.305},{"type":"A","date":"2018-03-22T05:54:37.000Z","volume":10000,"label":" ","price":0.31},{"type":"B","date":"2018-03-22T05:54:46.000Z","volume":20000,"label":" ","price":0.305},{"type":"A","date":"2018-03-22T06:25:31.000Z","volume":300000,"label":" ","price":0.31},{"type":"A","date":"2018-03-22T06:25:31.000Z","volume":275000,"label":" ","price":0.31},{"type":"A","date":"2018-03-22T06:29:53.000Z","volume":30000,"label":" ","price":0.315},{"type":"A","date":"2018-03-22T06:34:10.000Z","volume":5000,"label":" ","price":0.315},{"type":"A","date":"2018-03-22T06:36:21.000Z","volume":20000,"label":" ","price":0.315},{"type":"A","date":"2018-03-22T06:46:03.000Z","volume":20000,"label":" ","price":0.315},{"type":"B","date":"2018-03-22T07:10:56.000Z","volume":20000,"label":" ","price":0.315},{"type":"B","date":"2018-03-22T07:13:41.000Z","volume":85000,"label":" ","price":0.315},{"type":"B","date":"2018-03-22T07:14:06.000Z","volume":55000,"label":" ","price":0.315},{"type":"B","date":"2018-03-22T07:33:58.000Z","volume":30000,"label":" ","price":0.31},{"type":"B","date":"2018-03-22T07:45:33.000Z","volume":10000,"label":" ","price":0.31},{"type":"A","date":"2018-03-22T07:57:44.000Z","volume":60000,"label":" ","price":0.31},{"type":"B","date":"2018-03-22T07:58:00.000Z","volume":40000,"label":" ","price":0.31}]