[{"type":"A","date":"2018-04-27T01:42:01.000Z","volume":1000,"label":" ","price":8.57},{"type":"A","date":"2018-04-27T02:13:02.000Z","volume":1000,"label":" ","price":8.47},{"type":"B","date":"2018-04-27T02:20:41.000Z","volume":5000,"label":" ","price":8.41},{"type":"B","date":"2018-04-27T02:28:13.000Z","volume":2000,"label":" ","price":8.38},{"type":"U","date":"2018-04-27T02:28:20.000Z","volume":2000,"label":" ","price":8.37},{"type":"A","date":"2018-04-27T02:28:22.000Z","volume":22000,"label":" ","price":8.38},{"type":"A","date":"2018-04-27T02:40:01.000Z","volume":4000,"label":" ","price":8.41},{"type":"A","date":"2018-04-27T02:40:32.000Z","volume":1000,"label":" ","price":8.41},{"type":"B","date":"2018-04-27T02:41:18.000Z","volume":1000,"label":" ","price":8.37},{"type":"B","date":"2018-04-27T02:55:53.000Z","volume":2000,"label":" ","price":8.37},{"type":"B","date":"2018-04-27T02:55:57.000Z","volume":6000,"label":" ","price":8.37},{"type":"B","date":"2018-04-27T02:57:16.000Z","volume":2000,"label":" ","price":8.37},{"type":"A","date":"2018-04-27T03:09:03.000Z","volume":1000,"label":" ","price":8.4},{"type":"A","date":"2018-04-27T03:09:58.000Z","volume":2000,"label":" ","price":8.4},{"type":"A","date":"2018-04-27T03:09:58.000Z","volume":1000,"label":" ","price":8.4},{"type":"B","date":"2018-04-27T03:10:05.000Z","volume":6000,"label":" ","price":8.37},{"type":"B","date":"2018-04-27T03:10:06.000Z","volume":1000,"label":" ","price":8.36},{"type":"B","date":"2018-04-27T03:10:25.000Z","volume":9000,"label":" ","price":8.36},{"type":"B","date":"2018-04-27T03:15:24.000Z","volume":2000,"label":" ","price":8.36},{"type":"B","date":"2018-04-27T03:19:32.000Z","volume":1000,"label":" ","price":8.36},{"type":"A","date":"2018-04-27T03:19:32.000Z","volume":2000,"label":" ","price":8.4},{"type":"A","date":"2018-04-27T03:37:34.000Z","volume":1000,"label":" ","price":8.4},{"type":"A","date":"2018-04-27T05:14:00.000Z","volume":10000,"label":" ","price":8.4},{"type":"A","date":"2018-04-27T05:14:00.000Z","volume":1000,"label":" ","price":8.4},{"type":"A","date":"2018-04-27T05:14:18.000Z","volume":2000,"label":" ","price":8.4},{"type":"A","date":"2018-04-27T05:23:19.000Z","volume":10000,"label":" ","price":8.42},{"type":"A","date":"2018-04-27T05:24:39.000Z","volume":1000,"label":" ","price":8.42},{"type":"A","date":"2018-04-27T05:45:32.000Z","volume":2000,"label":" ","price":8.44},{"type":"A","date":"2018-04-27T05:50:02.000Z","volume":9000,"label":" ","price":8.44},{"type":"A","date":"2018-04-27T05:50:02.000Z","volume":31000,"label":" ","price":8.45},{"type":"A","date":"2018-04-27T05:50:02.000Z","volume":1000,"label":"Y","price":8.47},{"type":"A","date":"2018-04-27T05:51:20.000Z","volume":6000,"label":" ","price":8.48},{"type":"A","date":"2018-04-27T05:51:22.000Z","volume":4000,"label":" ","price":8.48},{"type":"A","date":"2018-04-27T05:51:48.000Z","volume":1000,"label":" ","price":8.5},{"type":"U","date":"2018-04-27T05:51:55.000Z","volume":4000,"label":"X","price":8.43},{"type":"B","date":"2018-04-27T05:51:55.000Z","volume":1000,"label":" ","price":8.43},{"type":"A","date":"2018-04-27T06:06:38.000Z","volume":1000,"label":" ","price":8.49},{"type":"A","date":"2018-04-27T06:10:26.000Z","volume":3000,"label":" ","price":8.49},{"type":"A","date":"2018-04-27T06:14:05.000Z","volume":6000,"label":" ","price":8.5},{"type":"A","date":"2018-04-27T06:14:17.000Z","volume":10000,"label":" ","price":8.5},{"type":"A","date":"2018-04-27T06:15:10.000Z","volume":1000,"label":" ","price":8.52},{"type":"A","date":"2018-04-27T06:15:10.000Z","volume":1000,"label":"Y","price":8.52},{"type":"B","date":"2018-04-27T06:15:15.000Z","volume":1000,"label":"Y","price":8.51},{"type":"B","date":"2018-04-27T06:15:15.000Z","volume":10000,"label":" ","price":8.51},{"type":"B","date":"2018-04-27T06:15:15.000Z","volume":7000,"label":" ","price":8.5},{"type":"B","date":"2018-04-27T06:15:15.000Z","volume":1000,"label":" ","price":8.48},{"type":"U","date":"2018-04-27T06:17:07.000Z","volume":2000,"label":"X","price":8.46},{"type":"A","date":"2018-04-27T06:24:25.000Z","volume":2000,"label":" ","price":8.49},{"type":"A","date":"2018-04-27T06:39:48.000Z","volume":20000,"label":" ","price":8.49},{"type":"B","date":"2018-04-27T06:49:11.000Z","volume":1000,"label":" ","price":8.48},{"type":"B","date":"2018-04-27T06:51:17.000Z","volume":4000,"label":" ","price":8.48},{"type":"B","date":"2018-04-27T06:52:48.000Z","volume":3000,"label":" ","price":8.48},{"type":"B","date":"2018-04-27T06:52:48.000Z","volume":1000,"label":" ","price":8.48},{"type":"U","date":"2018-04-27T06:53:56.000Z","volume":2000,"label":"X","price":8.45},{"type":"A","date":"2018-04-27T06:55:47.000Z","volume":19000,"label":" ","price":8.49},{"type":"A","date":"2018-04-27T06:55:47.000Z","volume":9000,"label":" ","price":8.5},{"type":"A","date":"2018-04-27T06:56:07.000Z","volume":5000,"label":" ","price":8.49},{"type":"A","date":"2018-04-27T07:27:15.000Z","volume":19000,"label":" ","price":8.48},{"type":"A","date":"2018-04-27T07:27:15.000Z","volume":1000,"label":" ","price":8.49},{"type":"A","date":"2018-04-27T07:27:22.000Z","volume":1000,"label":" ","price":8.49},{"type":"A","date":"2018-04-27T07:27:22.000Z","volume":3000,"label":" ","price":8.49},{"type":"A","date":"2018-04-27T07:33:40.000Z","volume":1000,"label":" ","price":8.48},{"type":"A","date":"2018-04-27T07:35:37.000Z","volume":2000,"label":" ","price":8.48},{"type":"A","date":"2018-04-27T07:35:37.000Z","volume":5000,"label":" ","price":8.49},{"type":"A","date":"2018-04-27T07:35:37.000Z","volume":993000,"label":" ","price":8.5},{"type":"A","date":"2018-04-27T07:35:37.000Z","volume":7000,"label":" ","price":8.5},{"type":"A","date":"2018-04-27T07:35:47.000Z","volume":3000,"label":" ","price":8.48},{"type":"A","date":"2018-04-27T07:36:52.000Z","volume":2000,"label":" ","price":8.48},{"type":"A","date":"2018-04-27T07:37:15.000Z","volume":3000,"label":" ","price":8.48},{"type":"U","date":"2018-04-27T07:37:31.000Z","volume":4000,"label":"X","price":8.5},{"type":"B","date":"2018-04-27T07:37:31.000Z","volume":12000,"label":" ","price":8.5},{"type":"A","date":"2018-04-27T07:37:31.000Z","volume":23000,"label":" ","price":8.5},{"type":"A","date":"2018-04-27T07:38:16.000Z","volume":3000,"label":" ","price":8.48},{"type":"A","date":"2018-04-27T07:38:17.000Z","volume":1000,"label":" ","price":8.52},{"type":"A","date":"2018-04-27T07:38:52.000Z","volume":1000,"label":" ","price":8.48},{"type":"U","date":"2018-04-27T07:39:15.000Z","volume":4000,"label":"X","price":8.46},{"type":"B","date":"2018-04-27T07:39:15.000Z","volume":2000,"label":" ","price":8.46},{"type":"A","date":"2018-04-27T07:39:32.000Z","volume":2000,"label":" ","price":8.48},{"type":"A","date":"2018-04-27T07:40:22.000Z","volume":1000,"label":" ","price":8.52},{"type":"A","date":"2018-04-27T07:41:22.000Z","volume":1000,"label":" ","price":8.52},{"type":"A","date":"2018-04-27T07:44:53.000Z","volume":1000,"label":"Y","price":8.52},{"type":"A","date":"2018-04-27T07:44:53.000Z","volume":2000,"label":" ","price":8.52},{"type":"A","date":"2018-04-27T07:45:53.000Z","volume":1000,"label":" ","price":8.52},{"type":"A","date":"2018-04-27T07:47:31.000Z","volume":15000,"label":" ","price":8.52},{"type":"A","date":"2018-04-27T07:47:53.000Z","volume":1000,"label":" ","price":8.52},{"type":"A","date":"2018-04-27T07:48:23.000Z","volume":1000,"label":" ","price":8.52},{"type":"U","date":"2018-04-27T07:51:22.000Z","volume":3000,"label":"X","price":8.48},{"type":"A","date":"2018-04-27T07:53:22.000Z","volume":4000,"label":" ","price":8.5},{"type":"A","date":"2018-04-27T07:58:23.000Z","volume":1000,"label":" ","price":8.52},{"type":"A","date":"2018-04-27T07:58:23.000Z","volume":2000,"label":" ","price":8.52},{"type":"U","date":"2018-04-27T07:58:58.000Z","volume":1000,"label":"X","price":8.5},{"type":"B","date":"2018-04-27T07:58:58.000Z","volume":2000,"label":" ","price":8.5},{"type":"B","date":"2018-04-27T07:59:00.000Z","volume":2000,"label":" ","price":8.5},{"type":"A","date":"2018-04-27T07:59:06.000Z","volume":2000,"label":" ","price":8.52},{"type":"A","date":"2018-04-27T07:59:11.000Z","volume":1000,"label":" ","price":8.52},{"type":"A","date":"2018-04-27T07:59:44.000Z","volume":4000,"label":" ","price":8.53},{"type":"A","date":"2018-04-27T07:59:44.000Z","volume":11000,"label":" ","price":8.53},{"type":"A","date":"2018-04-27T07:59:55.000Z","volume":1000,"label":" ","price":8.54},{"type":"U","date":"2018-04-27T08:09:03.000Z","volume":2000,"label":"U","price":8.5}]