[{"type":"B","date":"2018-03-27T01:38:14.000Z","volume":2000,"label":" ","price":2.39},{"type":"B","date":"2018-03-27T01:38:14.000Z","volume":2000,"label":" ","price":2.38},{"type":"A","date":"2018-03-27T01:42:12.000Z","volume":100000,"label":" ","price":2.4},{"type":"A","date":"2018-03-27T01:42:15.000Z","volume":20000,"label":" ","price":2.4},{"type":"A","date":"2018-03-27T01:42:38.000Z","volume":6000,"label":" ","price":2.4},{"type":"A","date":"2018-03-27T02:06:37.000Z","volume":10000,"label":" ","price":2.39},{"type":"A","date":"2018-03-27T03:03:55.000Z","volume":100000,"label":" ","price":2.36},{"type":"A","date":"2018-03-27T03:04:23.000Z","volume":80000,"label":" ","price":2.36},{"type":"B","date":"2018-03-27T03:04:25.000Z","volume":4000,"label":" ","price":2.33},{"type":"B","date":"2018-03-27T03:04:29.000Z","volume":2000,"label":" ","price":2.32},{"type":"A","date":"2018-03-27T03:04:39.000Z","volume":20000,"label":" ","price":2.36},{"type":"B","date":"2018-03-27T03:04:50.000Z","volume":2000,"label":" ","price":2.31},{"type":"A","date":"2018-03-27T03:04:57.000Z","volume":4000,"label":" ","price":2.36},{"type":"B","date":"2018-03-27T03:05:10.000Z","volume":2000,"label":" ","price":2.31},{"type":"B","date":"2018-03-27T03:15:24.000Z","volume":10000,"label":" ","price":2.31},{"type":"A","date":"2018-03-27T03:15:46.000Z","volume":6000,"label":" ","price":2.34},{"type":"B","date":"2018-03-27T05:57:19.000Z","volume":14000,"label":" ","price":2.31},{"type":"A","date":"2018-03-27T05:57:55.000Z","volume":2000,"label":" ","price":2.38},{"type":"B","date":"2018-03-27T05:58:21.000Z","volume":2000,"label":" ","price":2.31},{"type":"B","date":"2018-03-27T05:58:31.000Z","volume":12000,"label":" ","price":2.31},{"type":"B","date":"2018-03-27T05:59:20.000Z","volume":10000,"label":" ","price":2.31},{"type":"B","date":"2018-03-27T06:04:14.000Z","volume":12000,"label":" ","price":2.3},{"type":"A","date":"2018-03-27T06:06:03.000Z","volume":4000,"label":" ","price":2.34},{"type":"B","date":"2018-03-27T06:16:33.000Z","volume":2000,"label":" ","price":2.3},{"type":"A","date":"2018-03-27T06:18:57.000Z","volume":2000,"label":" ","price":2.33},{"type":"B","date":"2018-03-27T06:19:55.000Z","volume":4000,"label":" ","price":2.3},{"type":"B","date":"2018-03-27T06:19:55.000Z","volume":20000,"label":" ","price":2.29},{"type":"A","date":"2018-03-27T06:24:10.000Z","volume":4000,"label":" ","price":2.34},{"type":"A","date":"2018-03-27T06:24:46.000Z","volume":2000,"label":" ","price":2.39},{"type":"B","date":"2018-03-27T06:25:21.000Z","volume":2000,"label":" ","price":2.3},{"type":"A","date":"2018-03-27T06:30:25.000Z","volume":56000,"label":" ","price":2.32},{"type":"B","date":"2018-03-27T06:35:28.000Z","volume":2000,"label":" ","price":2.3},{"type":"B","date":"2018-03-27T06:35:33.000Z","volume":2000,"label":" ","price":2.29},{"type":"A","date":"2018-03-27T06:37:21.000Z","volume":2000,"label":" ","price":2.33},{"type":"A","date":"2018-03-27T06:37:44.000Z","volume":2000,"label":" ","price":2.4},{"type":"B","date":"2018-03-27T06:52:54.000Z","volume":6000,"label":" ","price":2.31},{"type":"B","date":"2018-03-27T07:55:59.000Z","volume":4000,"label":" ","price":2.31},{"type":"A","date":"2018-03-27T07:56:49.000Z","volume":10000,"label":" ","price":2.35},{"type":"A","date":"2018-03-27T07:57:36.000Z","volume":14000,"label":" ","price":2.36},{"type":"A","date":"2018-03-27T07:57:58.000Z","volume":2000,"label":" ","price":2.38},{"type":"A","date":"2018-03-27T07:57:58.000Z","volume":4000,"label":" ","price":2.4},{"type":"A","date":"2018-03-27T07:58:44.000Z","volume":2000,"label":" ","price":2.4},{"type":"A","date":"2018-03-27T07:58:44.000Z","volume":4000,"label":" ","price":2.41},{"type":"A","date":"2018-03-27T07:59:14.000Z","volume":2000,"label":" ","price":2.41},{"type":"A","date":"2018-03-27T07:59:14.000Z","volume":2000,"label":" ","price":2.42},{"type":"A","date":"2018-03-27T07:59:30.000Z","volume":4000,"label":" ","price":2.42},{"type":"A","date":"2018-03-27T07:59:43.000Z","volume":2000,"label":" ","price":2.43},{"type":"A","date":"2018-03-27T07:59:43.000Z","volume":2000,"label":" ","price":2.44}]