[{"type":"A","date":"2018-03-29T01:32:42.000Z","volume":6000,"label":" ","price":4.02},{"type":"A","date":"2018-03-29T01:32:42.000Z","volume":6000,"label":" ","price":4.03},{"type":"A","date":"2018-03-29T01:34:37.000Z","volume":12000,"label":" ","price":4.02},{"type":"A","date":"2018-03-29T01:34:37.000Z","volume":6000,"label":" ","price":4.03},{"type":"A","date":"2018-03-29T01:36:10.000Z","volume":18000,"label":" ","price":4.03},{"type":"A","date":"2018-03-29T01:36:10.000Z","volume":6000,"label":" ","price":4.04},{"type":"B","date":"2018-03-29T01:38:55.000Z","volume":6000,"label":" ","price":4.02},{"type":"A","date":"2018-03-29T01:39:42.000Z","volume":6000,"label":" ","price":4.03},{"type":"A","date":"2018-03-29T01:40:46.000Z","volume":12000,"label":" ","price":4},{"type":"A","date":"2018-03-29T01:41:42.000Z","volume":12000,"label":" ","price":4.02},{"type":"A","date":"2018-03-29T01:43:22.000Z","volume":6000,"label":" ","price":4.02},{"type":"A","date":"2018-03-29T01:43:22.000Z","volume":6000,"label":" ","price":4.03},{"type":"A","date":"2018-03-29T01:44:19.000Z","volume":6000,"label":" ","price":4.02},{"type":"A","date":"2018-03-29T01:45:11.000Z","volume":6000,"label":" ","price":4.02},{"type":"A","date":"2018-03-29T01:45:11.000Z","volume":6000,"label":" ","price":4.04},{"type":"A","date":"2018-03-29T01:47:30.000Z","volume":6000,"label":" ","price":4.02},{"type":"A","date":"2018-03-29T01:49:16.000Z","volume":12000,"label":" ","price":4},{"type":"A","date":"2018-03-29T01:50:04.000Z","volume":6000,"label":" ","price":4.01},{"type":"A","date":"2018-03-29T01:54:05.000Z","volume":6000,"label":" ","price":4.01},{"type":"A","date":"2018-03-29T01:54:05.000Z","volume":6000,"label":" ","price":4.02},{"type":"A","date":"2018-03-29T01:55:44.000Z","volume":6000,"label":" ","price":4.03},{"type":"A","date":"2018-03-29T01:58:28.000Z","volume":12000,"label":" ","price":4.01},{"type":"A","date":"2018-03-29T02:04:10.000Z","volume":6000,"label":"Y","price":4},{"type":"A","date":"2018-03-29T02:08:57.000Z","volume":6000,"label":" ","price":3.99},{"type":"A","date":"2018-03-29T02:12:41.000Z","volume":6000,"label":"Y","price":4},{"type":"A","date":"2018-03-29T02:13:22.000Z","volume":12000,"label":" ","price":4},{"type":"B","date":"2018-03-29T02:17:39.000Z","volume":6000,"label":" ","price":3.98},{"type":"A","date":"2018-03-29T02:24:12.000Z","volume":12000,"label":"Y","price":3.98},{"type":"A","date":"2018-03-29T02:26:33.000Z","volume":6000,"label":"Y","price":3.98},{"type":"B","date":"2018-03-29T02:29:52.000Z","volume":6000,"label":" ","price":3.96},{"type":"A","date":"2018-03-29T02:31:28.000Z","volume":12000,"label":"Y","price":3.96},{"type":"A","date":"2018-03-29T02:34:19.000Z","volume":12000,"label":"Y","price":3.97},{"type":"A","date":"2018-03-29T02:34:19.000Z","volume":6000,"label":" ","price":3.97},{"type":"A","date":"2018-03-29T02:36:57.000Z","volume":6000,"label":"Y","price":3.98},{"type":"A","date":"2018-03-29T02:38:59.000Z","volume":12000,"label":"Y","price":3.98},{"type":"A","date":"2018-03-29T02:44:06.000Z","volume":6000,"label":"Y","price":3.98},{"type":"A","date":"2018-03-29T02:50:25.000Z","volume":6000,"label":"Y","price":3.98},{"type":"A","date":"2018-03-29T02:52:45.000Z","volume":12000,"label":" ","price":3.97},{"type":"A","date":"2018-03-29T02:53:13.000Z","volume":6000,"label":" ","price":3.97},{"type":"A","date":"2018-03-29T02:53:13.000Z","volume":6000,"label":" ","price":3.98},{"type":"A","date":"2018-03-29T02:57:24.000Z","volume":30000,"label":" ","price":3.97},{"type":"A","date":"2018-03-29T02:57:24.000Z","volume":6000,"label":" ","price":3.98},{"type":"A","date":"2018-03-29T02:58:54.000Z","volume":6000,"label":" ","price":3.98},{"type":"A","date":"2018-03-29T03:01:43.000Z","volume":18000,"label":" ","price":3.98},{"type":"A","date":"2018-03-29T03:01:43.000Z","volume":6000,"label":" ","price":3.99},{"type":"A","date":"2018-03-29T03:09:27.000Z","volume":12000,"label":" ","price":3.98},{"type":"A","date":"2018-03-29T03:13:12.000Z","volume":6000,"label":" ","price":3.98},{"type":"A","date":"2018-03-29T03:17:06.000Z","volume":6000,"label":" ","price":3.97},{"type":"A","date":"2018-03-29T03:18:38.000Z","volume":6000,"label":" ","price":3.97},{"type":"A","date":"2018-03-29T03:22:00.000Z","volume":12000,"label":" ","price":3.98},{"type":"A","date":"2018-03-29T03:28:07.000Z","volume":24000,"label":" ","price":3.98},{"type":"A","date":"2018-03-29T03:35:02.000Z","volume":6000,"label":" ","price":3.98},{"type":"A","date":"2018-03-29T03:40:31.000Z","volume":6000,"label":" ","price":3.98},{"type":"A","date":"2018-03-29T03:44:47.000Z","volume":18000,"label":" ","price":3.97},{"type":"A","date":"2018-03-29T03:47:21.000Z","volume":6000,"label":" ","price":3.97},{"type":"B","date":"2018-03-29T03:54:23.000Z","volume":6000,"label":" ","price":3.95},{"type":"B","date":"2018-03-29T03:54:48.000Z","volume":6000,"label":" ","price":3.95},{"type":"B","date":"2018-03-29T03:59:43.000Z","volume":18000,"label":" ","price":3.94},{"type":"B","date":"2018-03-29T05:01:07.000Z","volume":6000,"label":" ","price":3.93},{"type":"A","date":"2018-03-29T05:09:39.000Z","volume":6000,"label":" ","price":3.93},{"type":"B","date":"2018-03-29T05:12:37.000Z","volume":6000,"label":" ","price":3.92},{"type":"B","date":"2018-03-29T05:12:56.000Z","volume":6000,"label":" ","price":3.92},{"type":"A","date":"2018-03-29T05:19:10.000Z","volume":6000,"label":" ","price":3.93},{"type":"A","date":"2018-03-29T05:27:24.000Z","volume":6000,"label":" ","price":3.93},{"type":"A","date":"2018-03-29T05:35:04.000Z","volume":12000,"label":" ","price":3.93},{"type":"A","date":"2018-03-29T05:37:48.000Z","volume":6000,"label":" ","price":3.92},{"type":"B","date":"2018-03-29T05:45:00.000Z","volume":6000,"label":" ","price":3.92},{"type":"A","date":"2018-03-29T05:45:07.000Z","volume":12000,"label":" ","price":3.93},{"type":"A","date":"2018-03-29T05:48:31.000Z","volume":6000,"label":" ","price":3.93},{"type":"A","date":"2018-03-29T05:50:40.000Z","volume":42000,"label":" ","price":3.92},{"type":"A","date":"2018-03-29T05:50:40.000Z","volume":6000,"label":" ","price":3.93},{"type":"A","date":"2018-03-29T05:56:21.000Z","volume":6000,"label":" ","price":3.93},{"type":"B","date":"2018-03-29T05:57:07.000Z","volume":6000,"label":" ","price":3.91},{"type":"A","date":"2018-03-29T06:05:27.000Z","volume":6000,"label":" ","price":3.93},{"type":"A","date":"2018-03-29T06:08:12.000Z","volume":84000,"label":" ","price":3.93},{"type":"A","date":"2018-03-29T06:08:26.000Z","volume":6000,"label":" ","price":3.95},{"type":"A","date":"2018-03-29T06:08:34.000Z","volume":12000,"label":" ","price":3.96},{"type":"A","date":"2018-03-29T06:08:45.000Z","volume":6000,"label":" ","price":3.97},{"type":"A","date":"2018-03-29T06:09:00.000Z","volume":78000,"label":" ","price":3.98},{"type":"A","date":"2018-03-29T06:09:28.000Z","volume":60000,"label":" ","price":3.98},{"type":"A","date":"2018-03-29T06:09:42.000Z","volume":66000,"label":" ","price":3.98},{"type":"A","date":"2018-03-29T06:10:23.000Z","volume":60000,"label":" ","price":3.98},{"type":"A","date":"2018-03-29T06:10:35.000Z","volume":78000,"label":" ","price":3.98},{"type":"A","date":"2018-03-29T06:15:37.000Z","volume":114000,"label":" ","price":3.98},{"type":"A","date":"2018-03-29T06:22:06.000Z","volume":180000,"label":" ","price":3.98},{"type":"A","date":"2018-03-29T06:22:56.000Z","volume":180000,"label":" ","price":3.98},{"type":"A","date":"2018-03-29T06:23:45.000Z","volume":240000,"label":" ","price":3.98},{"type":"A","date":"2018-03-29T06:44:18.000Z","volume":12000,"label":" ","price":3.98},{"type":"A","date":"2018-03-29T07:00:34.000Z","volume":6000,"label":" ","price":3.97},{"type":"A","date":"2018-03-29T07:00:43.000Z","volume":12000,"label":" ","price":3.97},{"type":"A","date":"2018-03-29T07:04:33.000Z","volume":12000,"label":" ","price":3.97},{"type":"A","date":"2018-03-29T07:09:07.000Z","volume":18000,"label":" ","price":3.97},{"type":"A","date":"2018-03-29T07:09:12.000Z","volume":6000,"label":" ","price":3.97},{"type":"A","date":"2018-03-29T07:11:47.000Z","volume":6000,"label":" ","price":3.97},{"type":"A","date":"2018-03-29T07:15:01.000Z","volume":6000,"label":" ","price":3.97},{"type":"A","date":"2018-03-29T07:15:01.000Z","volume":6000,"label":" ","price":3.98},{"type":"A","date":"2018-03-29T07:18:37.000Z","volume":12000,"label":" ","price":3.97},{"type":"A","date":"2018-03-29T07:20:40.000Z","volume":12000,"label":" ","price":3.97},{"type":"A","date":"2018-03-29T07:24:46.000Z","volume":6000,"label":" ","price":3.98},{"type":"A","date":"2018-03-29T07:28:45.000Z","volume":30000,"label":" ","price":3.97},{"type":"A","date":"2018-03-29T07:34:19.000Z","volume":18000,"label":" ","price":3.97},{"type":"A","date":"2018-03-29T07:34:19.000Z","volume":6000,"label":" ","price":3.98},{"type":"A","date":"2018-03-29T07:34:19.000Z","volume":6000,"label":"Y","price":3.99},{"type":"A","date":"2018-03-29T07:34:41.000Z","volume":6000,"label":" ","price":3.99},{"type":"A","date":"2018-03-29T07:34:48.000Z","volume":30000,"label":" ","price":3.99},{"type":"A","date":"2018-03-29T07:35:20.000Z","volume":42000,"label":" ","price":3.99},{"type":"A","date":"2018-03-29T07:40:12.000Z","volume":30000,"label":" ","price":3.99},{"type":"A","date":"2018-03-29T07:42:33.000Z","volume":6000,"label":" ","price":3.99},{"type":"A","date":"2018-03-29T07:49:18.000Z","volume":18000,"label":" ","price":3.99},{"type":"A","date":"2018-03-29T07:55:45.000Z","volume":18000,"label":" ","price":3.99},{"type":"A","date":"2018-03-29T07:58:44.000Z","volume":30000,"label":" ","price":3.99}]