[{"type":"U","date":"2018-04-26T01:05:01.000Z","volume":49600,"label":"P","price":4.286},{"type":"U","date":"2018-04-26T01:05:01.000Z","volume":198400,"label":"P","price":4.287},{"type":"B","date":"2018-04-26T01:30:01.000Z","volume":1000,"label":" ","price":4.22},{"type":"B","date":"2018-04-26T01:30:01.000Z","volume":5000,"label":" ","price":4.22},{"type":"A","date":"2018-04-26T01:30:02.000Z","volume":2000,"label":" ","price":4.22},{"type":"B","date":"2018-04-26T01:30:02.000Z","volume":2000,"label":" ","price":4.21},{"type":"B","date":"2018-04-26T01:30:05.000Z","volume":3000,"label":" ","price":4.21},{"type":"A","date":"2018-04-26T01:30:31.000Z","volume":1000,"label":" ","price":4.28},{"type":"B","date":"2018-04-26T01:31:01.000Z","volume":2000,"label":" ","price":4.28},{"type":"B","date":"2018-04-26T01:31:01.000Z","volume":4000,"label":" ","price":4.28},{"type":"A","date":"2018-04-26T01:34:02.000Z","volume":2000,"label":" ","price":4.26},{"type":"A","date":"2018-04-26T01:34:17.000Z","volume":1000,"label":" ","price":4.26},{"type":"A","date":"2018-04-26T01:34:53.000Z","volume":1000,"label":" ","price":4.26},{"type":"A","date":"2018-04-26T01:34:54.000Z","volume":1000,"label":" ","price":4.27},{"type":"A","date":"2018-04-26T01:35:00.000Z","volume":1000,"label":" ","price":4.27},{"type":"A","date":"2018-04-26T01:35:06.000Z","volume":1000,"label":" ","price":4.27},{"type":"B","date":"2018-04-26T01:36:53.000Z","volume":13000,"label":" ","price":4.25},{"type":"B","date":"2018-04-26T01:36:53.000Z","volume":6000,"label":" ","price":4.23},{"type":"A","date":"2018-04-26T01:39:06.000Z","volume":1000,"label":" ","price":4.25},{"type":"A","date":"2018-04-26T01:39:56.000Z","volume":2000,"label":" ","price":4.25},{"type":"A","date":"2018-04-26T01:39:58.000Z","volume":5000,"label":" ","price":4.28},{"type":"A","date":"2018-04-26T01:41:46.000Z","volume":7000,"label":" ","price":4.28},{"type":"U","date":"2018-04-26T01:41:48.000Z","volume":20000,"label":" ","price":4.27},{"type":"A","date":"2018-04-26T01:41:50.000Z","volume":1000,"label":" ","price":4.25},{"type":"A","date":"2018-04-26T01:41:54.000Z","volume":5000,"label":" ","price":4.25},{"type":"A","date":"2018-04-26T01:42:30.000Z","volume":1000,"label":" ","price":4.25},{"type":"A","date":"2018-04-26T01:45:23.000Z","volume":3000,"label":" ","price":4.27},{"type":"B","date":"2018-04-26T01:46:11.000Z","volume":3000,"label":" ","price":4.27},{"type":"B","date":"2018-04-26T01:46:11.000Z","volume":1000,"label":" ","price":4.25},{"type":"A","date":"2018-04-26T01:46:17.000Z","volume":1000,"label":" ","price":4.25},{"type":"A","date":"2018-04-26T01:50:47.000Z","volume":5000,"label":" ","price":4.28},{"type":"A","date":"2018-04-26T01:50:48.000Z","volume":2000,"label":" ","price":4.28},{"type":"B","date":"2018-04-26T01:50:49.000Z","volume":1000,"label":" ","price":4.25},{"type":"A","date":"2018-04-26T01:50:51.000Z","volume":1000,"label":" ","price":4.28},{"type":"A","date":"2018-04-26T01:51:26.000Z","volume":6000,"label":" ","price":4.28},{"type":"A","date":"2018-04-26T01:51:28.000Z","volume":1000,"label":" ","price":4.28},{"type":"A","date":"2018-04-26T01:51:30.000Z","volume":1000,"label":" ","price":4.28},{"type":"A","date":"2018-04-26T01:58:59.000Z","volume":1000,"label":" ","price":4.26},{"type":"B","date":"2018-04-26T02:01:25.000Z","volume":2000,"label":" ","price":4.25},{"type":"A","date":"2018-04-26T02:02:09.000Z","volume":2000,"label":" ","price":4.26},{"type":"B","date":"2018-04-26T02:02:58.000Z","volume":1000,"label":" ","price":4.26},{"type":"B","date":"2018-04-26T02:03:02.000Z","volume":1000,"label":" ","price":4.26},{"type":"A","date":"2018-04-26T02:06:19.000Z","volume":1000,"label":" ","price":4.27},{"type":"A","date":"2018-04-26T02:08:15.000Z","volume":3000,"label":" ","price":4.27},{"type":"A","date":"2018-04-26T02:08:16.000Z","volume":1000,"label":"Y","price":4.27},{"type":"A","date":"2018-04-26T02:10:01.000Z","volume":1000,"label":" ","price":4.27},{"type":"A","date":"2018-04-26T02:10:02.000Z","volume":1000,"label":"Y","price":4.27},{"type":"A","date":"2018-04-26T02:10:52.000Z","volume":1000,"label":" ","price":4.27},{"type":"A","date":"2018-04-26T02:12:55.000Z","volume":1000,"label":" ","price":4.27},{"type":"A","date":"2018-04-26T02:14:05.000Z","volume":4000,"label":" ","price":4.28},{"type":"A","date":"2018-04-26T02:14:06.000Z","volume":1000,"label":" ","price":4.28},{"type":"A","date":"2018-04-26T02:14:08.000Z","volume":1000,"label":" ","price":4.28},{"type":"A","date":"2018-04-26T02:19:38.000Z","volume":2000,"label":" ","price":4.29},{"type":"A","date":"2018-04-26T02:19:39.000Z","volume":1000,"label":" ","price":4.29},{"type":"B","date":"2018-04-26T02:21:24.000Z","volume":6000,"label":" ","price":4.28},{"type":"A","date":"2018-04-26T02:21:24.000Z","volume":1000,"label":" ","price":4.28},{"type":"B","date":"2018-04-26T02:21:24.000Z","volume":1000,"label":" ","price":4.27},{"type":"A","date":"2018-04-26T02:21:24.000Z","volume":1000,"label":" ","price":4.28},{"type":"A","date":"2018-04-26T02:21:25.000Z","volume":1000,"label":" ","price":4.29},{"type":"A","date":"2018-04-26T02:22:30.000Z","volume":1000,"label":" ","price":4.29},{"type":"A","date":"2018-04-26T02:25:22.000Z","volume":1000,"label":" ","price":4.29},{"type":"A","date":"2018-04-26T02:26:46.000Z","volume":5000,"label":" ","price":4.29},{"type":"A","date":"2018-04-26T02:26:47.000Z","volume":1000,"label":" ","price":4.29},{"type":"A","date":"2018-04-26T02:26:50.000Z","volume":1000,"label":" ","price":4.29},{"type":"A","date":"2018-04-26T02:28:06.000Z","volume":1000,"label":" ","price":4.29},{"type":"A","date":"2018-04-26T02:28:16.000Z","volume":1000,"label":" ","price":4.29},{"type":"B","date":"2018-04-26T02:28:16.000Z","volume":1000,"label":" ","price":4.28},{"type":"B","date":"2018-04-26T02:31:15.000Z","volume":8000,"label":" ","price":4.28},{"type":"B","date":"2018-04-26T02:31:15.000Z","volume":2000,"label":" ","price":4.28},{"type":"A","date":"2018-04-26T02:32:30.000Z","volume":1000,"label":" ","price":4.29},{"type":"B","date":"2018-04-26T02:33:36.000Z","volume":5000,"label":" ","price":4.27},{"type":"B","date":"2018-04-26T02:33:49.000Z","volume":7000,"label":" ","price":4.26},{"type":"A","date":"2018-04-26T02:33:49.000Z","volume":2000,"label":" ","price":4.28},{"type":"A","date":"2018-04-26T02:33:49.000Z","volume":2000,"label":" ","price":4.29},{"type":"U","date":"2018-04-26T02:35:26.000Z","volume":500,"label":"D","price":4.24},{"type":"B","date":"2018-04-26T02:38:23.000Z","volume":4000,"label":"Y","price":4.25},{"type":"B","date":"2018-04-26T02:38:23.000Z","volume":2000,"label":" ","price":4.25},{"type":"A","date":"2018-04-26T02:38:23.000Z","volume":1000,"label":" ","price":4.28},{"type":"A","date":"2018-04-26T02:42:09.000Z","volume":1000,"label":" ","price":4.28},{"type":"A","date":"2018-04-26T02:51:50.000Z","volume":1000,"label":" ","price":4.26},{"type":"A","date":"2018-04-26T02:55:00.000Z","volume":4000,"label":" ","price":4.26},{"type":"B","date":"2018-04-26T02:55:00.000Z","volume":1000,"label":" ","price":4.25},{"type":"A","date":"2018-04-26T02:55:00.000Z","volume":1000,"label":" ","price":4.26},{"type":"A","date":"2018-04-26T02:55:03.000Z","volume":1000,"label":" ","price":4.26},{"type":"A","date":"2018-04-26T02:55:05.000Z","volume":1000,"label":" ","price":4.26},{"type":"A","date":"2018-04-26T03:02:23.000Z","volume":5000,"label":" ","price":4.26},{"type":"B","date":"2018-04-26T03:05:45.000Z","volume":1000,"label":"Y","price":4.26},{"type":"B","date":"2018-04-26T03:05:45.000Z","volume":7000,"label":" ","price":4.26},{"type":"A","date":"2018-04-26T03:05:48.000Z","volume":1000,"label":" ","price":4.26},{"type":"B","date":"2018-04-26T03:07:35.000Z","volume":2000,"label":" ","price":4.25},{"type":"B","date":"2018-04-26T03:07:36.000Z","volume":1000,"label":" ","price":4.24},{"type":"B","date":"2018-04-26T03:10:22.000Z","volume":7000,"label":" ","price":4.26},{"type":"A","date":"2018-04-26T03:10:22.000Z","volume":49000,"label":" ","price":4.26},{"type":"A","date":"2018-04-26T03:10:22.000Z","volume":4000,"label":" ","price":4.26},{"type":"A","date":"2018-04-26T03:10:22.000Z","volume":3000,"label":" ","price":4.26},{"type":"B","date":"2018-04-26T03:10:24.000Z","volume":3000,"label":" ","price":4.26},{"type":"B","date":"2018-04-26T03:14:07.000Z","volume":10000,"label":" ","price":4.26},{"type":"B","date":"2018-04-26T03:14:13.000Z","volume":5000,"label":" ","price":4.26},{"type":"B","date":"2018-04-26T03:14:15.000Z","volume":1000,"label":" ","price":4.26},{"type":"B","date":"2018-04-26T03:14:21.000Z","volume":4000,"label":" ","price":4.26},{"type":"U","date":"2018-04-26T03:14:53.000Z","volume":20000,"label":" ","price":4.26},{"type":"U","date":"2018-04-26T03:14:53.000Z","volume":1000,"label":" ","price":4.26},{"type":"A","date":"2018-04-26T03:15:37.000Z","volume":4000,"label":" ","price":4.26},{"type":"A","date":"2018-04-26T03:15:37.000Z","volume":15000,"label":" ","price":4.26},{"type":"A","date":"2018-04-26T03:15:37.000Z","volume":3000,"label":" ","price":4.26},{"type":"A","date":"2018-04-26T03:17:43.000Z","volume":1000,"label":" ","price":4.27},{"type":"A","date":"2018-04-26T03:22:56.000Z","volume":1000,"label":"Y","price":4.27},{"type":"A","date":"2018-04-26T03:23:00.000Z","volume":1000,"label":"Y","price":4.28},{"type":"A","date":"2018-04-26T03:23:00.000Z","volume":5000,"label":" ","price":4.28},{"type":"A","date":"2018-04-26T03:33:08.000Z","volume":1000,"label":"Y","price":4.28},{"type":"A","date":"2018-04-26T03:33:08.000Z","volume":1000,"label":" ","price":4.28},{"type":"B","date":"2018-04-26T03:33:09.000Z","volume":1000,"label":" ","price":4.27},{"type":"A","date":"2018-04-26T03:33:14.000Z","volume":1000,"label":"Y","price":4.27},{"type":"A","date":"2018-04-26T03:33:14.000Z","volume":1000,"label":" ","price":4.27},{"type":"A","date":"2018-04-26T03:34:10.000Z","volume":1000,"label":" ","price":4.27},{"type":"A","date":"2018-04-26T03:34:10.000Z","volume":3000,"label":" ","price":4.28},{"type":"B","date":"2018-04-26T03:34:10.000Z","volume":1000,"label":" ","price":4.28},{"type":"B","date":"2018-04-26T03:36:36.000Z","volume":20000,"label":" ","price":4.26},{"type":"B","date":"2018-04-26T03:36:36.000Z","volume":5000,"label":" ","price":4.25},{"type":"A","date":"2018-04-26T03:36:38.000Z","volume":1000,"label":"Y","price":4.27},{"type":"A","date":"2018-04-26T03:36:38.000Z","volume":1000,"label":" ","price":4.27},{"type":"A","date":"2018-04-26T03:36:43.000Z","volume":2000,"label":"Y","price":4.28},{"type":"B","date":"2018-04-26T03:36:50.000Z","volume":1000,"label":" ","price":4.27},{"type":"A","date":"2018-04-26T03:36:50.000Z","volume":2000,"label":" ","price":4.27},{"type":"B","date":"2018-04-26T03:36:51.000Z","volume":1000,"label":" ","price":4.26},{"type":"A","date":"2018-04-26T03:36:56.000Z","volume":1000,"label":"Y","price":4.27},{"type":"B","date":"2018-04-26T03:37:03.000Z","volume":1000,"label":" ","price":4.27},{"type":"A","date":"2018-04-26T03:37:03.000Z","volume":1000,"label":" ","price":4.27},{"type":"A","date":"2018-04-26T03:37:03.000Z","volume":2000,"label":" ","price":4.27},{"type":"A","date":"2018-04-26T03:37:20.000Z","volume":5000,"label":" ","price":4.27},{"type":"A","date":"2018-04-26T03:37:41.000Z","volume":8000,"label":" ","price":4.27},{"type":"B","date":"2018-04-26T03:37:43.000Z","volume":1000,"label":" ","price":4.26},{"type":"B","date":"2018-04-26T03:38:15.000Z","volume":8000,"label":" ","price":4.26},{"type":"A","date":"2018-04-26T03:38:15.000Z","volume":2000,"label":" ","price":4.26},{"type":"B","date":"2018-04-26T03:40:58.000Z","volume":1000,"label":" ","price":4.26},{"type":"B","date":"2018-04-26T03:41:41.000Z","volume":11000,"label":" ","price":4.26},{"type":"B","date":"2018-04-26T03:41:41.000Z","volume":39000,"label":" ","price":4.25},{"type":"B","date":"2018-04-26T03:41:42.000Z","volume":1000,"label":" ","price":4.26},{"type":"B","date":"2018-04-26T03:41:43.000Z","volume":2000,"label":" ","price":4.26},{"type":"B","date":"2018-04-26T03:42:46.000Z","volume":10000,"label":" ","price":4.26},{"type":"A","date":"2018-04-26T03:43:00.000Z","volume":10000,"label":" ","price":4.27},{"type":"B","date":"2018-04-26T03:43:01.000Z","volume":1000,"label":" ","price":4.26},{"type":"A","date":"2018-04-26T03:43:21.000Z","volume":1000,"label":"Y","price":4.27},{"type":"A","date":"2018-04-26T03:44:54.000Z","volume":2000,"label":"Y","price":4.28},{"type":"A","date":"2018-04-26T03:44:54.000Z","volume":13000,"label":" ","price":4.28},{"type":"B","date":"2018-04-26T03:44:55.000Z","volume":1000,"label":" ","price":4.27},{"type":"A","date":"2018-04-26T03:45:21.000Z","volume":5000,"label":" ","price":4.28},{"type":"A","date":"2018-04-26T03:45:26.000Z","volume":2000,"label":" ","price":4.28},{"type":"A","date":"2018-04-26T03:45:26.000Z","volume":1000,"label":"Y","price":4.28},{"type":"A","date":"2018-04-26T03:45:26.000Z","volume":5000,"label":" ","price":4.28},{"type":"A","date":"2018-04-26T03:50:01.000Z","volume":2000,"label":"Y","price":4.28},{"type":"A","date":"2018-04-26T03:50:03.000Z","volume":1000,"label":"Y","price":4.28},{"type":"A","date":"2018-04-26T03:50:03.000Z","volume":1000,"label":" ","price":4.28},{"type":"B","date":"2018-04-26T03:50:04.000Z","volume":1000,"label":" ","price":4.27},{"type":"A","date":"2018-04-26T03:50:32.000Z","volume":1000,"label":"Y","price":4.28},{"type":"A","date":"2018-04-26T03:50:32.000Z","volume":1000,"label":" ","price":4.28},{"type":"A","date":"2018-04-26T03:50:45.000Z","volume":2000,"label":"Y","price":4.28},{"type":"A","date":"2018-04-26T03:50:45.000Z","volume":4000,"label":" ","price":4.28},{"type":"A","date":"2018-04-26T03:50:46.000Z","volume":2000,"label":" ","price":4.28},{"type":"A","date":"2018-04-26T03:52:00.000Z","volume":2000,"label":"Y","price":4.28},{"type":"A","date":"2018-04-26T03:52:02.000Z","volume":1000,"label":"Y","price":4.28},{"type":"A","date":"2018-04-26T03:52:02.000Z","volume":1000,"label":" ","price":4.28},{"type":"A","date":"2018-04-26T03:52:04.000Z","volume":1000,"label":" ","price":4.28},{"type":"A","date":"2018-04-26T03:54:06.000Z","volume":2000,"label":"Y","price":4.28},{"type":"A","date":"2018-04-26T03:54:06.000Z","volume":5000,"label":" ","price":4.28},{"type":"A","date":"2018-04-26T03:54:07.000Z","volume":2000,"label":" ","price":4.28},{"type":"B","date":"2018-04-26T03:54:07.000Z","volume":1000,"label":" ","price":4.27},{"type":"A","date":"2018-04-26T03:54:08.000Z","volume":3000,"label":" ","price":4.28},{"type":"A","date":"2018-04-26T03:54:30.000Z","volume":2000,"label":"Y","price":4.28},{"type":"A","date":"2018-04-26T03:55:01.000Z","volume":1000,"label":" ","price":4.28},{"type":"A","date":"2018-04-26T03:59:01.000Z","volume":1000,"label":"Y","price":4.28},{"type":"A","date":"2018-04-26T03:59:03.000Z","volume":1000,"label":" ","price":4.28},{"type":"B","date":"2018-04-26T05:15:11.000Z","volume":5000,"label":" ","price":4.28},{"type":"B","date":"2018-04-26T05:15:51.000Z","volume":2000,"label":" ","price":4.28},{"type":"B","date":"2018-04-26T05:16:54.000Z","volume":1000,"label":" ","price":4.28},{"type":"B","date":"2018-04-26T05:19:30.000Z","volume":14000,"label":" ","price":4.28},{"type":"B","date":"2018-04-26T05:19:52.000Z","volume":1000,"label":" ","price":4.28},{"type":"A","date":"2018-04-26T05:20:30.000Z","volume":2000,"label":"Y","price":4.29},{"type":"A","date":"2018-04-26T05:20:30.000Z","volume":1000,"label":" ","price":4.29},{"type":"A","date":"2018-04-26T05:20:31.000Z","volume":3000,"label":"Y","price":4.29},{"type":"B","date":"2018-04-26T05:20:32.000Z","volume":1000,"label":" ","price":4.28},{"type":"B","date":"2018-04-26T05:20:50.000Z","volume":5000,"label":" ","price":4.28},{"type":"A","date":"2018-04-26T05:20:51.000Z","volume":1000,"label":"Y","price":4.29},{"type":"A","date":"2018-04-26T05:20:51.000Z","volume":2000,"label":" ","price":4.29},{"type":"A","date":"2018-04-26T05:25:01.000Z","volume":2000,"label":" ","price":4.29},{"type":"A","date":"2018-04-26T05:25:15.000Z","volume":2000,"label":" ","price":4.29},{"type":"B","date":"2018-04-26T05:46:12.000Z","volume":1000,"label":" ","price":4.28},{"type":"B","date":"2018-04-26T05:47:12.000Z","volume":4000,"label":" ","price":4.28},{"type":"B","date":"2018-04-26T05:47:14.000Z","volume":1000,"label":" ","price":4.27},{"type":"A","date":"2018-04-26T05:47:14.000Z","volume":3000,"label":" ","price":4.28},{"type":"A","date":"2018-04-26T05:47:22.000Z","volume":4000,"label":" ","price":4.28},{"type":"A","date":"2018-04-26T05:52:09.000Z","volume":24000,"label":" ","price":4.29},{"type":"A","date":"2018-04-26T05:52:10.000Z","volume":1000,"label":" ","price":4.3},{"type":"A","date":"2018-04-26T05:52:11.000Z","volume":7000,"label":" ","price":4.3},{"type":"B","date":"2018-04-26T05:52:11.000Z","volume":1000,"label":" ","price":4.28},{"type":"A","date":"2018-04-26T05:52:13.000Z","volume":3000,"label":" ","price":4.3},{"type":"A","date":"2018-04-26T05:52:46.000Z","volume":17000,"label":" ","price":4.3},{"type":"B","date":"2018-04-26T05:52:46.000Z","volume":1000,"label":" ","price":4.28},{"type":"A","date":"2018-04-26T05:55:35.000Z","volume":1000,"label":" ","price":4.32},{"type":"A","date":"2018-04-26T05:55:35.000Z","volume":1000,"label":" ","price":4.32},{"type":"U","date":"2018-04-26T05:55:38.000Z","volume":5000,"label":" ","price":4.3},{"type":"A","date":"2018-04-26T05:55:38.000Z","volume":1000,"label":" ","price":4.3},{"type":"A","date":"2018-04-26T05:59:17.000Z","volume":3000,"label":" ","price":4.32},{"type":"A","date":"2018-04-26T05:59:18.000Z","volume":2000,"label":" ","price":4.32},{"type":"A","date":"2018-04-26T05:59:19.000Z","volume":2000,"label":" ","price":4.32},{"type":"A","date":"2018-04-26T05:59:20.000Z","volume":2000,"label":" ","price":4.32},{"type":"A","date":"2018-04-26T05:59:21.000Z","volume":3000,"label":" ","price":4.32},{"type":"A","date":"2018-04-26T05:59:24.000Z","volume":2000,"label":" ","price":4.32},{"type":"B","date":"2018-04-26T05:59:24.000Z","volume":2000,"label":" ","price":4.32},{"type":"A","date":"2018-04-26T05:59:48.000Z","volume":5000,"label":" ","price":4.32},{"type":"A","date":"2018-04-26T06:00:08.000Z","volume":4000,"label":" ","price":4.32},{"type":"A","date":"2018-04-26T06:01:27.000Z","volume":6000,"label":" ","price":4.32},{"type":"A","date":"2018-04-26T06:01:35.000Z","volume":3000,"label":" ","price":4.32},{"type":"B","date":"2018-04-26T06:02:20.000Z","volume":5000,"label":" ","price":4.31},{"type":"B","date":"2018-04-26T06:02:20.000Z","volume":2000,"label":" ","price":4.31},{"type":"B","date":"2018-04-26T06:02:31.000Z","volume":5000,"label":" ","price":4.31},{"type":"B","date":"2018-04-26T06:09:09.000Z","volume":5000,"label":" ","price":4.31},{"type":"B","date":"2018-04-26T06:09:12.000Z","volume":1000,"label":" ","price":4.3},{"type":"A","date":"2018-04-26T06:10:22.000Z","volume":1000,"label":" ","price":4.31},{"type":"A","date":"2018-04-26T06:13:38.000Z","volume":2000,"label":" ","price":4.31},{"type":"A","date":"2018-04-26T06:13:38.000Z","volume":1000,"label":" ","price":4.32},{"type":"A","date":"2018-04-26T06:15:28.000Z","volume":3000,"label":" ","price":4.31},{"type":"B","date":"2018-04-26T06:15:43.000Z","volume":4000,"label":" ","price":4.3},{"type":"B","date":"2018-04-26T06:17:54.000Z","volume":4000,"label":" ","price":4.3},{"type":"A","date":"2018-04-26T06:17:54.000Z","volume":1000,"label":" ","price":4.3},{"type":"B","date":"2018-04-26T06:18:04.000Z","volume":1000,"label":" ","price":4.3},{"type":"B","date":"2018-04-26T06:18:05.000Z","volume":1000,"label":" ","price":4.3},{"type":"B","date":"2018-04-26T06:18:11.000Z","volume":1000,"label":" ","price":4.3},{"type":"B","date":"2018-04-26T06:18:11.000Z","volume":1000,"label":" ","price":4.29},{"type":"A","date":"2018-04-26T06:18:11.000Z","volume":1000,"label":" ","price":4.3},{"type":"A","date":"2018-04-26T06:24:32.000Z","volume":5000,"label":" ","price":4.3},{"type":"A","date":"2018-04-26T06:24:34.000Z","volume":3000,"label":" ","price":4.3},{"type":"A","date":"2018-04-26T06:26:42.000Z","volume":12000,"label":" ","price":4.3},{"type":"B","date":"2018-04-26T06:31:39.000Z","volume":3000,"label":" ","price":4.3},{"type":"B","date":"2018-04-26T06:35:23.000Z","volume":7000,"label":" ","price":4.3},{"type":"A","date":"2018-04-26T06:35:25.000Z","volume":3000,"label":" ","price":4.3},{"type":"B","date":"2018-04-26T06:35:57.000Z","volume":4000,"label":" ","price":4.29},{"type":"B","date":"2018-04-26T06:35:59.000Z","volume":1000,"label":" ","price":4.28},{"type":"A","date":"2018-04-26T06:38:43.000Z","volume":1000,"label":" ","price":4.3},{"type":"A","date":"2018-04-26T06:50:41.000Z","volume":2000,"label":" ","price":4.3},{"type":"B","date":"2018-04-26T06:52:17.000Z","volume":9000,"label":" ","price":4.29},{"type":"A","date":"2018-04-26T06:52:48.000Z","volume":13000,"label":" ","price":4.29},{"type":"B","date":"2018-04-26T06:52:58.000Z","volume":7000,"label":" ","price":4.29},{"type":"B","date":"2018-04-26T06:53:12.000Z","volume":5000,"label":" ","price":4.28},{"type":"B","date":"2018-04-26T06:59:05.000Z","volume":5000,"label":" ","price":4.28},{"type":"B","date":"2018-04-26T06:59:07.000Z","volume":1000,"label":"Y","price":4.28},{"type":"B","date":"2018-04-26T06:59:23.000Z","volume":2000,"label":" ","price":4.28},{"type":"B","date":"2018-04-26T06:59:23.000Z","volume":1000,"label":" ","price":4.28},{"type":"A","date":"2018-04-26T07:00:30.000Z","volume":4000,"label":" ","price":4.29},{"type":"A","date":"2018-04-26T07:01:29.000Z","volume":3000,"label":" ","price":4.29},{"type":"A","date":"2018-04-26T07:01:29.000Z","volume":13000,"label":" ","price":4.29},{"type":"A","date":"2018-04-26T07:07:34.000Z","volume":1000,"label":"Y","price":4.3},{"type":"B","date":"2018-04-26T07:10:41.000Z","volume":10000,"label":" ","price":4.29},{"type":"B","date":"2018-04-26T07:10:43.000Z","volume":2000,"label":"Y","price":4.29},{"type":"B","date":"2018-04-26T07:10:43.000Z","volume":1000,"label":"Y","price":4.29},{"type":"B","date":"2018-04-26T07:10:43.000Z","volume":2000,"label":" ","price":4.29},{"type":"B","date":"2018-04-26T07:10:43.000Z","volume":1000,"label":" ","price":4.29},{"type":"A","date":"2018-04-26T07:10:57.000Z","volume":2000,"label":" ","price":4.29},{"type":"A","date":"2018-04-26T07:10:59.000Z","volume":2000,"label":" ","price":4.29},{"type":"A","date":"2018-04-26T07:11:02.000Z","volume":5000,"label":" ","price":4.29},{"type":"A","date":"2018-04-26T07:11:03.000Z","volume":2000,"label":" ","price":4.29},{"type":"A","date":"2018-04-26T07:11:14.000Z","volume":4000,"label":" ","price":4.29},{"type":"B","date":"2018-04-26T07:11:15.000Z","volume":1000,"label":" ","price":4.29},{"type":"B","date":"2018-04-26T07:12:22.000Z","volume":7000,"label":" ","price":4.29},{"type":"B","date":"2018-04-26T07:13:42.000Z","volume":2000,"label":" ","price":4.29},{"type":"B","date":"2018-04-26T07:15:57.000Z","volume":1000,"label":" ","price":4.29},{"type":"A","date":"2018-04-26T07:16:20.000Z","volume":11000,"label":" ","price":4.3},{"type":"B","date":"2018-04-26T07:16:22.000Z","volume":3000,"label":" ","price":4.29},{"type":"B","date":"2018-04-26T07:16:24.000Z","volume":2000,"label":" ","price":4.29},{"type":"B","date":"2018-04-26T07:16:27.000Z","volume":1000,"label":" ","price":4.29},{"type":"A","date":"2018-04-26T07:17:18.000Z","volume":3000,"label":" ","price":4.3},{"type":"A","date":"2018-04-26T07:17:23.000Z","volume":2000,"label":" ","price":4.3},{"type":"B","date":"2018-04-26T07:17:23.000Z","volume":2000,"label":" ","price":4.3},{"type":"B","date":"2018-04-26T07:17:23.000Z","volume":2000,"label":" ","price":4.3},{"type":"B","date":"2018-04-26T07:17:23.000Z","volume":2000,"label":" ","price":4.3},{"type":"B","date":"2018-04-26T07:17:23.000Z","volume":2000,"label":" ","price":4.3},{"type":"B","date":"2018-04-26T07:17:23.000Z","volume":1000,"label":" ","price":4.29},{"type":"A","date":"2018-04-26T07:17:54.000Z","volume":4000,"label":" ","price":4.3},{"type":"B","date":"2018-04-26T07:17:54.000Z","volume":3000,"label":" ","price":4.3},{"type":"B","date":"2018-04-26T07:17:54.000Z","volume":3000,"label":" ","price":4.3},{"type":"B","date":"2018-04-26T07:17:54.000Z","volume":1000,"label":" ","price":4.29},{"type":"B","date":"2018-04-26T07:17:54.000Z","volume":1000,"label":" ","price":4.29},{"type":"A","date":"2018-04-26T07:22:22.000Z","volume":4000,"label":" ","price":4.3},{"type":"A","date":"2018-04-26T07:23:03.000Z","volume":4000,"label":" ","price":4.3},{"type":"A","date":"2018-04-26T07:23:05.000Z","volume":1000,"label":" ","price":4.3},{"type":"B","date":"2018-04-26T07:23:05.000Z","volume":1000,"label":" ","price":4.29},{"type":"A","date":"2018-04-26T07:23:05.000Z","volume":2000,"label":" ","price":4.3},{"type":"A","date":"2018-04-26T07:23:25.000Z","volume":1000,"label":" ","price":4.3},{"type":"A","date":"2018-04-26T07:26:31.000Z","volume":7000,"label":" ","price":4.31},{"type":"A","date":"2018-04-26T07:29:12.000Z","volume":1000,"label":" ","price":4.31},{"type":"A","date":"2018-04-26T07:32:32.000Z","volume":6000,"label":" ","price":4.31},{"type":"A","date":"2018-04-26T07:32:33.000Z","volume":2000,"label":" ","price":4.31},{"type":"A","date":"2018-04-26T07:32:53.000Z","volume":1000,"label":" ","price":4.31},{"type":"A","date":"2018-04-26T07:32:56.000Z","volume":1000,"label":" ","price":4.31},{"type":"A","date":"2018-04-26T07:32:59.000Z","volume":1000,"label":" ","price":4.31},{"type":"A","date":"2018-04-26T07:33:00.000Z","volume":2000,"label":" ","price":4.31},{"type":"B","date":"2018-04-26T07:35:13.000Z","volume":5000,"label":" ","price":4.3},{"type":"A","date":"2018-04-26T07:35:15.000Z","volume":2000,"label":" ","price":4.31},{"type":"B","date":"2018-04-26T07:36:00.000Z","volume":2000,"label":" ","price":4.3},{"type":"B","date":"2018-04-26T07:37:04.000Z","volume":2000,"label":" ","price":4.3},{"type":"B","date":"2018-04-26T07:37:04.000Z","volume":1000,"label":" ","price":4.3},{"type":"B","date":"2018-04-26T07:37:04.000Z","volume":1000,"label":" ","price":4.3},{"type":"B","date":"2018-04-26T07:38:04.000Z","volume":2000,"label":" ","price":4.3},{"type":"B","date":"2018-04-26T07:38:34.000Z","volume":2000,"label":" ","price":4.3},{"type":"B","date":"2018-04-26T07:39:34.000Z","volume":1000,"label":"Y","price":4.3},{"type":"B","date":"2018-04-26T07:39:34.000Z","volume":1000,"label":" ","price":4.3},{"type":"B","date":"2018-04-26T07:40:05.000Z","volume":2000,"label":" ","price":4.29},{"type":"B","date":"2018-04-26T07:40:35.000Z","volume":2000,"label":" ","price":4.29},{"type":"A","date":"2018-04-26T07:40:37.000Z","volume":2000,"label":" ","price":4.31},{"type":"B","date":"2018-04-26T07:42:05.000Z","volume":1000,"label":" ","price":4.3},{"type":"B","date":"2018-04-26T07:42:14.000Z","volume":1000,"label":" ","price":4.29},{"type":"A","date":"2018-04-26T07:42:20.000Z","volume":1000,"label":"Y","price":4.3},{"type":"A","date":"2018-04-26T07:42:20.000Z","volume":3000,"label":" ","price":4.3},{"type":"A","date":"2018-04-26T07:42:20.000Z","volume":2000,"label":" ","price":4.3},{"type":"B","date":"2018-04-26T07:42:23.000Z","volume":1000,"label":" ","price":4.29},{"type":"A","date":"2018-04-26T07:42:50.000Z","volume":4000,"label":" ","price":4.3},{"type":"A","date":"2018-04-26T07:42:52.000Z","volume":2000,"label":" ","price":4.3},{"type":"B","date":"2018-04-26T07:44:48.000Z","volume":5000,"label":" ","price":4.29},{"type":"A","date":"2018-04-26T07:44:50.000Z","volume":2000,"label":" ","price":4.3},{"type":"B","date":"2018-04-26T07:45:01.000Z","volume":5000,"label":" ","price":4.29},{"type":"A","date":"2018-04-26T07:45:02.000Z","volume":2000,"label":" ","price":4.3},{"type":"B","date":"2018-04-26T07:45:02.000Z","volume":1000,"label":" ","price":4.29},{"type":"A","date":"2018-04-26T07:45:48.000Z","volume":15000,"label":" ","price":4.3},{"type":"A","date":"2018-04-26T07:45:50.000Z","volume":4000,"label":" ","price":4.3},{"type":"A","date":"2018-04-26T07:45:53.000Z","volume":2000,"label":" ","price":4.3},{"type":"A","date":"2018-04-26T07:49:13.000Z","volume":1000,"label":" ","price":4.3},{"type":"A","date":"2018-04-26T07:49:15.000Z","volume":1000,"label":" ","price":4.3},{"type":"A","date":"2018-04-26T07:50:23.000Z","volume":10000,"label":" ","price":4.3},{"type":"A","date":"2018-04-26T07:50:23.000Z","volume":3000,"label":" ","price":4.3},{"type":"A","date":"2018-04-26T07:50:26.000Z","volume":2000,"label":" ","price":4.3},{"type":"B","date":"2018-04-26T07:52:09.000Z","volume":5000,"label":" ","price":4.29},{"type":"A","date":"2018-04-26T07:52:10.000Z","volume":2000,"label":" ","price":4.3},{"type":"A","date":"2018-04-26T07:55:40.000Z","volume":1000,"label":" ","price":4.3},{"type":"B","date":"2018-04-26T07:55:44.000Z","volume":4000,"label":" ","price":4.29},{"type":"A","date":"2018-04-26T07:55:45.000Z","volume":2000,"label":" ","price":4.3},{"type":"A","date":"2018-04-26T07:55:46.000Z","volume":10000,"label":" ","price":4.3},{"type":"A","date":"2018-04-26T07:55:47.000Z","volume":3000,"label":" ","price":4.3},{"type":"B","date":"2018-04-26T07:55:50.000Z","volume":1000,"label":" ","price":4.29},{"type":"A","date":"2018-04-26T07:55:50.000Z","volume":2000,"label":" ","price":4.3},{"type":"A","date":"2018-04-26T07:56:13.000Z","volume":10000,"label":" ","price":4.3},{"type":"A","date":"2018-04-26T07:56:15.000Z","volume":3000,"label":" ","price":4.3},{"type":"A","date":"2018-04-26T07:56:18.000Z","volume":2000,"label":" ","price":4.3},{"type":"A","date":"2018-04-26T07:57:03.000Z","volume":1000,"label":" ","price":4.3},{"type":"A","date":"2018-04-26T07:57:31.000Z","volume":4000,"label":" ","price":4.3},{"type":"A","date":"2018-04-26T07:57:32.000Z","volume":2000,"label":" ","price":4.3},{"type":"A","date":"2018-04-26T07:58:41.000Z","volume":11000,"label":" ","price":4.3},{"type":"B","date":"2018-04-26T07:59:01.000Z","volume":11000,"label":" ","price":4.31},{"type":"A","date":"2018-04-26T07:59:01.000Z","volume":1000,"label":" ","price":4.31},{"type":"A","date":"2018-04-26T07:59:03.000Z","volume":1000,"label":" ","price":4.32},{"type":"A","date":"2018-04-26T07:59:13.000Z","volume":1000,"label":" ","price":4.32},{"type":"B","date":"2018-04-26T07:59:32.000Z","volume":1000,"label":" ","price":4.3},{"type":"B","date":"2018-04-26T07:59:55.000Z","volume":2000,"label":" ","price":4.3},{"type":"B","date":"2018-04-26T07:59:55.000Z","volume":1000,"label":" ","price":4.3}]