[{"type":"A","date":"2018-04-17T01:37:07.000Z","volume":6000,"label":" ","price":0.73},{"type":"A","date":"2018-04-17T01:39:16.000Z","volume":32000,"label":" ","price":0.75},{"type":"A","date":"2018-04-17T01:43:15.000Z","volume":32000,"label":" ","price":0.75},{"type":"U","date":"2018-04-17T02:08:10.000Z","volume":16000,"label":" ","price":0.73},{"type":"U","date":"2018-04-17T02:10:45.000Z","volume":28000,"label":" ","price":0.73},{"type":"U","date":"2018-04-17T02:10:45.000Z","volume":12000,"label":" ","price":0.73},{"type":"A","date":"2018-04-17T02:18:47.000Z","volume":120000,"label":" ","price":0.74},{"type":"A","date":"2018-04-17T02:28:09.000Z","volume":10000,"label":" ","price":0.74},{"type":"A","date":"2018-04-17T02:42:39.000Z","volume":8000,"label":"Y","price":0.75},{"type":"A","date":"2018-04-17T02:42:39.000Z","volume":2000,"label":" ","price":0.75},{"type":"B","date":"2018-04-17T02:51:20.000Z","volume":10000,"label":" ","price":0.74},{"type":"B","date":"2018-04-17T02:58:50.000Z","volume":8000,"label":"Y","price":0.73},{"type":"B","date":"2018-04-17T02:58:50.000Z","volume":40000,"label":" ","price":0.73},{"type":"A","date":"2018-04-17T03:15:33.000Z","volume":50000,"label":" ","price":0.75},{"type":"A","date":"2018-04-17T03:15:42.000Z","volume":348000,"label":" ","price":0.75},{"type":"A","date":"2018-04-17T03:15:42.000Z","volume":2000,"label":" ","price":0.77},{"type":"A","date":"2018-04-17T03:15:55.000Z","volume":6000,"label":" ","price":0.77},{"type":"A","date":"2018-04-17T03:15:55.000Z","volume":4000,"label":" ","price":0.79},{"type":"A","date":"2018-04-17T03:18:33.000Z","volume":20000,"label":" ","price":0.77},{"type":"A","date":"2018-04-17T03:18:59.000Z","volume":30000,"label":" ","price":0.77},{"type":"A","date":"2018-04-17T03:19:30.000Z","volume":10000,"label":" ","price":0.77},{"type":"B","date":"2018-04-17T03:19:42.000Z","volume":158000,"label":" ","price":0.77},{"type":"A","date":"2018-04-17T03:19:49.000Z","volume":42000,"label":" ","price":0.77},{"type":"A","date":"2018-04-17T03:20:17.000Z","volume":60000,"label":" ","price":0.77},{"type":"A","date":"2018-04-17T03:20:17.000Z","volume":40000,"label":" ","price":0.77},{"type":"B","date":"2018-04-17T03:21:12.000Z","volume":30000,"label":" ","price":0.76},{"type":"B","date":"2018-04-17T03:22:21.000Z","volume":20000,"label":" ","price":0.76},{"type":"B","date":"2018-04-17T03:27:54.000Z","volume":20000,"label":" ","price":0.77},{"type":"B","date":"2018-04-17T03:27:54.000Z","volume":40000,"label":" ","price":0.77},{"type":"A","date":"2018-04-17T03:30:42.000Z","volume":50000,"label":" ","price":0.78},{"type":"A","date":"2018-04-17T03:31:01.000Z","volume":60000,"label":" ","price":0.78},{"type":"B","date":"2018-04-17T03:31:01.000Z","volume":4000,"label":" ","price":0.78},{"type":"A","date":"2018-04-17T03:31:27.000Z","volume":2000,"label":" ","price":0.78},{"type":"A","date":"2018-04-17T03:33:42.000Z","volume":20000,"label":" ","price":0.78},{"type":"A","date":"2018-04-17T03:34:46.000Z","volume":50000,"label":" ","price":0.78},{"type":"A","date":"2018-04-17T03:34:46.000Z","volume":2000,"label":" ","price":0.78},{"type":"A","date":"2018-04-17T03:35:10.000Z","volume":10000,"label":" ","price":0.79},{"type":"A","date":"2018-04-17T03:35:10.000Z","volume":10000,"label":" ","price":0.79},{"type":"A","date":"2018-04-17T03:35:10.000Z","volume":10000,"label":" ","price":0.79},{"type":"A","date":"2018-04-17T03:35:10.000Z","volume":10000,"label":" ","price":0.79},{"type":"A","date":"2018-04-17T03:35:10.000Z","volume":10000,"label":" ","price":0.79},{"type":"A","date":"2018-04-17T03:35:10.000Z","volume":10000,"label":" ","price":0.79},{"type":"A","date":"2018-04-17T03:35:10.000Z","volume":10000,"label":" ","price":0.79},{"type":"A","date":"2018-04-17T03:35:10.000Z","volume":10000,"label":" ","price":0.79},{"type":"A","date":"2018-04-17T03:35:10.000Z","volume":10000,"label":" ","price":0.79},{"type":"A","date":"2018-04-17T03:35:10.000Z","volume":10000,"label":" ","price":0.79},{"type":"A","date":"2018-04-17T03:35:12.000Z","volume":10000,"label":" ","price":0.79},{"type":"A","date":"2018-04-17T03:35:12.000Z","volume":10000,"label":" ","price":0.79},{"type":"A","date":"2018-04-17T03:35:12.000Z","volume":10000,"label":" ","price":0.79},{"type":"A","date":"2018-04-17T03:35:12.000Z","volume":10000,"label":" ","price":0.79},{"type":"A","date":"2018-04-17T03:35:12.000Z","volume":4000,"label":" ","price":0.79},{"type":"B","date":"2018-04-17T03:35:12.000Z","volume":6000,"label":" ","price":0.79},{"type":"A","date":"2018-04-17T03:36:30.000Z","volume":20000,"label":" ","price":0.79},{"type":"A","date":"2018-04-17T03:36:36.000Z","volume":8000,"label":" ","price":0.79},{"type":"A","date":"2018-04-17T03:36:55.000Z","volume":8000,"label":" ","price":0.79},{"type":"A","date":"2018-04-17T03:37:19.000Z","volume":2000,"label":" ","price":0.79},{"type":"A","date":"2018-04-17T03:37:25.000Z","volume":2000,"label":" ","price":0.79},{"type":"B","date":"2018-04-17T03:38:38.000Z","volume":40000,"label":" ","price":0.79},{"type":"A","date":"2018-04-17T03:38:43.000Z","volume":10000,"label":" ","price":0.79},{"type":"B","date":"2018-04-17T03:38:54.000Z","volume":10000,"label":" ","price":0.79},{"type":"B","date":"2018-04-17T03:39:21.000Z","volume":30000,"label":" ","price":0.78},{"type":"B","date":"2018-04-17T03:39:21.000Z","volume":2000,"label":" ","price":0.78},{"type":"A","date":"2018-04-17T03:40:42.000Z","volume":10000,"label":" ","price":0.78},{"type":"A","date":"2018-04-17T03:47:04.000Z","volume":34000,"label":" ","price":0.79},{"type":"A","date":"2018-04-17T03:49:34.000Z","volume":104000,"label":" ","price":0.8},{"type":"A","date":"2018-04-17T03:50:46.000Z","volume":2000,"label":" ","price":0.81},{"type":"A","date":"2018-04-17T03:51:06.000Z","volume":60000,"label":" ","price":0.81},{"type":"B","date":"2018-04-17T03:51:08.000Z","volume":20000,"label":" ","price":0.8},{"type":"B","date":"2018-04-17T03:51:35.000Z","volume":12000,"label":" ","price":0.8},{"type":"B","date":"2018-04-17T03:53:45.000Z","volume":20000,"label":" ","price":0.8},{"type":"B","date":"2018-04-17T03:54:29.000Z","volume":24000,"label":" ","price":0.8},{"type":"A","date":"2018-04-17T03:54:53.000Z","volume":10000,"label":" ","price":0.8},{"type":"B","date":"2018-04-17T03:55:23.000Z","volume":66000,"label":" ","price":0.79},{"type":"B","date":"2018-04-17T03:57:56.000Z","volume":18000,"label":" ","price":0.79},{"type":"A","date":"2018-04-17T05:25:08.000Z","volume":98000,"label":" ","price":0.79},{"type":"A","date":"2018-04-17T05:25:28.000Z","volume":80000,"label":" ","price":0.8},{"type":"A","date":"2018-04-17T05:25:28.000Z","volume":42000,"label":" ","price":0.8},{"type":"B","date":"2018-04-17T05:27:19.000Z","volume":2000,"label":" ","price":0.8},{"type":"A","date":"2018-04-17T05:27:20.000Z","volume":6000,"label":" ","price":0.8},{"type":"A","date":"2018-04-17T05:32:20.000Z","volume":30000,"label":" ","price":0.8},{"type":"A","date":"2018-04-17T05:32:29.000Z","volume":18000,"label":" ","price":0.8},{"type":"A","date":"2018-04-17T05:36:32.000Z","volume":112000,"label":" ","price":0.8},{"type":"A","date":"2018-04-17T05:36:41.000Z","volume":20000,"label":" ","price":0.81},{"type":"A","date":"2018-04-17T05:36:43.000Z","volume":80000,"label":" ","price":0.81},{"type":"A","date":"2018-04-17T05:36:43.000Z","volume":18000,"label":" ","price":0.81},{"type":"A","date":"2018-04-17T05:36:44.000Z","volume":20000,"label":" ","price":0.81},{"type":"A","date":"2018-04-17T05:36:46.000Z","volume":20000,"label":" ","price":0.81},{"type":"A","date":"2018-04-17T05:36:47.000Z","volume":8000,"label":" ","price":0.81},{"type":"B","date":"2018-04-17T05:37:06.000Z","volume":30000,"label":" ","price":0.81},{"type":"B","date":"2018-04-17T05:37:09.000Z","volume":8000,"label":" ","price":0.81},{"type":"A","date":"2018-04-17T05:37:15.000Z","volume":2000,"label":" ","price":0.81},{"type":"A","date":"2018-04-17T05:37:23.000Z","volume":10000,"label":" ","price":0.81},{"type":"B","date":"2018-04-17T05:37:36.000Z","volume":20000,"label":" ","price":0.81},{"type":"A","date":"2018-04-17T05:37:41.000Z","volume":6000,"label":" ","price":0.81},{"type":"A","date":"2018-04-17T05:37:41.000Z","volume":4000,"label":" ","price":0.81},{"type":"B","date":"2018-04-17T05:53:16.000Z","volume":600000,"label":" ","price":0.8},{"type":"B","date":"2018-04-17T05:53:16.000Z","volume":10000,"label":" ","price":0.8},{"type":"B","date":"2018-04-17T05:54:17.000Z","volume":20000,"label":" ","price":0.79},{"type":"B","date":"2018-04-17T05:54:18.000Z","volume":20000,"label":" ","price":0.79},{"type":"B","date":"2018-04-17T05:54:25.000Z","volume":204000,"label":" ","price":0.79},{"type":"B","date":"2018-04-17T05:55:23.000Z","volume":10000,"label":"Y","price":0.78},{"type":"B","date":"2018-04-17T05:55:23.000Z","volume":40000,"label":" ","price":0.78},{"type":"B","date":"2018-04-17T05:55:23.000Z","volume":26000,"label":" ","price":0.78},{"type":"B","date":"2018-04-17T06:08:15.000Z","volume":20000,"label":" ","price":0.78},{"type":"A","date":"2018-04-17T06:21:05.000Z","volume":40000,"label":" ","price":0.78},{"type":"B","date":"2018-04-17T06:21:13.000Z","volume":20000,"label":" ","price":0.78},{"type":"A","date":"2018-04-17T06:29:21.000Z","volume":40000,"label":" ","price":0.78},{"type":"A","date":"2018-04-17T06:33:13.000Z","volume":40000,"label":" ","price":0.78},{"type":"A","date":"2018-04-17T07:03:19.000Z","volume":10000,"label":" ","price":0.78},{"type":"A","date":"2018-04-17T07:04:28.000Z","volume":4000,"label":" ","price":0.78},{"type":"B","date":"2018-04-17T07:20:50.000Z","volume":4000,"label":" ","price":0.77},{"type":"B","date":"2018-04-17T07:23:37.000Z","volume":30000,"label":" ","price":0.77},{"type":"B","date":"2018-04-17T07:23:39.000Z","volume":30000,"label":" ","price":0.77},{"type":"B","date":"2018-04-17T07:23:45.000Z","volume":40000,"label":" ","price":0.77},{"type":"A","date":"2018-04-17T07:27:58.000Z","volume":6000,"label":" ","price":0.77},{"type":"B","date":"2018-04-17T07:39:12.000Z","volume":20000,"label":" ","price":0.76},{"type":"B","date":"2018-04-17T07:39:43.000Z","volume":16000,"label":" ","price":0.76},{"type":"A","date":"2018-04-17T07:39:43.000Z","volume":4000,"label":" ","price":0.76},{"type":"A","date":"2018-04-17T07:45:21.000Z","volume":2000,"label":" ","price":0.76},{"type":"A","date":"2018-04-17T07:45:36.000Z","volume":8000,"label":" ","price":0.76},{"type":"B","date":"2018-04-17T07:45:36.000Z","volume":12000,"label":" ","price":0.76},{"type":"B","date":"2018-04-17T07:46:28.000Z","volume":2000,"label":" ","price":0.76},{"type":"A","date":"2018-04-17T07:49:23.000Z","volume":2000,"label":" ","price":0.77}]