[{"type":"U","date":"2018-03-23T01:20:00.000Z","volume":2000,"label":"U","price":8.4},{"type":"B","date":"2018-03-23T01:30:19.000Z","volume":2000,"label":" ","price":8.23},{"type":"B","date":"2018-03-23T01:30:21.000Z","volume":2000,"label":"Y","price":8.21},{"type":"B","date":"2018-03-23T01:30:49.000Z","volume":5000,"label":" ","price":8.21},{"type":"A","date":"2018-03-23T01:30:56.000Z","volume":1000,"label":" ","price":8.23},{"type":"B","date":"2018-03-23T01:31:14.000Z","volume":5000,"label":" ","price":8.21},{"type":"B","date":"2018-03-23T01:31:15.000Z","volume":18000,"label":" ","price":8.2},{"type":"B","date":"2018-03-23T01:31:15.000Z","volume":15000,"label":" ","price":8.2},{"type":"B","date":"2018-03-23T01:31:15.000Z","volume":2000,"label":" ","price":8.19},{"type":"B","date":"2018-03-23T01:31:15.000Z","volume":1000,"label":" ","price":8.18},{"type":"B","date":"2018-03-23T01:31:21.000Z","volume":2000,"label":" ","price":8.12},{"type":"B","date":"2018-03-23T01:33:11.000Z","volume":2000,"label":" ","price":8.01},{"type":"A","date":"2018-03-23T01:33:24.000Z","volume":10000,"label":" ","price":8.06},{"type":"A","date":"2018-03-23T01:34:03.000Z","volume":20000,"label":" ","price":8.05},{"type":"B","date":"2018-03-23T01:34:03.000Z","volume":2000,"label":" ","price":8.01},{"type":"A","date":"2018-03-23T01:34:05.000Z","volume":18000,"label":" ","price":8.05},{"type":"A","date":"2018-03-23T01:34:05.000Z","volume":12000,"label":" ","price":8.06},{"type":"A","date":"2018-03-23T01:34:26.000Z","volume":14000,"label":" ","price":8.06},{"type":"A","date":"2018-03-23T01:34:26.000Z","volume":1000,"label":" ","price":8.07},{"type":"A","date":"2018-03-23T01:34:47.000Z","volume":10000,"label":" ","price":8.07},{"type":"A","date":"2018-03-23T01:34:47.000Z","volume":4000,"label":" ","price":8.07},{"type":"A","date":"2018-03-23T01:35:08.000Z","volume":6000,"label":" ","price":8.07},{"type":"A","date":"2018-03-23T01:35:09.000Z","volume":1000,"label":"Y","price":8.07},{"type":"A","date":"2018-03-23T01:35:09.000Z","volume":4000,"label":" ","price":8.07},{"type":"A","date":"2018-03-23T01:35:48.000Z","volume":1000,"label":" ","price":8.07},{"type":"A","date":"2018-03-23T01:36:14.000Z","volume":20000,"label":" ","price":8.07},{"type":"A","date":"2018-03-23T01:36:17.000Z","volume":2000,"label":" ","price":8.07},{"type":"A","date":"2018-03-23T01:36:29.000Z","volume":10000,"label":" ","price":8.07},{"type":"A","date":"2018-03-23T01:36:48.000Z","volume":12000,"label":" ","price":8.07},{"type":"A","date":"2018-03-23T01:36:56.000Z","volume":8000,"label":" ","price":8.08},{"type":"A","date":"2018-03-23T01:36:56.000Z","volume":10000,"label":" ","price":8.08},{"type":"A","date":"2018-03-23T01:37:01.000Z","volume":14000,"label":" ","price":8.08},{"type":"A","date":"2018-03-23T01:37:16.000Z","volume":14000,"label":" ","price":8.09},{"type":"A","date":"2018-03-23T01:37:37.000Z","volume":2000,"label":"Y","price":8.1},{"type":"A","date":"2018-03-23T01:37:37.000Z","volume":8000,"label":" ","price":8.1},{"type":"A","date":"2018-03-23T01:37:37.000Z","volume":11000,"label":" ","price":8.1},{"type":"A","date":"2018-03-23T01:37:38.000Z","volume":10000,"label":" ","price":8.1},{"type":"A","date":"2018-03-23T01:37:39.000Z","volume":16000,"label":" ","price":8.1},{"type":"A","date":"2018-03-23T01:37:46.000Z","volume":14000,"label":" ","price":8.1},{"type":"A","date":"2018-03-23T01:37:46.000Z","volume":2000,"label":" ","price":8.11},{"type":"A","date":"2018-03-23T01:37:46.000Z","volume":2000,"label":" ","price":8.11},{"type":"A","date":"2018-03-23T01:37:46.000Z","volume":2000,"label":" ","price":8.1},{"type":"A","date":"2018-03-23T01:37:46.000Z","volume":2000,"label":" ","price":8.1},{"type":"A","date":"2018-03-23T01:38:16.000Z","volume":2000,"label":" ","price":8.11},{"type":"A","date":"2018-03-23T01:38:31.000Z","volume":15000,"label":" ","price":8.11},{"type":"A","date":"2018-03-23T01:38:31.000Z","volume":1000,"label":" ","price":8.11},{"type":"A","date":"2018-03-23T01:38:31.000Z","volume":1000,"label":" ","price":8.11},{"type":"A","date":"2018-03-23T01:38:54.000Z","volume":1000,"label":" ","price":8.11},{"type":"A","date":"2018-03-23T01:39:05.000Z","volume":12000,"label":" ","price":8.11},{"type":"A","date":"2018-03-23T01:39:05.000Z","volume":2000,"label":" ","price":8.11},{"type":"A","date":"2018-03-23T01:39:19.000Z","volume":15000,"label":" ","price":8.13},{"type":"A","date":"2018-03-23T01:39:26.000Z","volume":10000,"label":" ","price":8.13},{"type":"A","date":"2018-03-23T01:39:26.000Z","volume":2000,"label":" ","price":8.13},{"type":"A","date":"2018-03-23T01:40:23.000Z","volume":1000,"label":" ","price":8.17},{"type":"A","date":"2018-03-23T01:41:24.000Z","volume":2000,"label":" ","price":8.17},{"type":"B","date":"2018-03-23T01:42:01.000Z","volume":41000,"label":" ","price":8.15},{"type":"B","date":"2018-03-23T01:42:01.000Z","volume":8000,"label":" ","price":8.15},{"type":"B","date":"2018-03-23T01:42:01.000Z","volume":14000,"label":" ","price":8.13},{"type":"B","date":"2018-03-23T01:42:01.000Z","volume":3000,"label":" ","price":8.12},{"type":"B","date":"2018-03-23T01:42:03.000Z","volume":32000,"label":" ","price":8.11},{"type":"B","date":"2018-03-23T01:42:03.000Z","volume":48000,"label":" ","price":8.11},{"type":"B","date":"2018-03-23T01:42:03.000Z","volume":14000,"label":" ","price":8.1},{"type":"B","date":"2018-03-23T01:42:04.000Z","volume":7000,"label":" ","price":8.1},{"type":"B","date":"2018-03-23T01:42:04.000Z","volume":1000,"label":" ","price":8.08},{"type":"B","date":"2018-03-23T01:42:49.000Z","volume":4000,"label":" ","price":8.08},{"type":"B","date":"2018-03-23T01:42:53.000Z","volume":1000,"label":" ","price":8.07},{"type":"B","date":"2018-03-23T01:43:25.000Z","volume":1000,"label":" ","price":8.07},{"type":"A","date":"2018-03-23T01:45:20.000Z","volume":2000,"label":" ","price":8.1},{"type":"B","date":"2018-03-23T01:48:08.000Z","volume":11000,"label":" ","price":8.09},{"type":"B","date":"2018-03-23T01:48:08.000Z","volume":34000,"label":" ","price":8.08},{"type":"B","date":"2018-03-23T01:48:22.000Z","volume":1000,"label":" ","price":8.06},{"type":"B","date":"2018-03-23T01:51:18.000Z","volume":3000,"label":" ","price":8.08},{"type":"A","date":"2018-03-23T01:51:18.000Z","volume":20000,"label":" ","price":8.1},{"type":"A","date":"2018-03-23T01:51:18.000Z","volume":4000,"label":" ","price":8.1},{"type":"A","date":"2018-03-23T01:51:19.000Z","volume":1000,"label":" ","price":8.1},{"type":"B","date":"2018-03-23T01:51:55.000Z","volume":10000,"label":" ","price":8.08},{"type":"A","date":"2018-03-23T01:53:48.000Z","volume":13000,"label":" ","price":8.1},{"type":"A","date":"2018-03-23T01:53:48.000Z","volume":1000,"label":" ","price":8.1},{"type":"A","date":"2018-03-23T01:53:51.000Z","volume":3000,"label":" ","price":8.11},{"type":"A","date":"2018-03-23T01:53:51.000Z","volume":1000,"label":" ","price":8.13},{"type":"B","date":"2018-03-23T01:54:04.000Z","volume":8000,"label":" ","price":8.11},{"type":"B","date":"2018-03-23T01:54:48.000Z","volume":17000,"label":" ","price":8.09},{"type":"A","date":"2018-03-23T01:54:48.000Z","volume":1000,"label":"Y","price":8.13},{"type":"B","date":"2018-03-23T01:55:03.000Z","volume":8000,"label":" ","price":8.09},{"type":"A","date":"2018-03-23T01:55:24.000Z","volume":4000,"label":"Y","price":8.13},{"type":"A","date":"2018-03-23T01:55:24.000Z","volume":4000,"label":" ","price":8.13},{"type":"A","date":"2018-03-23T01:55:24.000Z","volume":2000,"label":" ","price":8.13},{"type":"A","date":"2018-03-23T01:57:31.000Z","volume":5000,"label":" ","price":8.16},{"type":"A","date":"2018-03-23T01:57:44.000Z","volume":1000,"label":" ","price":8.18},{"type":"A","date":"2018-03-23T01:57:53.000Z","volume":4000,"label":" ","price":8.18},{"type":"A","date":"2018-03-23T01:57:56.000Z","volume":1000,"label":" ","price":8.18},{"type":"B","date":"2018-03-23T01:58:15.000Z","volume":3000,"label":" ","price":8.15},{"type":"A","date":"2018-03-23T01:58:16.000Z","volume":15000,"label":" ","price":8.15},{"type":"A","date":"2018-03-23T01:58:16.000Z","volume":32000,"label":" ","price":8.15},{"type":"A","date":"2018-03-23T01:58:16.000Z","volume":5000,"label":" ","price":8.15},{"type":"A","date":"2018-03-23T01:58:16.000Z","volume":1000,"label":" ","price":8.15},{"type":"A","date":"2018-03-23T01:58:18.000Z","volume":1000,"label":" ","price":8.18},{"type":"A","date":"2018-03-23T01:58:34.000Z","volume":7000,"label":" ","price":8.18},{"type":"A","date":"2018-03-23T01:58:34.000Z","volume":9000,"label":" ","price":8.2},{"type":"B","date":"2018-03-23T01:59:43.000Z","volume":4000,"label":" ","price":8.14},{"type":"A","date":"2018-03-23T01:59:44.000Z","volume":1000,"label":" ","price":8.2},{"type":"A","date":"2018-03-23T02:00:31.000Z","volume":1000,"label":" ","price":8.19},{"type":"A","date":"2018-03-23T02:01:29.000Z","volume":12000,"label":" ","price":8.19},{"type":"A","date":"2018-03-23T02:01:29.000Z","volume":1000,"label":" ","price":8.2},{"type":"A","date":"2018-03-23T02:01:34.000Z","volume":1000,"label":"Y","price":8.22},{"type":"B","date":"2018-03-23T02:02:22.000Z","volume":7000,"label":" ","price":8.2},{"type":"A","date":"2018-03-23T02:04:14.000Z","volume":2000,"label":" ","price":8.22},{"type":"A","date":"2018-03-23T02:04:49.000Z","volume":1000,"label":" ","price":8.22},{"type":"B","date":"2018-03-23T02:05:05.000Z","volume":6000,"label":" ","price":8.2},{"type":"A","date":"2018-03-23T02:05:35.000Z","volume":2000,"label":" ","price":8.22},{"type":"B","date":"2018-03-23T02:05:50.000Z","volume":1000,"label":" ","price":8.2},{"type":"B","date":"2018-03-23T02:07:29.000Z","volume":6000,"label":" ","price":8.2},{"type":"U","date":"2018-03-23T02:07:40.000Z","volume":6000,"label":"X","price":8.205},{"type":"A","date":"2018-03-23T02:07:44.000Z","volume":4000,"label":" ","price":8.21},{"type":"A","date":"2018-03-23T02:09:35.000Z","volume":1000,"label":" ","price":8.21},{"type":"B","date":"2018-03-23T02:09:43.000Z","volume":26000,"label":" ","price":8.2},{"type":"A","date":"2018-03-23T02:09:43.000Z","volume":1000,"label":" ","price":8.21},{"type":"B","date":"2018-03-23T02:10:19.000Z","volume":6000,"label":" ","price":8.2},{"type":"B","date":"2018-03-23T02:10:22.000Z","volume":1000,"label":" ","price":8.2},{"type":"A","date":"2018-03-23T02:10:25.000Z","volume":1000,"label":" ","price":8.2},{"type":"A","date":"2018-03-23T02:11:56.000Z","volume":15000,"label":" ","price":8.2},{"type":"B","date":"2018-03-23T02:12:44.000Z","volume":3000,"label":" ","price":8.19},{"type":"B","date":"2018-03-23T02:12:59.000Z","volume":1000,"label":" ","price":8.18},{"type":"B","date":"2018-03-23T02:12:59.000Z","volume":1000,"label":" ","price":8.17},{"type":"B","date":"2018-03-23T02:12:59.000Z","volume":4000,"label":" ","price":8.17},{"type":"B","date":"2018-03-23T02:12:59.000Z","volume":1000,"label":" ","price":8.17},{"type":"A","date":"2018-03-23T02:12:59.000Z","volume":1000,"label":" ","price":8.17},{"type":"B","date":"2018-03-23T02:13:14.000Z","volume":1000,"label":" ","price":8.16},{"type":"B","date":"2018-03-23T02:13:14.000Z","volume":1000,"label":" ","price":8.16},{"type":"U","date":"2018-03-23T02:13:43.000Z","volume":2000,"label":" ","price":8.17},{"type":"A","date":"2018-03-23T02:13:54.000Z","volume":10000,"label":" ","price":8.18},{"type":"B","date":"2018-03-23T02:15:37.000Z","volume":3000,"label":" ","price":8.14},{"type":"B","date":"2018-03-23T02:16:21.000Z","volume":3000,"label":" ","price":8.14},{"type":"B","date":"2018-03-23T02:16:29.000Z","volume":1000,"label":" ","price":8.14},{"type":"A","date":"2018-03-23T02:17:28.000Z","volume":9000,"label":" ","price":8.17},{"type":"A","date":"2018-03-23T02:17:28.000Z","volume":1000,"label":" ","price":8.18},{"type":"A","date":"2018-03-23T02:17:28.000Z","volume":1000,"label":" ","price":8.18},{"type":"B","date":"2018-03-23T02:17:43.000Z","volume":4000,"label":" ","price":8.15},{"type":"A","date":"2018-03-23T02:19:03.000Z","volume":4000,"label":" ","price":8.18},{"type":"A","date":"2018-03-23T02:19:03.000Z","volume":3000,"label":" ","price":8.19},{"type":"A","date":"2018-03-23T02:19:03.000Z","volume":1000,"label":" ","price":8.18},{"type":"B","date":"2018-03-23T02:19:14.000Z","volume":2000,"label":" ","price":8.15},{"type":"A","date":"2018-03-23T02:20:21.000Z","volume":8000,"label":" ","price":8.18},{"type":"A","date":"2018-03-23T02:20:21.000Z","volume":1000,"label":" ","price":8.19},{"type":"A","date":"2018-03-23T02:20:40.000Z","volume":1000,"label":" ","price":8.19},{"type":"B","date":"2018-03-23T02:21:04.000Z","volume":2000,"label":" ","price":8.15},{"type":"U","date":"2018-03-23T02:22:18.000Z","volume":1000,"label":" ","price":8.18},{"type":"A","date":"2018-03-23T02:23:04.000Z","volume":1000,"label":" ","price":8.2},{"type":"B","date":"2018-03-23T02:23:41.000Z","volume":6000,"label":" ","price":8.15},{"type":"U","date":"2018-03-23T02:24:11.000Z","volume":3000,"label":"X","price":8.175},{"type":"B","date":"2018-03-23T02:27:10.000Z","volume":7000,"label":" ","price":8.15},{"type":"B","date":"2018-03-23T02:28:57.000Z","volume":20000,"label":" ","price":8.15},{"type":"A","date":"2018-03-23T02:28:58.000Z","volume":1000,"label":" ","price":8.17},{"type":"B","date":"2018-03-23T02:29:29.000Z","volume":7000,"label":" ","price":8.14},{"type":"A","date":"2018-03-23T02:30:14.000Z","volume":12000,"label":" ","price":8.16},{"type":"A","date":"2018-03-23T02:30:15.000Z","volume":1000,"label":" ","price":8.16},{"type":"B","date":"2018-03-23T02:31:52.000Z","volume":2000,"label":" ","price":8.16},{"type":"A","date":"2018-03-23T02:33:52.000Z","volume":18000,"label":" ","price":8.16},{"type":"A","date":"2018-03-23T02:33:52.000Z","volume":1000,"label":" ","price":8.16},{"type":"B","date":"2018-03-23T02:35:13.000Z","volume":3000,"label":" ","price":8.15},{"type":"B","date":"2018-03-23T02:37:18.000Z","volume":8000,"label":" ","price":8.15},{"type":"A","date":"2018-03-23T02:38:15.000Z","volume":3000,"label":" ","price":8.16},{"type":"B","date":"2018-03-23T02:40:07.000Z","volume":7000,"label":" ","price":8.15},{"type":"B","date":"2018-03-23T02:42:43.000Z","volume":2000,"label":" ","price":8.15},{"type":"B","date":"2018-03-23T02:42:43.000Z","volume":7000,"label":" ","price":8.15},{"type":"B","date":"2018-03-23T02:42:44.000Z","volume":1000,"label":"Y","price":8.15},{"type":"B","date":"2018-03-23T02:42:44.000Z","volume":1000,"label":" ","price":8.15},{"type":"A","date":"2018-03-23T02:45:02.000Z","volume":1000,"label":"Y","price":8.15},{"type":"A","date":"2018-03-23T02:45:02.000Z","volume":15000,"label":" ","price":8.15},{"type":"A","date":"2018-03-23T02:45:02.000Z","volume":1000,"label":" ","price":8.15},{"type":"B","date":"2018-03-23T02:45:02.000Z","volume":1000,"label":" ","price":8.15},{"type":"A","date":"2018-03-23T02:47:01.000Z","volume":7000,"label":" ","price":8.16},{"type":"A","date":"2018-03-23T02:47:07.000Z","volume":1000,"label":" ","price":8.16},{"type":"A","date":"2018-03-23T02:47:23.000Z","volume":4000,"label":" ","price":8.16},{"type":"A","date":"2018-03-23T02:47:23.000Z","volume":8000,"label":" ","price":8.17},{"type":"B","date":"2018-03-23T02:47:50.000Z","volume":1000,"label":" ","price":8.16},{"type":"B","date":"2018-03-23T02:50:33.000Z","volume":6000,"label":" ","price":8.16},{"type":"B","date":"2018-03-23T02:53:43.000Z","volume":1000,"label":"Y","price":8.16},{"type":"B","date":"2018-03-23T02:53:43.000Z","volume":5000,"label":" ","price":8.16},{"type":"A","date":"2018-03-23T02:53:52.000Z","volume":1000,"label":" ","price":8.17},{"type":"A","date":"2018-03-23T02:54:10.000Z","volume":13000,"label":" ","price":8.17},{"type":"A","date":"2018-03-23T02:54:10.000Z","volume":1000,"label":" ","price":8.17},{"type":"U","date":"2018-03-23T02:55:06.000Z","volume":1000,"label":" ","price":8.18},{"type":"A","date":"2018-03-23T02:55:07.000Z","volume":1000,"label":" ","price":8.18},{"type":"A","date":"2018-03-23T02:55:52.000Z","volume":3000,"label":" ","price":8.18},{"type":"A","date":"2018-03-23T02:55:58.000Z","volume":7000,"label":" ","price":8.19},{"type":"B","date":"2018-03-23T02:55:58.000Z","volume":1000,"label":" ","price":8.17},{"type":"A","date":"2018-03-23T02:56:23.000Z","volume":3000,"label":" ","price":8.19},{"type":"A","date":"2018-03-23T02:56:35.000Z","volume":1000,"label":" ","price":8.19},{"type":"A","date":"2018-03-23T02:57:40.000Z","volume":8000,"label":" ","price":8.2},{"type":"A","date":"2018-03-23T02:58:16.000Z","volume":13000,"label":" ","price":8.21},{"type":"B","date":"2018-03-23T02:58:50.000Z","volume":2000,"label":"Y","price":8.18},{"type":"B","date":"2018-03-23T02:58:50.000Z","volume":1000,"label":" ","price":8.18},{"type":"A","date":"2018-03-23T02:59:22.000Z","volume":1000,"label":" ","price":8.22},{"type":"A","date":"2018-03-23T02:59:23.000Z","volume":2000,"label":" ","price":8.22},{"type":"A","date":"2018-03-23T02:59:23.000Z","volume":1000,"label":" ","price":8.22},{"type":"A","date":"2018-03-23T02:59:34.000Z","volume":1000,"label":" ","price":8.22},{"type":"A","date":"2018-03-23T03:01:39.000Z","volume":1000,"label":" ","price":8.22},{"type":"B","date":"2018-03-23T03:01:39.000Z","volume":1000,"label":"Y","price":8.18},{"type":"B","date":"2018-03-23T03:01:39.000Z","volume":5000,"label":" ","price":8.18},{"type":"B","date":"2018-03-23T03:03:20.000Z","volume":4000,"label":" ","price":8.2},{"type":"B","date":"2018-03-23T03:03:20.000Z","volume":17000,"label":" ","price":8.2},{"type":"A","date":"2018-03-23T03:03:35.000Z","volume":19000,"label":" ","price":8.21},{"type":"B","date":"2018-03-23T03:04:31.000Z","volume":2000,"label":" ","price":8.19},{"type":"B","date":"2018-03-23T03:04:57.000Z","volume":3000,"label":"Y","price":8.18},{"type":"B","date":"2018-03-23T03:04:57.000Z","volume":2000,"label":" ","price":8.18},{"type":"B","date":"2018-03-23T03:04:57.000Z","volume":2000,"label":" ","price":8.18},{"type":"A","date":"2018-03-23T03:06:59.000Z","volume":10000,"label":" ","price":8.18},{"type":"B","date":"2018-03-23T03:10:38.000Z","volume":6000,"label":" ","price":8.18},{"type":"B","date":"2018-03-23T03:12:03.000Z","volume":1000,"label":"Y","price":8.18},{"type":"B","date":"2018-03-23T03:12:03.000Z","volume":4000,"label":" ","price":8.18},{"type":"A","date":"2018-03-23T03:12:46.000Z","volume":1000,"label":"Y","price":8.19},{"type":"A","date":"2018-03-23T03:12:46.000Z","volume":10000,"label":" ","price":8.19},{"type":"A","date":"2018-03-23T03:12:46.000Z","volume":3000,"label":" ","price":8.2},{"type":"A","date":"2018-03-23T03:13:08.000Z","volume":1000,"label":"Y","price":8.21},{"type":"A","date":"2018-03-23T03:13:53.000Z","volume":1000,"label":" ","price":8.21},{"type":"B","date":"2018-03-23T03:14:40.000Z","volume":1000,"label":" ","price":8.2},{"type":"B","date":"2018-03-23T03:15:25.000Z","volume":3000,"label":" ","price":8.2},{"type":"B","date":"2018-03-23T03:16:22.000Z","volume":1000,"label":" ","price":8.2},{"type":"A","date":"2018-03-23T03:16:53.000Z","volume":1000,"label":" ","price":8.21},{"type":"A","date":"2018-03-23T03:16:58.000Z","volume":1000,"label":" ","price":8.21},{"type":"B","date":"2018-03-23T03:19:38.000Z","volume":3000,"label":" ","price":8.2},{"type":"A","date":"2018-03-23T03:20:53.000Z","volume":1000,"label":" ","price":8.21},{"type":"B","date":"2018-03-23T03:20:53.000Z","volume":4000,"label":" ","price":8.2},{"type":"A","date":"2018-03-23T03:21:39.000Z","volume":1000,"label":" ","price":8.21},{"type":"A","date":"2018-03-23T03:22:19.000Z","volume":1000,"label":" ","price":8.21},{"type":"B","date":"2018-03-23T03:22:22.000Z","volume":4000,"label":" ","price":8.2},{"type":"B","date":"2018-03-23T03:22:43.000Z","volume":3000,"label":" ","price":8.2},{"type":"B","date":"2018-03-23T03:22:43.000Z","volume":4000,"label":"Y","price":8.2},{"type":"B","date":"2018-03-23T03:22:43.000Z","volume":17000,"label":" ","price":8.2},{"type":"B","date":"2018-03-23T03:22:43.000Z","volume":2000,"label":" ","price":8.2},{"type":"U","date":"2018-03-23T03:23:13.000Z","volume":5000,"label":"X","price":8.205},{"type":"U","date":"2018-03-23T03:23:13.000Z","volume":12000,"label":"X","price":8.2},{"type":"B","date":"2018-03-23T03:25:35.000Z","volume":3000,"label":" ","price":8.18},{"type":"B","date":"2018-03-23T03:25:35.000Z","volume":3000,"label":" ","price":8.18},{"type":"B","date":"2018-03-23T03:25:35.000Z","volume":4000,"label":" ","price":8.17},{"type":"A","date":"2018-03-23T03:25:35.000Z","volume":1000,"label":" ","price":8.18},{"type":"A","date":"2018-03-23T03:25:35.000Z","volume":1000,"label":" ","price":8.18},{"type":"B","date":"2018-03-23T03:25:44.000Z","volume":1000,"label":" ","price":8.16},{"type":"B","date":"2018-03-23T03:25:44.000Z","volume":1000,"label":" ","price":8.16},{"type":"A","date":"2018-03-23T03:26:25.000Z","volume":1000,"label":" ","price":8.17},{"type":"A","date":"2018-03-23T03:26:52.000Z","volume":6000,"label":" ","price":8.17},{"type":"B","date":"2018-03-23T03:28:58.000Z","volume":4000,"label":" ","price":8.14},{"type":"A","date":"2018-03-23T03:28:58.000Z","volume":1000,"label":" ","price":8.17},{"type":"B","date":"2018-03-23T03:30:35.000Z","volume":55000,"label":" ","price":8.14},{"type":"A","date":"2018-03-23T03:30:56.000Z","volume":25000,"label":" ","price":8.14},{"type":"A","date":"2018-03-23T03:30:56.000Z","volume":1000,"label":" ","price":8.15},{"type":"A","date":"2018-03-23T03:30:56.000Z","volume":1000,"label":" ","price":8.16},{"type":"A","date":"2018-03-23T03:30:56.000Z","volume":5000,"label":" ","price":8.17},{"type":"A","date":"2018-03-23T03:30:56.000Z","volume":3000,"label":" ","price":8.18},{"type":"A","date":"2018-03-23T03:30:56.000Z","volume":25000,"label":" ","price":8.21},{"type":"B","date":"2018-03-23T03:31:23.000Z","volume":3000,"label":" ","price":8.14},{"type":"A","date":"2018-03-23T03:32:03.000Z","volume":1000,"label":" ","price":8.18},{"type":"B","date":"2018-03-23T03:34:03.000Z","volume":5000,"label":" ","price":8.13},{"type":"A","date":"2018-03-23T03:34:19.000Z","volume":1000,"label":" ","price":8.16},{"type":"A","date":"2018-03-23T03:36:56.000Z","volume":1000,"label":" ","price":8.16},{"type":"B","date":"2018-03-23T03:36:56.000Z","volume":5000,"label":" ","price":8.13},{"type":"B","date":"2018-03-23T03:39:14.000Z","volume":1000,"label":" ","price":8.13},{"type":"A","date":"2018-03-23T03:39:33.000Z","volume":1000,"label":" ","price":8.15},{"type":"A","date":"2018-03-23T03:40:24.000Z","volume":1000,"label":" ","price":8.15},{"type":"A","date":"2018-03-23T03:40:28.000Z","volume":1000,"label":"Y","price":8.15},{"type":"A","date":"2018-03-23T03:40:47.000Z","volume":10000,"label":" ","price":8.15},{"type":"A","date":"2018-03-23T03:42:17.000Z","volume":1000,"label":" ","price":8.14},{"type":"B","date":"2018-03-23T03:42:17.000Z","volume":3000,"label":" ","price":8.13},{"type":"A","date":"2018-03-23T03:43:54.000Z","volume":1000,"label":" ","price":8.14},{"type":"B","date":"2018-03-23T03:49:14.000Z","volume":1000,"label":" ","price":8.13},{"type":"B","date":"2018-03-23T03:49:14.000Z","volume":1000,"label":" ","price":8.13},{"type":"B","date":"2018-03-23T03:49:28.000Z","volume":1000,"label":" ","price":8.13},{"type":"B","date":"2018-03-23T03:49:59.000Z","volume":2000,"label":" ","price":8.13},{"type":"A","date":"2018-03-23T03:50:19.000Z","volume":1000,"label":" ","price":8.14},{"type":"B","date":"2018-03-23T03:52:03.000Z","volume":1000,"label":" ","price":8.13},{"type":"B","date":"2018-03-23T03:52:14.000Z","volume":1000,"label":" ","price":8.13},{"type":"A","date":"2018-03-23T03:52:16.000Z","volume":1000,"label":" ","price":8.14},{"type":"B","date":"2018-03-23T03:53:23.000Z","volume":1000,"label":" ","price":8.13},{"type":"A","date":"2018-03-23T03:53:23.000Z","volume":1000,"label":"Y","price":8.14},{"type":"B","date":"2018-03-23T03:53:23.000Z","volume":8000,"label":" ","price":8.13},{"type":"A","date":"2018-03-23T03:53:55.000Z","volume":1000,"label":" ","price":8.14},{"type":"B","date":"2018-03-23T03:54:03.000Z","volume":1000,"label":" ","price":8.13},{"type":"B","date":"2018-03-23T03:54:23.000Z","volume":1000,"label":" ","price":8.13},{"type":"B","date":"2018-03-23T03:54:29.000Z","volume":1000,"label":" ","price":8.13},{"type":"B","date":"2018-03-23T03:56:03.000Z","volume":1000,"label":" ","price":8.13},{"type":"B","date":"2018-03-23T03:56:44.000Z","volume":1000,"label":" ","price":8.13},{"type":"A","date":"2018-03-23T03:56:44.000Z","volume":2000,"label":"Y","price":8.14},{"type":"A","date":"2018-03-23T03:57:10.000Z","volume":1000,"label":" ","price":8.14},{"type":"B","date":"2018-03-23T03:58:43.000Z","volume":1000,"label":" ","price":8.13},{"type":"B","date":"2018-03-23T03:59:07.000Z","volume":6000,"label":" ","price":8.13},{"type":"A","date":"2018-03-23T03:59:07.000Z","volume":1000,"label":"Y","price":8.14},{"type":"A","date":"2018-03-23T03:59:07.000Z","volume":1000,"label":" ","price":8.14},{"type":"A","date":"2018-03-23T05:00:02.000Z","volume":2000,"label":" ","price":8.14},{"type":"A","date":"2018-03-23T05:00:02.000Z","volume":5000,"label":" ","price":8.14},{"type":"A","date":"2018-03-23T05:00:02.000Z","volume":1000,"label":" ","price":8.14},{"type":"B","date":"2018-03-23T05:00:16.000Z","volume":35000,"label":" ","price":8.14},{"type":"B","date":"2018-03-23T05:00:16.000Z","volume":1000,"label":" ","price":8.14},{"type":"B","date":"2018-03-23T05:01:20.000Z","volume":1000,"label":" ","price":8.14},{"type":"B","date":"2018-03-23T05:01:32.000Z","volume":1000,"label":"Y","price":8.14},{"type":"B","date":"2018-03-23T05:01:32.000Z","volume":22000,"label":" ","price":8.14},{"type":"B","date":"2018-03-23T05:01:47.000Z","volume":3000,"label":" ","price":8.14},{"type":"A","date":"2018-03-23T05:02:01.000Z","volume":1000,"label":" ","price":8.15},{"type":"A","date":"2018-03-23T05:02:08.000Z","volume":1000,"label":" ","price":8.15},{"type":"B","date":"2018-03-23T05:03:50.000Z","volume":1000,"label":" ","price":8.14},{"type":"U","date":"2018-03-23T05:04:43.000Z","volume":1000,"label":"X","price":8.145},{"type":"B","date":"2018-03-23T05:05:00.000Z","volume":1000,"label":" ","price":8.14},{"type":"A","date":"2018-03-23T05:05:00.000Z","volume":1000,"label":" ","price":8.15},{"type":"B","date":"2018-03-23T05:05:05.000Z","volume":1000,"label":" ","price":8.14},{"type":"B","date":"2018-03-23T05:05:05.000Z","volume":2000,"label":"Y","price":8.14},{"type":"A","date":"2018-03-23T05:05:35.000Z","volume":1000,"label":" ","price":8.15},{"type":"A","date":"2018-03-23T05:06:13.000Z","volume":1000,"label":" ","price":8.14},{"type":"B","date":"2018-03-23T05:10:12.000Z","volume":1000,"label":" ","price":8.13},{"type":"B","date":"2018-03-23T05:10:12.000Z","volume":2000,"label":" ","price":8.13},{"type":"U","date":"2018-03-23T05:10:17.000Z","volume":170,"label":"D","price":8.1},{"type":"A","date":"2018-03-23T05:10:26.000Z","volume":2000,"label":" ","price":8.14},{"type":"A","date":"2018-03-23T05:11:13.000Z","volume":1000,"label":" ","price":8.14},{"type":"B","date":"2018-03-23T05:11:40.000Z","volume":1000,"label":" ","price":8.13},{"type":"B","date":"2018-03-23T05:12:17.000Z","volume":6000,"label":" ","price":8.13},{"type":"B","date":"2018-03-23T05:12:17.000Z","volume":28000,"label":" ","price":8.13},{"type":"B","date":"2018-03-23T05:12:32.000Z","volume":17000,"label":" ","price":8.12},{"type":"B","date":"2018-03-23T05:14:47.000Z","volume":1000,"label":" ","price":8.12},{"type":"B","date":"2018-03-23T05:14:47.000Z","volume":1000,"label":" ","price":8.12},{"type":"B","date":"2018-03-23T05:14:48.000Z","volume":23000,"label":" ","price":8.11},{"type":"B","date":"2018-03-23T05:15:13.000Z","volume":7000,"label":" ","price":8.1},{"type":"B","date":"2018-03-23T05:18:03.000Z","volume":4000,"label":" ","price":8.1},{"type":"B","date":"2018-03-23T05:18:03.000Z","volume":41000,"label":" ","price":8.1},{"type":"U","date":"2018-03-23T05:18:16.000Z","volume":3000,"label":"X","price":8.105},{"type":"U","date":"2018-03-23T05:18:16.000Z","volume":3000,"label":"X","price":8.105},{"type":"B","date":"2018-03-23T05:19:32.000Z","volume":1000,"label":" ","price":8.1},{"type":"B","date":"2018-03-23T05:20:19.000Z","volume":1000,"label":" ","price":8.1},{"type":"A","date":"2018-03-23T05:23:14.000Z","volume":1000,"label":" ","price":8.11},{"type":"B","date":"2018-03-23T05:23:20.000Z","volume":3000,"label":" ","price":8.1},{"type":"A","date":"2018-03-23T05:23:27.000Z","volume":5000,"label":" ","price":8.11},{"type":"U","date":"2018-03-23T05:23:36.000Z","volume":5000,"label":"X","price":8.105},{"type":"A","date":"2018-03-23T05:24:37.000Z","volume":1000,"label":"Y","price":8.11},{"type":"B","date":"2018-03-23T05:24:40.000Z","volume":3000,"label":" ","price":8.1},{"type":"B","date":"2018-03-23T05:25:17.000Z","volume":1000,"label":" ","price":8.1},{"type":"U","date":"2018-03-23T05:26:21.000Z","volume":1000,"label":"X","price":8.105},{"type":"B","date":"2018-03-23T05:26:21.000Z","volume":2000,"label":" ","price":8.1},{"type":"B","date":"2018-03-23T05:27:02.000Z","volume":1000,"label":" ","price":8.1},{"type":"B","date":"2018-03-23T05:29:00.000Z","volume":3000,"label":" ","price":8.1},{"type":"U","date":"2018-03-23T05:29:17.000Z","volume":3000,"label":"X","price":8.105},{"type":"B","date":"2018-03-23T05:29:17.000Z","volume":1000,"label":" ","price":8.1},{"type":"B","date":"2018-03-23T05:29:17.000Z","volume":1000,"label":" ","price":8.1},{"type":"B","date":"2018-03-23T05:29:22.000Z","volume":3000,"label":" ","price":8.1},{"type":"A","date":"2018-03-23T05:30:18.000Z","volume":1000,"label":"Y","price":8.11},{"type":"B","date":"2018-03-23T05:31:02.000Z","volume":1000,"label":" ","price":8.1},{"type":"U","date":"2018-03-23T05:32:12.000Z","volume":4000,"label":"X","price":8.105},{"type":"B","date":"2018-03-23T05:32:17.000Z","volume":1000,"label":" ","price":8.1},{"type":"B","date":"2018-03-23T05:32:17.000Z","volume":2000,"label":" ","price":8.1},{"type":"B","date":"2018-03-23T05:33:39.000Z","volume":1000,"label":" ","price":8.1},{"type":"B","date":"2018-03-23T05:33:47.000Z","volume":1000,"label":" ","price":8.1},{"type":"U","date":"2018-03-23T05:35:05.000Z","volume":3000,"label":"X","price":8.105},{"type":"B","date":"2018-03-23T05:35:05.000Z","volume":1000,"label":" ","price":8.1},{"type":"B","date":"2018-03-23T05:35:29.000Z","volume":1000,"label":" ","price":8.1},{"type":"B","date":"2018-03-23T05:35:40.000Z","volume":2000,"label":" ","price":8.1},{"type":"A","date":"2018-03-23T05:36:40.000Z","volume":1000,"label":" ","price":8.11},{"type":"B","date":"2018-03-23T05:37:32.000Z","volume":1000,"label":" ","price":8.1},{"type":"U","date":"2018-03-23T05:37:35.000Z","volume":3000,"label":"X","price":8.105},{"type":"B","date":"2018-03-23T05:37:35.000Z","volume":3000,"label":" ","price":8.1},{"type":"B","date":"2018-03-23T05:37:40.000Z","volume":2000,"label":" ","price":8.1},{"type":"B","date":"2018-03-23T05:37:40.000Z","volume":3000,"label":" ","price":8.1},{"type":"B","date":"2018-03-23T05:38:21.000Z","volume":8000,"label":" ","price":8.1},{"type":"B","date":"2018-03-23T05:39:16.000Z","volume":8000,"label":" ","price":8.1},{"type":"B","date":"2018-03-23T05:39:20.000Z","volume":2000,"label":" ","price":8.1},{"type":"B","date":"2018-03-23T05:40:25.000Z","volume":1000,"label":" ","price":8.1},{"type":"U","date":"2018-03-23T05:40:26.000Z","volume":3000,"label":"X","price":8.105},{"type":"U","date":"2018-03-23T05:40:26.000Z","volume":1000,"label":"X","price":8.105},{"type":"B","date":"2018-03-23T05:40:26.000Z","volume":2000,"label":" ","price":8.1},{"type":"B","date":"2018-03-23T05:41:10.000Z","volume":6000,"label":" ","price":8.1},{"type":"A","date":"2018-03-23T05:41:12.000Z","volume":1000,"label":" ","price":8.11},{"type":"B","date":"2018-03-23T05:41:17.000Z","volume":1000,"label":" ","price":8.1},{"type":"B","date":"2018-03-23T05:41:20.000Z","volume":23000,"label":" ","price":8.1},{"type":"B","date":"2018-03-23T05:41:20.000Z","volume":20000,"label":" ","price":8.1},{"type":"B","date":"2018-03-23T05:41:20.000Z","volume":7000,"label":" ","price":8.09},{"type":"B","date":"2018-03-23T05:41:20.000Z","volume":1000,"label":" ","price":8.08},{"type":"B","date":"2018-03-23T05:42:14.000Z","volume":6000,"label":" ","price":8.08},{"type":"A","date":"2018-03-23T05:42:40.000Z","volume":30000,"label":" ","price":8.09},{"type":"A","date":"2018-03-23T05:42:40.000Z","volume":2000,"label":"Y","price":8.1},{"type":"A","date":"2018-03-23T05:42:40.000Z","volume":10000,"label":" ","price":8.1},{"type":"B","date":"2018-03-23T05:43:22.000Z","volume":2000,"label":" ","price":8.1},{"type":"B","date":"2018-03-23T05:43:40.000Z","volume":2000,"label":" ","price":8.1},{"type":"B","date":"2018-03-23T05:45:10.000Z","volume":7000,"label":" ","price":8.1},{"type":"B","date":"2018-03-23T05:46:05.000Z","volume":4000,"label":" ","price":8.1},{"type":"B","date":"2018-03-23T05:46:05.000Z","volume":2000,"label":" ","price":8.1},{"type":"B","date":"2018-03-23T05:48:02.000Z","volume":1000,"label":" ","price":8.1},{"type":"U","date":"2018-03-23T05:48:20.000Z","volume":1000,"label":"X","price":8.105},{"type":"B","date":"2018-03-23T05:48:22.000Z","volume":2000,"label":" ","price":8.1},{"type":"B","date":"2018-03-23T05:48:27.000Z","volume":9000,"label":" ","price":8.1},{"type":"B","date":"2018-03-23T05:48:27.000Z","volume":1000,"label":" ","price":8.1},{"type":"A","date":"2018-03-23T05:49:01.000Z","volume":1000,"label":" ","price":8.1},{"type":"B","date":"2018-03-23T05:51:15.000Z","volume":6000,"label":" ","price":8.08},{"type":"A","date":"2018-03-23T05:53:37.000Z","volume":1000,"label":" ","price":8.09},{"type":"B","date":"2018-03-23T05:54:17.000Z","volume":1000,"label":"Y","price":8.08},{"type":"U","date":"2018-03-23T05:54:17.000Z","volume":3000,"label":"X","price":8.085},{"type":"B","date":"2018-03-23T05:54:17.000Z","volume":4000,"label":" ","price":8.08},{"type":"U","date":"2018-03-23T05:54:23.000Z","volume":3000,"label":"X","price":8.085},{"type":"A","date":"2018-03-23T05:55:40.000Z","volume":2000,"label":" ","price":8.09},{"type":"A","date":"2018-03-23T05:56:13.000Z","volume":1000,"label":" ","price":8.09},{"type":"B","date":"2018-03-23T05:56:17.000Z","volume":1000,"label":"Y","price":8.08},{"type":"A","date":"2018-03-23T05:57:16.000Z","volume":1000,"label":" ","price":8.09},{"type":"U","date":"2018-03-23T05:57:16.000Z","volume":1000,"label":"X","price":8.085},{"type":"B","date":"2018-03-23T05:57:16.000Z","volume":5000,"label":" ","price":8.08},{"type":"A","date":"2018-03-23T05:57:54.000Z","volume":1000,"label":"Y","price":8.09},{"type":"B","date":"2018-03-23T05:58:02.000Z","volume":1000,"label":"Y","price":8.08},{"type":"B","date":"2018-03-23T05:59:20.000Z","volume":3000,"label":" ","price":8.08},{"type":"B","date":"2018-03-23T06:00:26.000Z","volume":1000,"label":" ","price":8.08},{"type":"B","date":"2018-03-23T06:00:32.000Z","volume":1000,"label":"Y","price":8.08},{"type":"B","date":"2018-03-23T06:00:40.000Z","volume":3000,"label":" ","price":8.08},{"type":"B","date":"2018-03-23T06:00:59.000Z","volume":1000,"label":" ","price":8.08},{"type":"B","date":"2018-03-23T06:02:00.000Z","volume":2000,"label":" ","price":8.08},{"type":"A","date":"2018-03-23T06:02:14.000Z","volume":1000,"label":"Y","price":8.09},{"type":"U","date":"2018-03-23T06:02:14.000Z","volume":1000,"label":"X","price":8.085},{"type":"B","date":"2018-03-23T06:02:14.000Z","volume":6000,"label":" ","price":8.08},{"type":"A","date":"2018-03-23T06:03:08.000Z","volume":3000,"label":" ","price":8.09},{"type":"B","date":"2018-03-23T06:04:00.000Z","volume":2000,"label":" ","price":8.08},{"type":"A","date":"2018-03-23T06:04:35.000Z","volume":3000,"label":" ","price":8.09},{"type":"A","date":"2018-03-23T06:05:12.000Z","volume":15000,"label":" ","price":8.09},{"type":"A","date":"2018-03-23T06:05:12.000Z","volume":3000,"label":" ","price":8.09},{"type":"A","date":"2018-03-23T06:05:49.000Z","volume":1000,"label":" ","price":8.09},{"type":"A","date":"2018-03-23T06:06:22.000Z","volume":20000,"label":" ","price":8.09},{"type":"A","date":"2018-03-23T06:06:56.000Z","volume":15000,"label":" ","price":8.1},{"type":"A","date":"2018-03-23T06:07:42.000Z","volume":1000,"label":" ","price":8.1},{"type":"A","date":"2018-03-23T06:08:38.000Z","volume":1000,"label":" ","price":8.1},{"type":"A","date":"2018-03-23T06:08:38.000Z","volume":2000,"label":" ","price":8.1},{"type":"A","date":"2018-03-23T06:08:38.000Z","volume":1000,"label":" ","price":8.11},{"type":"A","date":"2018-03-23T06:09:16.000Z","volume":1000,"label":" ","price":8.11},{"type":"A","date":"2018-03-23T06:10:16.000Z","volume":7000,"label":" ","price":8.11},{"type":"A","date":"2018-03-23T06:10:21.000Z","volume":9000,"label":" ","price":8.11},{"type":"A","date":"2018-03-23T06:10:48.000Z","volume":3000,"label":" ","price":8.12},{"type":"A","date":"2018-03-23T06:10:48.000Z","volume":4000,"label":" ","price":8.12},{"type":"B","date":"2018-03-23T06:11:03.000Z","volume":6000,"label":" ","price":8.11},{"type":"B","date":"2018-03-23T06:11:27.000Z","volume":4000,"label":" ","price":8.11},{"type":"B","date":"2018-03-23T06:11:39.000Z","volume":2000,"label":" ","price":8.11},{"type":"B","date":"2018-03-23T06:12:01.000Z","volume":21000,"label":" ","price":8.11},{"type":"B","date":"2018-03-23T06:14:03.000Z","volume":20000,"label":" ","price":8.1},{"type":"B","date":"2018-03-23T06:15:00.000Z","volume":12000,"label":" ","price":8.1},{"type":"B","date":"2018-03-23T06:17:43.000Z","volume":13000,"label":" ","price":8.1},{"type":"B","date":"2018-03-23T06:18:39.000Z","volume":1000,"label":" ","price":8.1},{"type":"B","date":"2018-03-23T06:18:42.000Z","volume":50000,"label":" ","price":8.1},{"type":"B","date":"2018-03-23T06:18:42.000Z","volume":1000,"label":" ","price":8.1},{"type":"B","date":"2018-03-23T06:18:42.000Z","volume":1000,"label":" ","price":8.1},{"type":"B","date":"2018-03-23T06:18:42.000Z","volume":2000,"label":" ","price":8.1},{"type":"B","date":"2018-03-23T06:21:00.000Z","volume":10000,"label":" ","price":8.1},{"type":"B","date":"2018-03-23T06:21:23.000Z","volume":10000,"label":" ","price":8.1},{"type":"U","date":"2018-03-23T06:21:38.000Z","volume":1000,"label":"X","price":8.105},{"type":"B","date":"2018-03-23T06:21:38.000Z","volume":7000,"label":" ","price":8.1},{"type":"B","date":"2018-03-23T06:21:52.000Z","volume":2000,"label":" ","price":8.1},{"type":"B","date":"2018-03-23T06:23:13.000Z","volume":51000,"label":" ","price":8.1},{"type":"B","date":"2018-03-23T06:24:17.000Z","volume":1000,"label":" ","price":8.1},{"type":"U","date":"2018-03-23T06:24:33.000Z","volume":5000,"label":"X","price":8.105},{"type":"B","date":"2018-03-23T06:24:38.000Z","volume":4000,"label":" ","price":8.1},{"type":"B","date":"2018-03-23T06:24:38.000Z","volume":8000,"label":" ","price":8.1},{"type":"B","date":"2018-03-23T06:24:38.000Z","volume":3000,"label":" ","price":8.1},{"type":"B","date":"2018-03-23T06:25:00.000Z","volume":3000,"label":" ","price":8.1},{"type":"A","date":"2018-03-23T06:25:21.000Z","volume":1000,"label":" ","price":8.11},{"type":"B","date":"2018-03-23T06:26:35.000Z","volume":1000,"label":" ","price":8.1},{"type":"B","date":"2018-03-23T06:27:02.000Z","volume":1000,"label":" ","price":8.1},{"type":"B","date":"2018-03-23T06:27:14.000Z","volume":6000,"label":" ","price":8.1},{"type":"B","date":"2018-03-23T06:28:00.000Z","volume":3000,"label":" ","price":8.1},{"type":"B","date":"2018-03-23T06:28:36.000Z","volume":1000,"label":" ","price":8.1},{"type":"B","date":"2018-03-23T06:29:02.000Z","volume":1000,"label":" ","price":8.1},{"type":"A","date":"2018-03-23T06:29:57.000Z","volume":1000,"label":"Y","price":8.11},{"type":"U","date":"2018-03-23T06:30:07.000Z","volume":3000,"label":"X","price":8.105},{"type":"B","date":"2018-03-23T06:30:07.000Z","volume":1000,"label":"Y","price":8.1},{"type":"B","date":"2018-03-23T06:30:07.000Z","volume":5000,"label":" ","price":8.1},{"type":"A","date":"2018-03-23T06:30:52.000Z","volume":20000,"label":" ","price":8.11},{"type":"A","date":"2018-03-23T06:30:52.000Z","volume":15000,"label":" ","price":8.11},{"type":"A","date":"2018-03-23T06:30:52.000Z","volume":37000,"label":" ","price":8.11},{"type":"A","date":"2018-03-23T06:30:52.000Z","volume":2000,"label":" ","price":8.11},{"type":"A","date":"2018-03-23T06:31:38.000Z","volume":10000,"label":" ","price":8.12},{"type":"A","date":"2018-03-23T06:31:38.000Z","volume":24000,"label":" ","price":8.12},{"type":"A","date":"2018-03-23T06:31:38.000Z","volume":1000,"label":" ","price":8.12},{"type":"A","date":"2018-03-23T06:31:42.000Z","volume":1000,"label":" ","price":8.12},{"type":"A","date":"2018-03-23T06:31:45.000Z","volume":6000,"label":" ","price":8.13},{"type":"A","date":"2018-03-23T06:31:45.000Z","volume":10000,"label":" ","price":8.13},{"type":"U","date":"2018-03-23T06:32:06.000Z","volume":1000,"label":" ","price":8.13},{"type":"A","date":"2018-03-23T06:32:39.000Z","volume":1000,"label":" ","price":8.14},{"type":"B","date":"2018-03-23T06:33:21.000Z","volume":2000,"label":"Y","price":8.12},{"type":"A","date":"2018-03-23T06:35:17.000Z","volume":1000,"label":" ","price":8.14},{"type":"A","date":"2018-03-23T06:36:58.000Z","volume":20000,"label":" ","price":8.14},{"type":"A","date":"2018-03-23T06:38:15.000Z","volume":18000,"label":" ","price":8.14},{"type":"B","date":"2018-03-23T06:38:15.000Z","volume":2000,"label":" ","price":8.14},{"type":"A","date":"2018-03-23T06:38:15.000Z","volume":2000,"label":" ","price":8.15},{"type":"U","date":"2018-03-23T06:39:18.000Z","volume":1000,"label":"X","price":8.15},{"type":"A","date":"2018-03-23T06:40:38.000Z","volume":1000,"label":" ","price":8.15},{"type":"A","date":"2018-03-23T06:40:39.000Z","volume":2000,"label":" ","price":8.15},{"type":"A","date":"2018-03-23T06:41:49.000Z","volume":1000,"label":" ","price":8.15},{"type":"A","date":"2018-03-23T06:41:49.000Z","volume":9000,"label":" ","price":8.15},{"type":"B","date":"2018-03-23T06:41:49.000Z","volume":4000,"label":"Y","price":8.14},{"type":"A","date":"2018-03-23T06:42:09.000Z","volume":2000,"label":" ","price":8.15},{"type":"U","date":"2018-03-23T06:44:28.000Z","volume":1000,"label":"X","price":8.15},{"type":"B","date":"2018-03-23T06:44:35.000Z","volume":2000,"label":" ","price":8.15},{"type":"U","date":"2018-03-23T06:44:48.000Z","volume":2000,"label":"X","price":8.16},{"type":"A","date":"2018-03-23T06:45:23.000Z","volume":10000,"label":" ","price":8.16},{"type":"A","date":"2018-03-23T06:45:23.000Z","volume":5000,"label":" ","price":8.16},{"type":"U","date":"2018-03-23T06:47:52.000Z","volume":3000,"label":"X","price":8.165},{"type":"A","date":"2018-03-23T06:48:34.000Z","volume":1000,"label":" ","price":8.18},{"type":"B","date":"2018-03-23T06:48:38.000Z","volume":1000,"label":" ","price":8.16},{"type":"A","date":"2018-03-23T06:49:58.000Z","volume":19000,"label":" ","price":8.18},{"type":"A","date":"2018-03-23T06:49:58.000Z","volume":1000,"label":" ","price":8.18},{"type":"A","date":"2018-03-23T06:49:58.000Z","volume":2000,"label":"Y","price":8.18},{"type":"A","date":"2018-03-23T06:49:58.000Z","volume":2000,"label":" ","price":8.18},{"type":"A","date":"2018-03-23T06:50:19.000Z","volume":1000,"label":" ","price":8.19},{"type":"A","date":"2018-03-23T06:50:37.000Z","volume":2000,"label":" ","price":8.19},{"type":"A","date":"2018-03-23T06:51:02.000Z","volume":1000,"label":" ","price":8.19},{"type":"B","date":"2018-03-23T06:51:23.000Z","volume":2000,"label":" ","price":8.19},{"type":"A","date":"2018-03-23T06:51:26.000Z","volume":1000,"label":" ","price":8.2},{"type":"B","date":"2018-03-23T06:51:35.000Z","volume":1000,"label":" ","price":8.19},{"type":"B","date":"2018-03-23T06:51:38.000Z","volume":11000,"label":" ","price":8.19},{"type":"B","date":"2018-03-23T06:51:48.000Z","volume":1000,"label":" ","price":8.19},{"type":"A","date":"2018-03-23T06:52:13.000Z","volume":2000,"label":" ","price":8.2},{"type":"B","date":"2018-03-23T06:52:34.000Z","volume":9000,"label":" ","price":8.19},{"type":"B","date":"2018-03-23T06:52:34.000Z","volume":8000,"label":" ","price":8.19},{"type":"A","date":"2018-03-23T06:53:28.000Z","volume":24000,"label":" ","price":8.2},{"type":"B","date":"2018-03-23T06:53:47.000Z","volume":2000,"label":" ","price":8.2},{"type":"A","date":"2018-03-23T06:56:33.000Z","volume":4000,"label":" ","price":8.2},{"type":"A","date":"2018-03-23T06:56:51.000Z","volume":1000,"label":"Y","price":8.2},{"type":"A","date":"2018-03-23T06:59:49.000Z","volume":5000,"label":" ","price":8.2},{"type":"A","date":"2018-03-23T06:59:49.000Z","volume":1000,"label":" ","price":8.2},{"type":"A","date":"2018-03-23T07:00:11.000Z","volume":4000,"label":" ","price":8.2},{"type":"B","date":"2018-03-23T07:00:34.000Z","volume":1000,"label":" ","price":8.2},{"type":"B","date":"2018-03-23T07:00:39.000Z","volume":6000,"label":" ","price":8.2},{"type":"B","date":"2018-03-23T07:00:39.000Z","volume":6000,"label":" ","price":8.2},{"type":"A","date":"2018-03-23T07:01:06.000Z","volume":4000,"label":" ","price":8.2},{"type":"B","date":"2018-03-23T07:01:48.000Z","volume":1000,"label":" ","price":8.2},{"type":"B","date":"2018-03-23T07:03:22.000Z","volume":1000,"label":" ","price":8.19},{"type":"A","date":"2018-03-23T07:05:20.000Z","volume":1000,"label":" ","price":8.21},{"type":"B","date":"2018-03-23T07:05:38.000Z","volume":1000,"label":" ","price":8.19},{"type":"A","date":"2018-03-23T07:06:54.000Z","volume":16000,"label":" ","price":8.2},{"type":"A","date":"2018-03-23T07:07:08.000Z","volume":1000,"label":" ","price":8.2},{"type":"B","date":"2018-03-23T07:09:17.000Z","volume":1000,"label":" ","price":8.19},{"type":"B","date":"2018-03-23T07:09:38.000Z","volume":1000,"label":"Y","price":8.19},{"type":"B","date":"2018-03-23T07:09:38.000Z","volume":8000,"label":" ","price":8.19},{"type":"B","date":"2018-03-23T07:11:02.000Z","volume":1000,"label":" ","price":8.19},{"type":"A","date":"2018-03-23T07:13:06.000Z","volume":1000,"label":"Y","price":8.2},{"type":"B","date":"2018-03-23T07:13:06.000Z","volume":1000,"label":" ","price":8.19},{"type":"A","date":"2018-03-23T07:14:11.000Z","volume":15000,"label":" ","price":8.2},{"type":"B","date":"2018-03-23T07:14:11.000Z","volume":5000,"label":" ","price":8.19},{"type":"A","date":"2018-03-23T07:15:39.000Z","volume":4000,"label":" ","price":8.2},{"type":"B","date":"2018-03-23T07:15:49.000Z","volume":8000,"label":"Y","price":8.19},{"type":"B","date":"2018-03-23T07:15:49.000Z","volume":20000,"label":" ","price":8.19},{"type":"B","date":"2018-03-23T07:16:02.000Z","volume":1000,"label":" ","price":8.18},{"type":"B","date":"2018-03-23T07:16:03.000Z","volume":1000,"label":" ","price":8.18},{"type":"B","date":"2018-03-23T07:16:03.000Z","volume":1000,"label":" ","price":8.18},{"type":"B","date":"2018-03-23T07:16:03.000Z","volume":1000,"label":" ","price":8.18},{"type":"B","date":"2018-03-23T07:17:20.000Z","volume":1000,"label":"Y","price":8.17},{"type":"B","date":"2018-03-23T07:17:20.000Z","volume":3000,"label":" ","price":8.17},{"type":"B","date":"2018-03-23T07:17:33.000Z","volume":3000,"label":" ","price":8.15},{"type":"B","date":"2018-03-23T07:17:34.000Z","volume":1000,"label":" ","price":8.15},{"type":"B","date":"2018-03-23T07:20:20.000Z","volume":1000,"label":" ","price":8.15},{"type":"B","date":"2018-03-23T07:20:20.000Z","volume":7000,"label":" ","price":8.15},{"type":"U","date":"2018-03-23T07:21:13.000Z","volume":4000,"label":"X","price":8.155},{"type":"B","date":"2018-03-23T07:21:16.000Z","volume":10000,"label":" ","price":8.15},{"type":"A","date":"2018-03-23T07:21:49.000Z","volume":20000,"label":" ","price":8.16},{"type":"B","date":"2018-03-23T07:21:49.000Z","volume":4000,"label":" ","price":8.15},{"type":"B","date":"2018-03-23T07:23:00.000Z","volume":1000,"label":" ","price":8.15},{"type":"B","date":"2018-03-23T07:23:00.000Z","volume":6000,"label":" ","price":8.15},{"type":"B","date":"2018-03-23T07:23:20.000Z","volume":1000,"label":" ","price":8.15},{"type":"B","date":"2018-03-23T07:23:20.000Z","volume":6000,"label":" ","price":8.15},{"type":"A","date":"2018-03-23T07:23:47.000Z","volume":20000,"label":" ","price":8.16},{"type":"A","date":"2018-03-23T07:24:22.000Z","volume":1000,"label":" ","price":8.16},{"type":"A","date":"2018-03-23T07:25:20.000Z","volume":20000,"label":" ","price":8.16},{"type":"A","date":"2018-03-23T07:25:48.000Z","volume":1000,"label":" ","price":8.16},{"type":"A","date":"2018-03-23T07:25:48.000Z","volume":14000,"label":" ","price":8.16},{"type":"A","date":"2018-03-23T07:26:16.000Z","volume":14000,"label":" ","price":8.16},{"type":"B","date":"2018-03-23T07:26:16.000Z","volume":2000,"label":" ","price":8.16},{"type":"A","date":"2018-03-23T07:26:48.000Z","volume":4000,"label":" ","price":8.17},{"type":"A","date":"2018-03-23T07:26:49.000Z","volume":1000,"label":" ","price":8.18},{"type":"B","date":"2018-03-23T07:28:20.000Z","volume":40000,"label":" ","price":8.17},{"type":"A","date":"2018-03-23T07:30:20.000Z","volume":1000,"label":"Y","price":8.19},{"type":"U","date":"2018-03-23T07:31:57.000Z","volume":3000,"label":"X","price":8.18},{"type":"U","date":"2018-03-23T07:33:17.000Z","volume":1000,"label":"X","price":8.175},{"type":"B","date":"2018-03-23T07:33:17.000Z","volume":1000,"label":" ","price":8.17},{"type":"A","date":"2018-03-23T07:33:17.000Z","volume":1000,"label":" ","price":8.18},{"type":"A","date":"2018-03-23T07:33:29.000Z","volume":2000,"label":" ","price":8.18},{"type":"A","date":"2018-03-23T07:34:32.000Z","volume":1000,"label":" ","price":8.18},{"type":"B","date":"2018-03-23T07:34:32.000Z","volume":1000,"label":" ","price":8.17},{"type":"U","date":"2018-03-23T07:34:50.000Z","volume":4000,"label":"X","price":8.175},{"type":"A","date":"2018-03-23T07:34:50.000Z","volume":2000,"label":" ","price":8.18},{"type":"A","date":"2018-03-23T07:34:50.000Z","volume":1000,"label":" ","price":8.18},{"type":"B","date":"2018-03-23T07:35:20.000Z","volume":4000,"label":" ","price":8.17},{"type":"A","date":"2018-03-23T07:35:38.000Z","volume":20000,"label":" ","price":8.18},{"type":"A","date":"2018-03-23T07:35:49.000Z","volume":1000,"label":" ","price":8.18},{"type":"A","date":"2018-03-23T07:36:06.000Z","volume":15000,"label":" ","price":8.18},{"type":"A","date":"2018-03-23T07:36:36.000Z","volume":1000,"label":" ","price":8.18},{"type":"A","date":"2018-03-23T07:37:35.000Z","volume":6000,"label":" ","price":8.18},{"type":"A","date":"2018-03-23T07:37:35.000Z","volume":2000,"label":" ","price":8.19},{"type":"A","date":"2018-03-23T07:37:58.000Z","volume":1000,"label":" ","price":8.2},{"type":"A","date":"2018-03-23T07:39:26.000Z","volume":1000,"label":" ","price":8.2},{"type":"A","date":"2018-03-23T07:39:45.000Z","volume":26000,"label":" ","price":8.2},{"type":"A","date":"2018-03-23T07:39:52.000Z","volume":4000,"label":" ","price":8.21},{"type":"B","date":"2018-03-23T07:41:28.000Z","volume":7000,"label":" ","price":8.21},{"type":"A","date":"2018-03-23T07:42:49.000Z","volume":1000,"label":"Y","price":8.22},{"type":"A","date":"2018-03-23T07:43:20.000Z","volume":3000,"label":" ","price":8.22},{"type":"B","date":"2018-03-23T07:43:44.000Z","volume":6000,"label":" ","price":8.21},{"type":"A","date":"2018-03-23T07:45:28.000Z","volume":1000,"label":" ","price":8.22},{"type":"A","date":"2018-03-23T07:46:00.000Z","volume":1000,"label":" ","price":8.22},{"type":"A","date":"2018-03-23T07:46:46.000Z","volume":14000,"label":" ","price":8.22},{"type":"B","date":"2018-03-23T07:46:46.000Z","volume":2000,"label":" ","price":8.22},{"type":"A","date":"2018-03-23T07:47:12.000Z","volume":1000,"label":" ","price":8.23},{"type":"A","date":"2018-03-23T07:47:12.000Z","volume":1000,"label":" ","price":8.23},{"type":"A","date":"2018-03-23T07:48:23.000Z","volume":3000,"label":" ","price":8.23},{"type":"U","date":"2018-03-23T07:48:24.000Z","volume":1000,"label":" ","price":8.23},{"type":"A","date":"2018-03-23T07:48:25.000Z","volume":2000,"label":" ","price":8.24},{"type":"A","date":"2018-03-23T07:48:51.000Z","volume":1000,"label":" ","price":8.24},{"type":"A","date":"2018-03-23T07:49:14.000Z","volume":1000,"label":" ","price":8.24},{"type":"B","date":"2018-03-23T07:49:24.000Z","volume":8000,"label":" ","price":8.22},{"type":"B","date":"2018-03-23T07:49:43.000Z","volume":1000,"label":" ","price":8.22},{"type":"B","date":"2018-03-23T07:50:48.000Z","volume":29000,"label":" ","price":8.22},{"type":"A","date":"2018-03-23T07:51:46.000Z","volume":1000,"label":"Y","price":8.24},{"type":"B","date":"2018-03-23T07:51:47.000Z","volume":5000,"label":" ","price":8.23},{"type":"B","date":"2018-03-23T07:52:26.000Z","volume":7000,"label":" ","price":8.23},{"type":"B","date":"2018-03-23T07:52:26.000Z","volume":5000,"label":" ","price":8.21},{"type":"B","date":"2018-03-23T07:52:26.000Z","volume":5000,"label":" ","price":8.2},{"type":"B","date":"2018-03-23T07:54:03.000Z","volume":1000,"label":" ","price":8.2},{"type":"B","date":"2018-03-23T07:54:03.000Z","volume":1000,"label":" ","price":8.2},{"type":"B","date":"2018-03-23T07:54:27.000Z","volume":23000,"label":" ","price":8.2},{"type":"B","date":"2018-03-23T07:54:27.000Z","volume":1000,"label":" ","price":8.2},{"type":"A","date":"2018-03-23T07:54:31.000Z","volume":1000,"label":" ","price":8.21},{"type":"A","date":"2018-03-23T07:54:36.000Z","volume":1000,"label":" ","price":8.21},{"type":"B","date":"2018-03-23T07:54:45.000Z","volume":5000,"label":"Y","price":8.2},{"type":"B","date":"2018-03-23T07:54:45.000Z","volume":7000,"label":" ","price":8.2},{"type":"B","date":"2018-03-23T07:55:46.000Z","volume":2000,"label":" ","price":8.2},{"type":"B","date":"2018-03-23T07:56:00.000Z","volume":3000,"label":" ","price":8.2},{"type":"B","date":"2018-03-23T07:56:03.000Z","volume":1000,"label":" ","price":8.2},{"type":"B","date":"2018-03-23T07:56:03.000Z","volume":2000,"label":" ","price":8.2},{"type":"B","date":"2018-03-23T07:56:27.000Z","volume":2000,"label":" ","price":8.2},{"type":"B","date":"2018-03-23T07:56:27.000Z","volume":3000,"label":" ","price":8.2},{"type":"A","date":"2018-03-23T07:56:28.000Z","volume":1000,"label":" ","price":8.21},{"type":"B","date":"2018-03-23T07:56:36.000Z","volume":1000,"label":" ","price":8.2},{"type":"B","date":"2018-03-23T07:57:13.000Z","volume":2000,"label":" ","price":8.2},{"type":"U","date":"2018-03-23T07:57:13.000Z","volume":3000,"label":"X","price":8.2},{"type":"B","date":"2018-03-23T07:57:13.000Z","volume":1000,"label":" ","price":8.2},{"type":"A","date":"2018-03-23T07:57:39.000Z","volume":15000,"label":" ","price":8.21},{"type":"A","date":"2018-03-23T07:57:39.000Z","volume":7000,"label":" ","price":8.21},{"type":"B","date":"2018-03-23T07:57:48.000Z","volume":1000,"label":" ","price":8.21},{"type":"A","date":"2018-03-23T07:58:14.000Z","volume":1000,"label":" ","price":8.22},{"type":"A","date":"2018-03-23T07:58:19.000Z","volume":1000,"label":" ","price":8.22},{"type":"A","date":"2018-03-23T07:58:27.000Z","volume":1000,"label":" ","price":8.22},{"type":"A","date":"2018-03-23T07:58:32.000Z","volume":1000,"label":" ","price":8.22},{"type":"A","date":"2018-03-23T07:58:42.000Z","volume":1000,"label":" ","price":8.22},{"type":"B","date":"2018-03-23T07:58:50.000Z","volume":1000,"label":" ","price":8.21},{"type":"A","date":"2018-03-23T07:58:55.000Z","volume":1000,"label":" ","price":8.22},{"type":"B","date":"2018-03-23T07:58:56.000Z","volume":1000,"label":" ","price":8.21},{"type":"B","date":"2018-03-23T07:58:57.000Z","volume":1000,"label":" ","price":8.21},{"type":"A","date":"2018-03-23T07:59:02.000Z","volume":4000,"label":" ","price":8.22},{"type":"A","date":"2018-03-23T07:59:02.000Z","volume":1000,"label":" ","price":8.22},{"type":"B","date":"2018-03-23T07:59:02.000Z","volume":1000,"label":" ","price":8.22},{"type":"A","date":"2018-03-23T07:59:05.000Z","volume":3000,"label":" ","price":8.25},{"type":"A","date":"2018-03-23T07:59:05.000Z","volume":3000,"label":" ","price":8.25},{"type":"A","date":"2018-03-23T07:59:05.000Z","volume":1000,"label":" ","price":8.25},{"type":"A","date":"2018-03-23T07:59:07.000Z","volume":1000,"label":" ","price":8.25},{"type":"A","date":"2018-03-23T07:59:11.000Z","volume":1000,"label":" ","price":8.25},{"type":"A","date":"2018-03-23T07:59:20.000Z","volume":1000,"label":" ","price":8.25},{"type":"B","date":"2018-03-23T07:59:41.000Z","volume":3000,"label":" ","price":8.21},{"type":"A","date":"2018-03-23T07:59:42.000Z","volume":1000,"label":" ","price":8.25},{"type":"B","date":"2018-03-23T07:59:50.000Z","volume":1000,"label":" ","price":8.21},{"type":"U","date":"2018-03-23T08:08:12.000Z","volume":54000,"label":"U","price":8.26}]