[{"type":"B","date":"2018-05-04T02:24:42.000Z","volume":10000,"label":" ","price":0.435},{"type":"A","date":"2018-05-04T02:25:21.000Z","volume":30000,"label":" ","price":0.43},{"type":"A","date":"2018-05-04T02:25:37.000Z","volume":10000,"label":" ","price":0.445},{"type":"A","date":"2018-05-04T02:45:23.000Z","volume":80000,"label":" ","price":0.44},{"type":"A","date":"2018-05-04T03:22:27.000Z","volume":10000,"label":" ","price":0.445},{"type":"B","date":"2018-05-04T03:23:15.000Z","volume":40000,"label":" ","price":0.43},{"type":"A","date":"2018-05-04T03:27:55.000Z","volume":100000,"label":" ","price":0.445},{"type":"A","date":"2018-05-04T03:29:02.000Z","volume":160000,"label":" ","price":0.45},{"type":"A","date":"2018-05-04T03:29:58.000Z","volume":10000,"label":" ","price":0.465},{"type":"A","date":"2018-05-04T03:30:09.000Z","volume":70000,"label":" ","price":0.47},{"type":"A","date":"2018-05-04T03:31:23.000Z","volume":10000,"label":" ","price":0.47},{"type":"B","date":"2018-05-04T03:31:24.000Z","volume":80000,"label":" ","price":0.47},{"type":"A","date":"2018-05-04T03:31:32.000Z","volume":10000,"label":" ","price":0.475},{"type":"B","date":"2018-05-04T03:31:33.000Z","volume":20000,"label":" ","price":0.47},{"type":"A","date":"2018-05-04T03:36:17.000Z","volume":50000,"label":" ","price":0.47},{"type":"A","date":"2018-05-04T03:38:56.000Z","volume":40000,"label":" ","price":0.465},{"type":"A","date":"2018-05-04T03:53:11.000Z","volume":10000,"label":" ","price":0.47},{"type":"A","date":"2018-05-04T05:00:01.000Z","volume":20000,"label":" ","price":0.47},{"type":"B","date":"2018-05-04T05:28:43.000Z","volume":50000,"label":" ","price":0.465},{"type":"B","date":"2018-05-04T05:38:15.000Z","volume":20000,"label":" ","price":0.45},{"type":"B","date":"2018-05-04T05:51:34.000Z","volume":10000,"label":" ","price":0.45},{"type":"A","date":"2018-05-04T05:54:55.000Z","volume":10000,"label":" ","price":0.45},{"type":"B","date":"2018-05-04T07:39:04.000Z","volume":30000,"label":" ","price":0.45},{"type":"B","date":"2018-05-04T07:39:58.000Z","volume":40000,"label":" ","price":0.44},{"type":"A","date":"2018-05-04T07:50:05.000Z","volume":10000,"label":" ","price":0.46}]