[{"type":"A","date":"2018-03-19T02:00:14.000Z","volume":40000,"label":" ","price":0.54},{"type":"B","date":"2018-03-19T02:20:20.000Z","volume":20000,"label":" ","price":0.53},{"type":"A","date":"2018-03-19T02:29:52.000Z","volume":20000,"label":" ","price":0.54},{"type":"B","date":"2018-03-19T02:45:18.000Z","volume":20000,"label":" ","price":0.53},{"type":"A","date":"2018-03-19T02:49:30.000Z","volume":40000,"label":" ","price":0.54},{"type":"A","date":"2018-03-19T02:53:37.000Z","volume":60000,"label":" ","price":0.54},{"type":"B","date":"2018-03-19T03:06:52.000Z","volume":10000,"label":" ","price":0.53},{"type":"B","date":"2018-03-19T03:13:05.000Z","volume":100000,"label":" ","price":0.53},{"type":"B","date":"2018-03-19T03:13:13.000Z","volume":130000,"label":" ","price":0.53},{"type":"B","date":"2018-03-19T03:23:04.000Z","volume":20000,"label":" ","price":0.53},{"type":"A","date":"2018-03-19T03:30:45.000Z","volume":40000,"label":" ","price":0.54},{"type":"A","date":"2018-03-19T03:39:45.000Z","volume":20000,"label":" ","price":0.54},{"type":"A","date":"2018-03-19T03:44:49.000Z","volume":40000,"label":" ","price":0.54},{"type":"A","date":"2018-03-19T03:45:24.000Z","volume":70000,"label":" ","price":0.54},{"type":"A","date":"2018-03-19T05:05:51.000Z","volume":100000,"label":" ","price":0.55},{"type":"A","date":"2018-03-19T05:06:21.000Z","volume":20000,"label":" ","price":0.56},{"type":"A","date":"2018-03-19T05:08:04.000Z","volume":100000,"label":" ","price":0.56},{"type":"A","date":"2018-03-19T05:09:43.000Z","volume":20000,"label":" ","price":0.56},{"type":"A","date":"2018-03-19T05:09:46.000Z","volume":80000,"label":" ","price":0.56},{"type":"B","date":"2018-03-19T05:09:49.000Z","volume":20000,"label":" ","price":0.56},{"type":"A","date":"2018-03-19T05:11:35.000Z","volume":80000,"label":" ","price":0.56},{"type":"B","date":"2018-03-19T05:11:40.000Z","volume":20000,"label":" ","price":0.56},{"type":"A","date":"2018-03-19T05:16:28.000Z","volume":80000,"label":" ","price":0.56},{"type":"A","date":"2018-03-19T05:18:34.000Z","volume":100000,"label":" ","price":0.56},{"type":"A","date":"2018-03-19T05:18:57.000Z","volume":100000,"label":" ","price":0.56},{"type":"B","date":"2018-03-19T05:19:01.000Z","volume":100000,"label":" ","price":0.55},{"type":"A","date":"2018-03-19T05:46:39.000Z","volume":100000,"label":" ","price":0.55},{"type":"A","date":"2018-03-19T05:46:45.000Z","volume":50000,"label":" ","price":0.55},{"type":"A","date":"2018-03-19T05:46:52.000Z","volume":50000,"label":" ","price":0.55},{"type":"B","date":"2018-03-19T06:24:23.000Z","volume":100000,"label":" ","price":0.55},{"type":"A","date":"2018-03-19T06:26:05.000Z","volume":100000,"label":" ","price":0.55},{"type":"A","date":"2018-03-19T06:26:11.000Z","volume":20000,"label":" ","price":0.55},{"type":"B","date":"2018-03-19T06:37:45.000Z","volume":80000,"label":" ","price":0.55},{"type":"B","date":"2018-03-19T06:39:46.000Z","volume":30000,"label":" ","price":0.55},{"type":"A","date":"2018-03-19T06:42:29.000Z","volume":30000,"label":"Y","price":0.55},{"type":"A","date":"2018-03-19T06:42:29.000Z","volume":50000,"label":" ","price":0.55},{"type":"B","date":"2018-03-19T06:52:53.000Z","volume":50000,"label":" ","price":0.55},{"type":"A","date":"2018-03-19T07:00:39.000Z","volume":50000,"label":" ","price":0.55},{"type":"B","date":"2018-03-19T07:11:00.000Z","volume":20000,"label":" ","price":0.55},{"type":"A","date":"2018-03-19T07:15:01.000Z","volume":20000,"label":" ","price":0.55},{"type":"B","date":"2018-03-19T07:15:06.000Z","volume":10000,"label":" ","price":0.55},{"type":"A","date":"2018-03-19T07:17:28.000Z","volume":20000,"label":" ","price":0.55},{"type":"B","date":"2018-03-19T07:29:59.000Z","volume":60000,"label":" ","price":0.55},{"type":"A","date":"2018-03-19T07:42:55.000Z","volume":30000,"label":" ","price":0.55},{"type":"A","date":"2018-03-19T07:50:32.000Z","volume":30000,"label":" ","price":0.55},{"type":"A","date":"2018-03-19T07:53:31.000Z","volume":30000,"label":" ","price":0.55},{"type":"A","date":"2018-03-19T07:56:15.000Z","volume":10000,"label":" ","price":0.55},{"type":"A","date":"2018-03-19T07:57:05.000Z","volume":10000,"label":" ","price":0.55}]