[{"type":"U","date":"2018-03-28T01:20:00.000Z","volume":5000,"label":"U","price":13.2},{"type":"B","date":"2018-03-28T01:30:01.000Z","volume":2000,"label":" ","price":13.2},{"type":"U","date":"2018-03-28T01:30:03.000Z","volume":1000,"label":" ","price":13.2},{"type":"U","date":"2018-03-28T01:30:03.000Z","volume":1000,"label":" ","price":13.2},{"type":"A","date":"2018-03-28T01:30:04.000Z","volume":1000,"label":" ","price":13.22},{"type":"B","date":"2018-03-28T01:31:15.000Z","volume":1000,"label":" ","price":13.12},{"type":"B","date":"2018-03-28T01:31:15.000Z","volume":1000,"label":" ","price":13.12},{"type":"B","date":"2018-03-28T01:31:15.000Z","volume":2000,"label":" ","price":13.1},{"type":"U","date":"2018-03-28T01:31:15.000Z","volume":3000,"label":" ","price":13.14},{"type":"A","date":"2018-03-28T01:33:40.000Z","volume":3000,"label":" ","price":13.1},{"type":"A","date":"2018-03-28T01:33:40.000Z","volume":1000,"label":" ","price":13.12},{"type":"U","date":"2018-03-28T01:34:22.000Z","volume":1000,"label":" ","price":13.1},{"type":"B","date":"2018-03-28T01:34:58.000Z","volume":2000,"label":" ","price":13.1},{"type":"B","date":"2018-03-28T01:34:58.000Z","volume":1000,"label":" ","price":13.1},{"type":"A","date":"2018-03-28T01:36:34.000Z","volume":1000,"label":" ","price":13.2},{"type":"B","date":"2018-03-28T01:41:13.000Z","volume":4000,"label":" ","price":13.18},{"type":"B","date":"2018-03-28T01:41:13.000Z","volume":1000,"label":" ","price":13.16},{"type":"B","date":"2018-03-28T01:41:13.000Z","volume":1000,"label":" ","price":13.1},{"type":"A","date":"2018-03-28T01:41:13.000Z","volume":1000,"label":" ","price":13.14},{"type":"A","date":"2018-03-28T01:41:13.000Z","volume":1000,"label":" ","price":13.16},{"type":"B","date":"2018-03-28T01:42:11.000Z","volume":1000,"label":" ","price":13.14},{"type":"B","date":"2018-03-28T01:44:19.000Z","volume":7000,"label":" ","price":13.02},{"type":"B","date":"2018-03-28T01:44:19.000Z","volume":6000,"label":" ","price":13.02},{"type":"B","date":"2018-03-28T01:44:19.000Z","volume":3000,"label":" ","price":13},{"type":"A","date":"2018-03-28T01:44:19.000Z","volume":4000,"label":" ","price":13.02},{"type":"U","date":"2018-03-28T01:44:19.000Z","volume":1000,"label":" ","price":13},{"type":"U","date":"2018-03-28T01:44:20.000Z","volume":1000,"label":" ","price":13},{"type":"A","date":"2018-03-28T01:44:20.000Z","volume":1000,"label":" ","price":13.02},{"type":"U","date":"2018-03-28T01:44:22.000Z","volume":3000,"label":" ","price":13},{"type":"A","date":"2018-03-28T01:44:25.000Z","volume":10000,"label":" ","price":13.06},{"type":"B","date":"2018-03-28T01:45:04.000Z","volume":2000,"label":" ","price":13.1},{"type":"A","date":"2018-03-28T01:45:10.000Z","volume":1000,"label":" ","price":13.16},{"type":"A","date":"2018-03-28T01:47:35.000Z","volume":1000,"label":" ","price":13.14},{"type":"B","date":"2018-03-28T01:47:47.000Z","volume":1000,"label":" ","price":13.12},{"type":"B","date":"2018-03-28T01:48:00.000Z","volume":1000,"label":" ","price":13.12},{"type":"B","date":"2018-03-28T01:48:00.000Z","volume":3000,"label":" ","price":13.12},{"type":"U","date":"2018-03-28T01:48:00.000Z","volume":1000,"label":" ","price":13.12},{"type":"B","date":"2018-03-28T01:48:01.000Z","volume":2000,"label":" ","price":13.1},{"type":"B","date":"2018-03-28T01:48:01.000Z","volume":1000,"label":" ","price":13.1},{"type":"B","date":"2018-03-28T01:49:30.000Z","volume":1000,"label":" ","price":13.1},{"type":"A","date":"2018-03-28T01:50:24.000Z","volume":14000,"label":" ","price":13.12},{"type":"B","date":"2018-03-28T01:50:29.000Z","volume":3000,"label":" ","price":13.14},{"type":"B","date":"2018-03-28T01:50:29.000Z","volume":1000,"label":" ","price":13.14},{"type":"B","date":"2018-03-28T01:51:02.000Z","volume":2000,"label":" ","price":13.14},{"type":"B","date":"2018-03-28T01:51:02.000Z","volume":3000,"label":" ","price":13.12},{"type":"U","date":"2018-03-28T01:51:02.000Z","volume":1000,"label":" ","price":13.14},{"type":"B","date":"2018-03-28T01:51:25.000Z","volume":1000,"label":" ","price":13.12},{"type":"A","date":"2018-03-28T01:52:48.000Z","volume":1000,"label":" ","price":13.14},{"type":"A","date":"2018-03-28T01:52:48.000Z","volume":1000,"label":" ","price":13.14},{"type":"A","date":"2018-03-28T01:53:16.000Z","volume":1000,"label":" ","price":13.14},{"type":"A","date":"2018-03-28T01:53:17.000Z","volume":1000,"label":" ","price":13.16},{"type":"U","date":"2018-03-28T01:54:14.000Z","volume":6000,"label":" ","price":13.14},{"type":"U","date":"2018-03-28T01:54:14.000Z","volume":2000,"label":" ","price":13.14},{"type":"B","date":"2018-03-28T01:54:14.000Z","volume":3000,"label":" ","price":13.12},{"type":"B","date":"2018-03-28T01:54:14.000Z","volume":1000,"label":" ","price":13.12},{"type":"B","date":"2018-03-28T01:54:25.000Z","volume":1000,"label":" ","price":13.12},{"type":"B","date":"2018-03-28T01:56:44.000Z","volume":4000,"label":"Y","price":13.12},{"type":"B","date":"2018-03-28T01:56:44.000Z","volume":2000,"label":" ","price":13.12},{"type":"A","date":"2018-03-28T01:56:44.000Z","volume":1000,"label":"Y","price":13.16},{"type":"A","date":"2018-03-28T01:57:04.000Z","volume":5000,"label":" ","price":13.16},{"type":"B","date":"2018-03-28T01:59:30.000Z","volume":3000,"label":" ","price":13.14},{"type":"A","date":"2018-03-28T02:01:06.000Z","volume":2000,"label":" ","price":13.16},{"type":"B","date":"2018-03-28T02:01:06.000Z","volume":1000,"label":" ","price":13.14},{"type":"B","date":"2018-03-28T02:02:16.000Z","volume":1000,"label":" ","price":13.14},{"type":"A","date":"2018-03-28T02:04:32.000Z","volume":1000,"label":" ","price":13.16},{"type":"B","date":"2018-03-28T02:05:00.000Z","volume":1000,"label":" ","price":13.14},{"type":"B","date":"2018-03-28T02:06:34.000Z","volume":7000,"label":" ","price":13.14},{"type":"B","date":"2018-03-28T02:06:34.000Z","volume":2000,"label":" ","price":13.12},{"type":"B","date":"2018-03-28T02:06:34.000Z","volume":18000,"label":" ","price":13.12},{"type":"B","date":"2018-03-28T02:06:34.000Z","volume":2000,"label":" ","price":13.12},{"type":"A","date":"2018-03-28T02:06:34.000Z","volume":1000,"label":" ","price":13.14},{"type":"B","date":"2018-03-28T02:06:35.000Z","volume":1000,"label":" ","price":13.12},{"type":"B","date":"2018-03-28T02:06:36.000Z","volume":1000,"label":" ","price":13.08},{"type":"A","date":"2018-03-28T02:08:22.000Z","volume":7000,"label":" ","price":13.06},{"type":"A","date":"2018-03-28T02:08:22.000Z","volume":1000,"label":" ","price":13.08},{"type":"A","date":"2018-03-28T02:08:23.000Z","volume":1000,"label":" ","price":13.1},{"type":"B","date":"2018-03-28T02:08:37.000Z","volume":1000,"label":" ","price":13.08},{"type":"A","date":"2018-03-28T02:08:39.000Z","volume":1000,"label":" ","price":13.1},{"type":"B","date":"2018-03-28T02:09:07.000Z","volume":3000,"label":" ","price":13.1},{"type":"B","date":"2018-03-28T02:09:21.000Z","volume":4000,"label":" ","price":13.1},{"type":"B","date":"2018-03-28T02:09:35.000Z","volume":1000,"label":" ","price":13.1},{"type":"A","date":"2018-03-28T02:12:23.000Z","volume":2000,"label":" ","price":13.08},{"type":"A","date":"2018-03-28T02:13:06.000Z","volume":1000,"label":" ","price":13.08},{"type":"A","date":"2018-03-28T02:13:25.000Z","volume":1000,"label":" ","price":13.08},{"type":"B","date":"2018-03-28T02:13:42.000Z","volume":5000,"label":" ","price":13.1},{"type":"B","date":"2018-03-28T02:13:42.000Z","volume":1000,"label":" ","price":13.08},{"type":"U","date":"2018-03-28T02:13:42.000Z","volume":1000,"label":" ","price":13.1},{"type":"B","date":"2018-03-28T02:15:01.000Z","volume":4000,"label":" ","price":13.08},{"type":"B","date":"2018-03-28T02:15:01.000Z","volume":13000,"label":"Y","price":13.06},{"type":"B","date":"2018-03-28T02:15:01.000Z","volume":1000,"label":" ","price":13.06},{"type":"B","date":"2018-03-28T02:16:20.000Z","volume":3000,"label":" ","price":13.06},{"type":"A","date":"2018-03-28T02:17:56.000Z","volume":1000,"label":" ","price":13.06},{"type":"A","date":"2018-03-28T02:18:03.000Z","volume":10000,"label":" ","price":13.04},{"type":"A","date":"2018-03-28T02:18:18.000Z","volume":1000,"label":" ","price":13.08},{"type":"A","date":"2018-03-28T02:23:40.000Z","volume":1000,"label":" ","price":13.06},{"type":"B","date":"2018-03-28T02:23:41.000Z","volume":1000,"label":" ","price":13.04},{"type":"B","date":"2018-03-28T02:24:49.000Z","volume":7000,"label":" ","price":13.04},{"type":"B","date":"2018-03-28T02:24:49.000Z","volume":6000,"label":" ","price":13.02},{"type":"B","date":"2018-03-28T02:24:49.000Z","volume":10000,"label":" ","price":13},{"type":"A","date":"2018-03-28T02:24:51.000Z","volume":2000,"label":" ","price":13},{"type":"A","date":"2018-03-28T02:26:54.000Z","volume":12000,"label":"Y","price":13},{"type":"A","date":"2018-03-28T02:26:54.000Z","volume":8000,"label":" ","price":13},{"type":"A","date":"2018-03-28T02:30:08.000Z","volume":1000,"label":" ","price":13},{"type":"B","date":"2018-03-28T02:32:03.000Z","volume":12000,"label":" ","price":13},{"type":"A","date":"2018-03-28T02:32:03.000Z","volume":1000,"label":" ","price":13},{"type":"A","date":"2018-03-28T02:32:03.000Z","volume":1000,"label":" ","price":13},{"type":"A","date":"2018-03-28T02:33:05.000Z","volume":1000,"label":" ","price":13},{"type":"A","date":"2018-03-28T02:35:05.000Z","volume":100000,"label":" ","price":13},{"type":"A","date":"2018-03-28T02:35:05.000Z","volume":6000,"label":" ","price":13},{"type":"A","date":"2018-03-28T02:35:10.000Z","volume":1000,"label":" ","price":13.04},{"type":"A","date":"2018-03-28T02:35:17.000Z","volume":3000,"label":" ","price":13.04},{"type":"A","date":"2018-03-28T02:35:22.000Z","volume":2000,"label":" ","price":13.04},{"type":"A","date":"2018-03-28T02:36:08.000Z","volume":1000,"label":" ","price":13.04},{"type":"A","date":"2018-03-28T02:36:20.000Z","volume":1000,"label":" ","price":13.04},{"type":"A","date":"2018-03-28T02:36:21.000Z","volume":1000,"label":" ","price":13.04},{"type":"B","date":"2018-03-28T02:36:48.000Z","volume":13000,"label":" ","price":13.02},{"type":"A","date":"2018-03-28T02:36:48.000Z","volume":3000,"label":" ","price":13},{"type":"A","date":"2018-03-28T02:38:34.000Z","volume":11000,"label":" ","price":13},{"type":"A","date":"2018-03-28T02:47:07.000Z","volume":1000,"label":" ","price":13},{"type":"A","date":"2018-03-28T02:50:08.000Z","volume":1000,"label":" ","price":13},{"type":"A","date":"2018-03-28T02:50:23.000Z","volume":1000,"label":" ","price":13},{"type":"A","date":"2018-03-28T02:53:19.000Z","volume":1000,"label":" ","price":13},{"type":"A","date":"2018-03-28T02:55:34.000Z","volume":1000,"label":" ","price":13},{"type":"A","date":"2018-03-28T02:56:13.000Z","volume":1000,"label":" ","price":13},{"type":"B","date":"2018-03-28T02:56:38.000Z","volume":18000,"label":" ","price":12.98},{"type":"B","date":"2018-03-28T02:56:38.000Z","volume":1000,"label":" ","price":12.96},{"type":"U","date":"2018-03-28T02:56:38.000Z","volume":1000,"label":" ","price":12.98},{"type":"B","date":"2018-03-28T02:56:38.000Z","volume":1000,"label":" ","price":12.96},{"type":"A","date":"2018-03-28T02:56:38.000Z","volume":1000,"label":" ","price":12.96},{"type":"A","date":"2018-03-28T02:56:38.000Z","volume":1000,"label":" ","price":12.96},{"type":"A","date":"2018-03-28T03:03:33.000Z","volume":1000,"label":" ","price":12.96},{"type":"B","date":"2018-03-28T03:05:02.000Z","volume":3000,"label":" ","price":12.94},{"type":"B","date":"2018-03-28T03:05:02.000Z","volume":3000,"label":" ","price":12.94},{"type":"B","date":"2018-03-28T03:05:02.000Z","volume":1000,"label":" ","price":12.94},{"type":"B","date":"2018-03-28T03:05:05.000Z","volume":2000,"label":" ","price":12.92},{"type":"A","date":"2018-03-28T03:05:05.000Z","volume":1000,"label":" ","price":12.94},{"type":"B","date":"2018-03-28T03:05:07.000Z","volume":1000,"label":" ","price":12.92},{"type":"B","date":"2018-03-28T03:05:07.000Z","volume":2000,"label":" ","price":12.92},{"type":"B","date":"2018-03-28T03:07:37.000Z","volume":9000,"label":" ","price":12.9},{"type":"A","date":"2018-03-28T03:07:52.000Z","volume":22000,"label":" ","price":12.92},{"type":"B","date":"2018-03-28T03:08:01.000Z","volume":8000,"label":" ","price":12.92},{"type":"B","date":"2018-03-28T03:10:20.000Z","volume":8000,"label":" ","price":12.88},{"type":"B","date":"2018-03-28T03:16:19.000Z","volume":1000,"label":" ","price":12.86},{"type":"A","date":"2018-03-28T03:16:22.000Z","volume":1000,"label":" ","price":12.88},{"type":"B","date":"2018-03-28T03:20:39.000Z","volume":10000,"label":" ","price":12.86},{"type":"U","date":"2018-03-28T03:20:40.000Z","volume":4000,"label":"Y","price":12.86},{"type":"A","date":"2018-03-28T03:20:41.000Z","volume":1000,"label":" ","price":12.86},{"type":"A","date":"2018-03-28T03:23:15.000Z","volume":20000,"label":" ","price":12.86},{"type":"A","date":"2018-03-28T03:23:15.000Z","volume":5000,"label":" ","price":12.86},{"type":"A","date":"2018-03-28T03:23:15.000Z","volume":6000,"label":"Y","price":12.86},{"type":"A","date":"2018-03-28T03:23:15.000Z","volume":2000,"label":" ","price":12.86},{"type":"B","date":"2018-03-28T03:23:49.000Z","volume":4000,"label":" ","price":12.9},{"type":"U","date":"2018-03-28T03:24:00.000Z","volume":1000,"label":" ","price":12.92},{"type":"B","date":"2018-03-28T03:24:06.000Z","volume":3000,"label":" ","price":12.9},{"type":"B","date":"2018-03-28T03:24:06.000Z","volume":4000,"label":" ","price":12.88},{"type":"B","date":"2018-03-28T03:24:06.000Z","volume":3000,"label":" ","price":12.86},{"type":"U","date":"2018-03-28T03:24:06.000Z","volume":1000,"label":" ","price":12.92},{"type":"A","date":"2018-03-28T03:28:33.000Z","volume":1000,"label":" ","price":12.86},{"type":"A","date":"2018-03-28T03:33:19.000Z","volume":1000,"label":" ","price":12.86},{"type":"A","date":"2018-03-28T03:33:19.000Z","volume":5000,"label":" ","price":12.86},{"type":"A","date":"2018-03-28T03:33:19.000Z","volume":2000,"label":" ","price":12.86},{"type":"B","date":"2018-03-28T03:33:22.000Z","volume":1000,"label":" ","price":12.86},{"type":"B","date":"2018-03-28T03:33:26.000Z","volume":2000,"label":" ","price":12.9},{"type":"B","date":"2018-03-28T03:33:26.000Z","volume":1000,"label":" ","price":12.9},{"type":"B","date":"2018-03-28T03:33:27.000Z","volume":1000,"label":" ","price":12.9},{"type":"B","date":"2018-03-28T03:33:27.000Z","volume":1000,"label":" ","price":12.9},{"type":"B","date":"2018-03-28T03:34:50.000Z","volume":8000,"label":" ","price":12.9},{"type":"B","date":"2018-03-28T03:34:50.000Z","volume":1000,"label":" ","price":12.88},{"type":"A","date":"2018-03-28T03:34:50.000Z","volume":1000,"label":" ","price":12.9},{"type":"A","date":"2018-03-28T03:34:51.000Z","volume":1000,"label":" ","price":12.9},{"type":"B","date":"2018-03-28T03:34:51.000Z","volume":1000,"label":" ","price":12.86},{"type":"A","date":"2018-03-28T03:36:00.000Z","volume":1000,"label":" ","price":12.94},{"type":"B","date":"2018-03-28T03:36:00.000Z","volume":1000,"label":" ","price":12.88},{"type":"B","date":"2018-03-28T03:41:14.000Z","volume":6000,"label":" ","price":12.9},{"type":"B","date":"2018-03-28T03:41:14.000Z","volume":2000,"label":" ","price":12.88},{"type":"B","date":"2018-03-28T03:41:14.000Z","volume":1000,"label":" ","price":12.88},{"type":"A","date":"2018-03-28T03:41:15.000Z","volume":1000,"label":" ","price":12.92},{"type":"A","date":"2018-03-28T03:44:34.000Z","volume":1000,"label":" ","price":12.9},{"type":"A","date":"2018-03-28T03:45:01.000Z","volume":1000,"label":"Y","price":12.88},{"type":"B","date":"2018-03-28T03:47:27.000Z","volume":10000,"label":" ","price":12.86},{"type":"B","date":"2018-03-28T03:47:27.000Z","volume":3000,"label":" ","price":12.86},{"type":"A","date":"2018-03-28T03:50:01.000Z","volume":1000,"label":"Y","price":12.9},{"type":"A","date":"2018-03-28T03:50:26.000Z","volume":1000,"label":" ","price":12.86},{"type":"A","date":"2018-03-28T03:51:14.000Z","volume":1000,"label":" ","price":12.88},{"type":"B","date":"2018-03-28T03:54:08.000Z","volume":1000,"label":" ","price":12.92},{"type":"B","date":"2018-03-28T03:54:08.000Z","volume":1000,"label":" ","price":12.9},{"type":"A","date":"2018-03-28T03:54:09.000Z","volume":1000,"label":" ","price":12.92},{"type":"B","date":"2018-03-28T03:59:41.000Z","volume":1000,"label":" ","price":12.86},{"type":"B","date":"2018-03-28T03:59:41.000Z","volume":1000,"label":" ","price":12.86},{"type":"B","date":"2018-03-28T05:01:54.000Z","volume":1000,"label":" ","price":12.92},{"type":"A","date":"2018-03-28T05:03:17.000Z","volume":2000,"label":" ","price":12.94},{"type":"B","date":"2018-03-28T05:03:30.000Z","volume":1000,"label":" ","price":12.92},{"type":"A","date":"2018-03-28T05:03:30.000Z","volume":1000,"label":" ","price":12.94},{"type":"B","date":"2018-03-28T05:04:00.000Z","volume":1000,"label":" ","price":12.92},{"type":"A","date":"2018-03-28T05:07:38.000Z","volume":1000,"label":" ","price":12.94},{"type":"B","date":"2018-03-28T05:08:42.000Z","volume":9000,"label":" ","price":12.92},{"type":"B","date":"2018-03-28T05:08:42.000Z","volume":3000,"label":" ","price":12.92},{"type":"B","date":"2018-03-28T05:08:42.000Z","volume":1000,"label":" ","price":12.92},{"type":"B","date":"2018-03-28T05:08:42.000Z","volume":1000,"label":" ","price":12.92},{"type":"B","date":"2018-03-28T05:08:42.000Z","volume":1000,"label":" ","price":12.92},{"type":"B","date":"2018-03-28T05:08:43.000Z","volume":2000,"label":" ","price":12.9},{"type":"A","date":"2018-03-28T05:12:20.000Z","volume":1000,"label":" ","price":12.9},{"type":"A","date":"2018-03-28T05:12:33.000Z","volume":1000,"label":" ","price":12.9},{"type":"A","date":"2018-03-28T05:12:35.000Z","volume":1000,"label":" ","price":12.9},{"type":"A","date":"2018-03-28T05:12:47.000Z","volume":1000,"label":" ","price":12.9},{"type":"B","date":"2018-03-28T05:13:30.000Z","volume":4000,"label":" ","price":12.88},{"type":"B","date":"2018-03-28T05:13:30.000Z","volume":5000,"label":" ","price":12.86},{"type":"A","date":"2018-03-28T05:14:50.000Z","volume":1000,"label":" ","price":12.86},{"type":"A","date":"2018-03-28T05:20:57.000Z","volume":1000,"label":" ","price":12.86},{"type":"A","date":"2018-03-28T05:20:58.000Z","volume":1000,"label":" ","price":12.86},{"type":"A","date":"2018-03-28T05:21:03.000Z","volume":1000,"label":" ","price":12.86},{"type":"A","date":"2018-03-28T05:21:10.000Z","volume":1000,"label":" ","price":12.86},{"type":"B","date":"2018-03-28T05:21:10.000Z","volume":1000,"label":" ","price":12.86},{"type":"A","date":"2018-03-28T05:21:17.000Z","volume":1000,"label":" ","price":12.9},{"type":"B","date":"2018-03-28T05:22:50.000Z","volume":2000,"label":" ","price":12.86},{"type":"B","date":"2018-03-28T05:22:50.000Z","volume":1000,"label":" ","price":12.86},{"type":"A","date":"2018-03-28T05:31:36.000Z","volume":1000,"label":" ","price":12.92},{"type":"B","date":"2018-03-28T05:31:37.000Z","volume":1000,"label":" ","price":12.9},{"type":"A","date":"2018-03-28T05:31:39.000Z","volume":1000,"label":" ","price":12.92},{"type":"U","date":"2018-03-28T05:31:39.000Z","volume":1000,"label":" ","price":12.92},{"type":"B","date":"2018-03-28T05:31:41.000Z","volume":6000,"label":" ","price":12.9},{"type":"B","date":"2018-03-28T05:31:45.000Z","volume":2000,"label":" ","price":12.86},{"type":"B","date":"2018-03-28T05:32:54.000Z","volume":10000,"label":" ","price":12.82},{"type":"B","date":"2018-03-28T05:32:54.000Z","volume":16000,"label":" ","price":12.8},{"type":"A","date":"2018-03-28T05:35:41.000Z","volume":1000,"label":" ","price":12.84},{"type":"B","date":"2018-03-28T05:36:30.000Z","volume":3000,"label":" ","price":12.82},{"type":"B","date":"2018-03-28T05:36:30.000Z","volume":3000,"label":" ","price":12.82},{"type":"A","date":"2018-03-28T05:37:10.000Z","volume":1000,"label":" ","price":12.82},{"type":"B","date":"2018-03-28T05:37:30.000Z","volume":5000,"label":" ","price":12.8},{"type":"B","date":"2018-03-28T05:37:30.000Z","volume":11000,"label":" ","price":12.8},{"type":"B","date":"2018-03-28T05:39:00.000Z","volume":2000,"label":" ","price":12.8},{"type":"B","date":"2018-03-28T05:40:03.000Z","volume":1000,"label":" ","price":12.8},{"type":"B","date":"2018-03-28T05:40:04.000Z","volume":1000,"label":" ","price":12.8},{"type":"B","date":"2018-03-28T05:40:04.000Z","volume":1000,"label":" ","price":12.8},{"type":"B","date":"2018-03-28T05:40:30.000Z","volume":1000,"label":" ","price":12.8},{"type":"B","date":"2018-03-28T05:40:53.000Z","volume":2000,"label":" ","price":12.8},{"type":"A","date":"2018-03-28T05:41:37.000Z","volume":1000,"label":" ","price":12.8},{"type":"A","date":"2018-03-28T05:43:30.000Z","volume":1000,"label":" ","price":12.8},{"type":"A","date":"2018-03-28T05:45:00.000Z","volume":1000,"label":" ","price":12.8},{"type":"A","date":"2018-03-28T05:46:58.000Z","volume":3000,"label":" ","price":12.8},{"type":"B","date":"2018-03-28T05:46:58.000Z","volume":1000,"label":" ","price":12.8},{"type":"B","date":"2018-03-28T05:46:58.000Z","volume":1000,"label":" ","price":12.8},{"type":"A","date":"2018-03-28T05:50:22.000Z","volume":1000,"label":" ","price":12.82},{"type":"B","date":"2018-03-28T05:50:30.000Z","volume":1000,"label":" ","price":12.8},{"type":"B","date":"2018-03-28T05:52:53.000Z","volume":8000,"label":" ","price":12.8},{"type":"B","date":"2018-03-28T05:52:55.000Z","volume":1000,"label":" ","price":12.78},{"type":"B","date":"2018-03-28T05:59:28.000Z","volume":5000,"label":" ","price":12.74},{"type":"B","date":"2018-03-28T05:59:28.000Z","volume":2000,"label":" ","price":12.74},{"type":"A","date":"2018-03-28T06:02:31.000Z","volume":7000,"label":" ","price":12.76},{"type":"A","date":"2018-03-28T06:02:31.000Z","volume":2000,"label":" ","price":12.76},{"type":"A","date":"2018-03-28T06:03:14.000Z","volume":1000,"label":" ","price":12.78},{"type":"A","date":"2018-03-28T06:03:21.000Z","volume":2000,"label":" ","price":12.78},{"type":"A","date":"2018-03-28T06:03:32.000Z","volume":1000,"label":" ","price":12.78},{"type":"A","date":"2018-03-28T06:03:47.000Z","volume":1000,"label":" ","price":12.8},{"type":"A","date":"2018-03-28T06:04:26.000Z","volume":1000,"label":" ","price":12.8},{"type":"B","date":"2018-03-28T06:04:30.000Z","volume":6000,"label":" ","price":12.8},{"type":"B","date":"2018-03-28T06:05:09.000Z","volume":1000,"label":" ","price":12.8},{"type":"B","date":"2018-03-28T06:05:09.000Z","volume":1000,"label":" ","price":12.8},{"type":"B","date":"2018-03-28T06:05:09.000Z","volume":2000,"label":" ","price":12.8},{"type":"B","date":"2018-03-28T06:06:00.000Z","volume":2000,"label":" ","price":12.76},{"type":"B","date":"2018-03-28T06:06:00.000Z","volume":1000,"label":" ","price":12.76},{"type":"A","date":"2018-03-28T06:06:00.000Z","volume":1000,"label":" ","price":12.76},{"type":"B","date":"2018-03-28T06:07:00.000Z","volume":1000,"label":" ","price":12.74},{"type":"B","date":"2018-03-28T06:07:00.000Z","volume":1000,"label":" ","price":12.74},{"type":"B","date":"2018-03-28T06:07:50.000Z","volume":7000,"label":" ","price":12.72},{"type":"B","date":"2018-03-28T06:07:50.000Z","volume":2000,"label":"Y","price":12.7},{"type":"B","date":"2018-03-28T06:07:50.000Z","volume":1000,"label":" ","price":12.7},{"type":"A","date":"2018-03-28T06:08:17.000Z","volume":10000,"label":" ","price":12.72},{"type":"A","date":"2018-03-28T06:08:17.000Z","volume":2000,"label":" ","price":12.74},{"type":"B","date":"2018-03-28T06:08:17.000Z","volume":1000,"label":" ","price":12.72},{"type":"B","date":"2018-03-28T06:08:17.000Z","volume":1000,"label":" ","price":12.72},{"type":"B","date":"2018-03-28T06:08:17.000Z","volume":1000,"label":" ","price":12.72},{"type":"A","date":"2018-03-28T06:09:12.000Z","volume":2000,"label":" ","price":12.76},{"type":"A","date":"2018-03-28T06:09:50.000Z","volume":1000,"label":" ","price":12.78},{"type":"B","date":"2018-03-28T06:09:50.000Z","volume":1000,"label":" ","price":12.76},{"type":"B","date":"2018-03-28T06:14:32.000Z","volume":1000,"label":" ","price":12.8},{"type":"A","date":"2018-03-28T06:17:21.000Z","volume":4000,"label":" ","price":12.82},{"type":"A","date":"2018-03-28T06:17:23.000Z","volume":4000,"label":" ","price":12.82},{"type":"A","date":"2018-03-28T06:17:23.000Z","volume":9000,"label":" ","price":12.82},{"type":"B","date":"2018-03-28T06:18:41.000Z","volume":13000,"label":" ","price":12.8},{"type":"B","date":"2018-03-28T06:18:41.000Z","volume":89000,"label":" ","price":12.78},{"type":"A","date":"2018-03-28T06:18:41.000Z","volume":1000,"label":" ","price":12.78},{"type":"A","date":"2018-03-28T06:23:41.000Z","volume":14000,"label":" ","price":12.78},{"type":"B","date":"2018-03-28T06:24:26.000Z","volume":5000,"label":" ","price":12.78},{"type":"A","date":"2018-03-28T06:29:34.000Z","volume":1000,"label":" ","price":12.8},{"type":"A","date":"2018-03-28T06:32:46.000Z","volume":1000,"label":" ","price":12.8},{"type":"A","date":"2018-03-28T06:34:56.000Z","volume":1000,"label":" ","price":12.8},{"type":"A","date":"2018-03-28T06:36:06.000Z","volume":14000,"label":" ","price":12.8},{"type":"A","date":"2018-03-28T06:36:13.000Z","volume":3000,"label":" ","price":12.82},{"type":"A","date":"2018-03-28T06:36:13.000Z","volume":2000,"label":" ","price":12.82},{"type":"A","date":"2018-03-28T06:36:31.000Z","volume":3000,"label":" ","price":12.84},{"type":"A","date":"2018-03-28T06:36:32.000Z","volume":1000,"label":" ","price":12.84},{"type":"A","date":"2018-03-28T06:36:32.000Z","volume":1000,"label":" ","price":12.84},{"type":"A","date":"2018-03-28T06:36:32.000Z","volume":1000,"label":" ","price":12.84},{"type":"A","date":"2018-03-28T06:36:34.000Z","volume":1000,"label":" ","price":12.84},{"type":"B","date":"2018-03-28T06:36:38.000Z","volume":2000,"label":" ","price":12.88},{"type":"A","date":"2018-03-28T06:36:39.000Z","volume":1000,"label":" ","price":12.88},{"type":"B","date":"2018-03-28T06:36:47.000Z","volume":3000,"label":" ","price":12.86},{"type":"A","date":"2018-03-28T06:38:06.000Z","volume":2000,"label":"Y","price":12.9},{"type":"A","date":"2018-03-28T06:38:06.000Z","volume":1000,"label":" ","price":12.9},{"type":"U","date":"2018-03-28T06:41:51.000Z","volume":1000,"label":" ","price":12.88},{"type":"A","date":"2018-03-28T06:42:03.000Z","volume":1000,"label":" ","price":12.9},{"type":"A","date":"2018-03-28T06:42:08.000Z","volume":1000,"label":" ","price":12.9},{"type":"B","date":"2018-03-28T06:44:40.000Z","volume":7000,"label":" ","price":12.88},{"type":"B","date":"2018-03-28T06:51:33.000Z","volume":8000,"label":" ","price":12.88},{"type":"A","date":"2018-03-28T06:57:25.000Z","volume":1000,"label":" ","price":12.9},{"type":"A","date":"2018-03-28T06:59:22.000Z","volume":1000,"label":" ","price":12.9},{"type":"B","date":"2018-03-28T07:00:03.000Z","volume":9000,"label":" ","price":12.88},{"type":"A","date":"2018-03-28T07:11:51.000Z","volume":1000,"label":" ","price":12.9},{"type":"A","date":"2018-03-28T07:14:02.000Z","volume":1000,"label":" ","price":12.9},{"type":"A","date":"2018-03-28T07:14:02.000Z","volume":1000,"label":" ","price":12.9},{"type":"A","date":"2018-03-28T07:16:48.000Z","volume":1000,"label":" ","price":12.9},{"type":"A","date":"2018-03-28T07:16:51.000Z","volume":1000,"label":" ","price":12.9},{"type":"A","date":"2018-03-28T07:18:02.000Z","volume":1000,"label":" ","price":12.9},{"type":"A","date":"2018-03-28T07:18:03.000Z","volume":1000,"label":" ","price":12.9},{"type":"A","date":"2018-03-28T07:18:45.000Z","volume":2000,"label":" ","price":12.9},{"type":"A","date":"2018-03-28T07:18:45.000Z","volume":13000,"label":" ","price":12.9},{"type":"A","date":"2018-03-28T07:18:45.000Z","volume":1000,"label":" ","price":12.94},{"type":"A","date":"2018-03-28T07:18:46.000Z","volume":1000,"label":" ","price":12.94},{"type":"U","date":"2018-03-28T07:18:47.000Z","volume":1000,"label":" ","price":12.94},{"type":"B","date":"2018-03-28T07:18:55.000Z","volume":6000,"label":" ","price":12.94},{"type":"B","date":"2018-03-28T07:18:55.000Z","volume":3000,"label":" ","price":12.94},{"type":"A","date":"2018-03-28T07:18:55.000Z","volume":1000,"label":" ","price":12.96},{"type":"A","date":"2018-03-28T07:18:56.000Z","volume":1000,"label":" ","price":12.94},{"type":"B","date":"2018-03-28T07:19:00.000Z","volume":2000,"label":" ","price":12.92},{"type":"B","date":"2018-03-28T07:19:02.000Z","volume":3000,"label":" ","price":12.92},{"type":"A","date":"2018-03-28T07:19:05.000Z","volume":1000,"label":" ","price":12.94},{"type":"B","date":"2018-03-28T07:22:33.000Z","volume":1000,"label":" ","price":12.94},{"type":"A","date":"2018-03-28T07:22:33.000Z","volume":1000,"label":" ","price":12.94},{"type":"A","date":"2018-03-28T07:22:52.000Z","volume":1000,"label":" ","price":12.94},{"type":"B","date":"2018-03-28T07:23:08.000Z","volume":6000,"label":" ","price":12.92},{"type":"A","date":"2018-03-28T07:23:08.000Z","volume":1000,"label":" ","price":12.94},{"type":"B","date":"2018-03-28T07:23:41.000Z","volume":3000,"label":" ","price":12.9},{"type":"B","date":"2018-03-28T07:32:59.000Z","volume":8000,"label":" ","price":12.88},{"type":"B","date":"2018-03-28T07:33:10.000Z","volume":5000,"label":" ","price":12.88},{"type":"A","date":"2018-03-28T07:40:17.000Z","volume":2000,"label":" ","price":12.88},{"type":"A","date":"2018-03-28T07:40:17.000Z","volume":1000,"label":" ","price":12.88},{"type":"A","date":"2018-03-28T07:40:17.000Z","volume":1000,"label":" ","price":12.9},{"type":"B","date":"2018-03-28T07:40:49.000Z","volume":3000,"label":" ","price":12.88},{"type":"A","date":"2018-03-28T07:45:02.000Z","volume":1000,"label":" ","price":12.9},{"type":"B","date":"2018-03-28T07:48:21.000Z","volume":2000,"label":" ","price":12.88},{"type":"A","date":"2018-03-28T07:50:02.000Z","volume":1000,"label":" ","price":12.9},{"type":"A","date":"2018-03-28T07:50:53.000Z","volume":1000,"label":" ","price":12.9},{"type":"A","date":"2018-03-28T07:50:54.000Z","volume":1000,"label":" ","price":12.9},{"type":"B","date":"2018-03-28T07:51:00.000Z","volume":20000,"label":" ","price":12.88},{"type":"B","date":"2018-03-28T07:51:00.000Z","volume":2000,"label":" ","price":12.86},{"type":"B","date":"2018-03-28T07:51:00.000Z","volume":4000,"label":" ","price":12.84},{"type":"B","date":"2018-03-28T07:51:00.000Z","volume":5000,"label":" ","price":12.82},{"type":"B","date":"2018-03-28T07:51:00.000Z","volume":69000,"label":" ","price":12.8},{"type":"A","date":"2018-03-28T07:51:00.000Z","volume":1000,"label":" ","price":12.88},{"type":"A","date":"2018-03-28T07:51:00.000Z","volume":1000,"label":" ","price":12.88},{"type":"A","date":"2018-03-28T07:51:00.000Z","volume":1000,"label":" ","price":12.9},{"type":"A","date":"2018-03-28T07:51:01.000Z","volume":2000,"label":" ","price":12.9},{"type":"A","date":"2018-03-28T07:53:11.000Z","volume":1000,"label":" ","price":12.88},{"type":"A","date":"2018-03-28T07:53:29.000Z","volume":1000,"label":" ","price":12.88},{"type":"A","date":"2018-03-28T07:53:46.000Z","volume":1000,"label":" ","price":12.88},{"type":"A","date":"2018-03-28T07:54:56.000Z","volume":1000,"label":" ","price":12.9},{"type":"A","date":"2018-03-28T07:55:17.000Z","volume":1000,"label":" ","price":12.9},{"type":"A","date":"2018-03-28T07:55:17.000Z","volume":1000,"label":" ","price":12.9},{"type":"A","date":"2018-03-28T07:55:50.000Z","volume":1000,"label":" ","price":12.9},{"type":"B","date":"2018-03-28T07:56:04.000Z","volume":17000,"label":" ","price":12.82},{"type":"B","date":"2018-03-28T07:56:15.000Z","volume":8000,"label":" ","price":12.82},{"type":"A","date":"2018-03-28T07:56:15.000Z","volume":1000,"label":" ","price":12.9},{"type":"A","date":"2018-03-28T07:57:11.000Z","volume":1000,"label":" ","price":12.9},{"type":"A","date":"2018-03-28T07:57:48.000Z","volume":1000,"label":" ","price":12.9},{"type":"A","date":"2018-03-28T07:58:01.000Z","volume":1000,"label":" ","price":12.9},{"type":"A","date":"2018-03-28T07:58:02.000Z","volume":1000,"label":" ","price":12.9},{"type":"B","date":"2018-03-28T07:58:26.000Z","volume":2000,"label":" ","price":12.88},{"type":"A","date":"2018-03-28T07:58:26.000Z","volume":1000,"label":" ","price":12.9},{"type":"B","date":"2018-03-28T07:58:40.000Z","volume":3000,"label":" ","price":12.9},{"type":"A","date":"2018-03-28T07:59:01.000Z","volume":2000,"label":" ","price":12.9},{"type":"A","date":"2018-03-28T07:59:02.000Z","volume":1000,"label":" ","price":12.9},{"type":"A","date":"2018-03-28T07:59:02.000Z","volume":1000,"label":"Y","price":12.9},{"type":"B","date":"2018-03-28T07:59:23.000Z","volume":1000,"label":" ","price":12.88},{"type":"B","date":"2018-03-28T07:59:23.000Z","volume":1000,"label":" ","price":12.88},{"type":"A","date":"2018-03-28T07:59:35.000Z","volume":1000,"label":" ","price":12.88},{"type":"U","date":"2018-03-28T08:08:42.000Z","volume":30000,"label":"U","price":12.94}]