[{"type":"U","date":"2018-05-02T01:20:00.000Z","volume":24000,"label":"U","price":5},{"type":"A","date":"2018-05-02T01:30:21.000Z","volume":4000,"label":" ","price":4.99},{"type":"B","date":"2018-05-02T01:31:09.000Z","volume":10000,"label":" ","price":4.93},{"type":"A","date":"2018-05-02T01:31:09.000Z","volume":10000,"label":" ","price":4.93},{"type":"A","date":"2018-05-02T01:31:09.000Z","volume":2000,"label":" ","price":4.94},{"type":"A","date":"2018-05-02T01:31:09.000Z","volume":88000,"label":" ","price":4.96},{"type":"U","date":"2018-05-02T01:31:27.000Z","volume":2000,"label":" ","price":4.94},{"type":"A","date":"2018-05-02T01:32:20.000Z","volume":2000,"label":" ","price":4.93},{"type":"A","date":"2018-05-02T01:32:49.000Z","volume":10000,"label":" ","price":4.93},{"type":"A","date":"2018-05-02T01:32:50.000Z","volume":2000,"label":" ","price":4.93},{"type":"B","date":"2018-05-02T01:32:51.000Z","volume":20000,"label":" ","price":4.92},{"type":"B","date":"2018-05-02T01:32:51.000Z","volume":2000,"label":" ","price":4.92},{"type":"B","date":"2018-05-02T01:33:10.000Z","volume":20000,"label":" ","price":4.91},{"type":"B","date":"2018-05-02T01:33:12.000Z","volume":28000,"label":" ","price":4.9},{"type":"A","date":"2018-05-02T01:33:42.000Z","volume":2000,"label":" ","price":4.9},{"type":"B","date":"2018-05-02T01:33:45.000Z","volume":12000,"label":" ","price":4.89},{"type":"B","date":"2018-05-02T01:33:46.000Z","volume":8000,"label":" ","price":4.88},{"type":"B","date":"2018-05-02T01:34:02.000Z","volume":20000,"label":" ","price":4.87},{"type":"A","date":"2018-05-02T01:34:20.000Z","volume":80000,"label":" ","price":4.9},{"type":"B","date":"2018-05-02T01:34:45.000Z","volume":2000,"label":" ","price":4.88},{"type":"B","date":"2018-05-02T01:34:45.000Z","volume":8000,"label":" ","price":4.86},{"type":"A","date":"2018-05-02T01:34:46.000Z","volume":20000,"label":" ","price":4.9},{"type":"U","date":"2018-05-02T01:35:52.000Z","volume":2000,"label":" ","price":4.88},{"type":"B","date":"2018-05-02T01:36:00.000Z","volume":12000,"label":" ","price":4.86},{"type":"A","date":"2018-05-02T01:36:00.000Z","volume":4000,"label":" ","price":4.86},{"type":"A","date":"2018-05-02T01:36:00.000Z","volume":12000,"label":" ","price":4.86},{"type":"A","date":"2018-05-02T01:36:29.000Z","volume":30000,"label":" ","price":4.89},{"type":"A","date":"2018-05-02T01:36:29.000Z","volume":50000,"label":" ","price":4.9},{"type":"A","date":"2018-05-02T01:36:53.000Z","volume":6000,"label":" ","price":4.89},{"type":"B","date":"2018-05-02T01:36:55.000Z","volume":12000,"label":" ","price":4.89},{"type":"B","date":"2018-05-02T01:37:01.000Z","volume":2000,"label":" ","price":4.89},{"type":"B","date":"2018-05-02T01:37:20.000Z","volume":10000,"label":" ","price":4.86},{"type":"A","date":"2018-05-02T01:37:31.000Z","volume":2000,"label":" ","price":4.89},{"type":"A","date":"2018-05-02T01:37:31.000Z","volume":18000,"label":" ","price":4.9},{"type":"B","date":"2018-05-02T01:37:33.000Z","volume":4000,"label":" ","price":4.86},{"type":"A","date":"2018-05-02T01:38:36.000Z","volume":2000,"label":" ","price":4.9},{"type":"A","date":"2018-05-02T01:38:43.000Z","volume":50000,"label":" ","price":4.9},{"type":"B","date":"2018-05-02T01:38:50.000Z","volume":24000,"label":"Y","price":4.88},{"type":"B","date":"2018-05-02T01:38:50.000Z","volume":12000,"label":" ","price":4.88},{"type":"A","date":"2018-05-02T01:39:02.000Z","volume":56000,"label":" ","price":4.9},{"type":"B","date":"2018-05-02T01:39:07.000Z","volume":12000,"label":" ","price":4.9},{"type":"A","date":"2018-05-02T01:39:07.000Z","volume":10000,"label":" ","price":4.91},{"type":"A","date":"2018-05-02T01:39:55.000Z","volume":8000,"label":" ","price":4.91},{"type":"B","date":"2018-05-02T01:40:01.000Z","volume":12000,"label":" ","price":4.91},{"type":"B","date":"2018-05-02T01:40:05.000Z","volume":2000,"label":" ","price":4.91},{"type":"A","date":"2018-05-02T01:40:12.000Z","volume":20000,"label":" ","price":4.92},{"type":"A","date":"2018-05-02T01:40:41.000Z","volume":8000,"label":"Y","price":4.92},{"type":"A","date":"2018-05-02T01:40:41.000Z","volume":60000,"label":" ","price":4.92},{"type":"B","date":"2018-05-02T01:40:43.000Z","volume":6000,"label":" ","price":4.92},{"type":"B","date":"2018-05-02T01:41:34.000Z","volume":4000,"label":" ","price":4.92},{"type":"B","date":"2018-05-02T01:41:41.000Z","volume":80000,"label":" ","price":4.92},{"type":"A","date":"2018-05-02T01:41:46.000Z","volume":8000,"label":" ","price":4.93},{"type":"B","date":"2018-05-02T01:41:46.000Z","volume":2000,"label":" ","price":4.93},{"type":"A","date":"2018-05-02T01:42:25.000Z","volume":60000,"label":" ","price":4.92},{"type":"A","date":"2018-05-02T01:42:29.000Z","volume":60000,"label":" ","price":4.92},{"type":"A","date":"2018-05-02T01:42:48.000Z","volume":60000,"label":" ","price":4.92},{"type":"A","date":"2018-05-02T01:43:13.000Z","volume":20000,"label":" ","price":4.92},{"type":"B","date":"2018-05-02T01:43:27.000Z","volume":2000,"label":" ","price":4.92},{"type":"U","date":"2018-05-02T01:43:31.000Z","volume":2000,"label":" ","price":4.92},{"type":"B","date":"2018-05-02T01:44:46.000Z","volume":2000,"label":" ","price":4.92},{"type":"A","date":"2018-05-02T01:45:12.000Z","volume":8000,"label":" ","price":4.93},{"type":"A","date":"2018-05-02T01:45:12.000Z","volume":72000,"label":" ","price":4.94},{"type":"B","date":"2018-05-02T01:46:01.000Z","volume":100000,"label":" ","price":4.92},{"type":"B","date":"2018-05-02T01:46:01.000Z","volume":6000,"label":" ","price":4.92},{"type":"A","date":"2018-05-02T01:46:01.000Z","volume":6000,"label":"Y","price":4.92},{"type":"A","date":"2018-05-02T01:46:05.000Z","volume":2000,"label":" ","price":4.93},{"type":"A","date":"2018-05-02T01:46:05.000Z","volume":50000,"label":" ","price":4.93},{"type":"U","date":"2018-05-02T01:46:50.000Z","volume":50000,"label":" ","price":4.92},{"type":"B","date":"2018-05-02T01:47:02.000Z","volume":10000,"label":"Y","price":4.91},{"type":"B","date":"2018-05-02T01:47:02.000Z","volume":22000,"label":" ","price":4.91},{"type":"B","date":"2018-05-02T01:47:20.000Z","volume":50000,"label":" ","price":4.92},{"type":"A","date":"2018-05-02T01:47:36.000Z","volume":74000,"label":" ","price":4.93},{"type":"A","date":"2018-05-02T01:47:36.000Z","volume":84000,"label":" ","price":4.94},{"type":"B","date":"2018-05-02T01:47:36.000Z","volume":6000,"label":" ","price":4.94},{"type":"B","date":"2018-05-02T01:47:38.000Z","volume":86000,"label":" ","price":4.94},{"type":"A","date":"2018-05-02T01:47:38.000Z","volume":8000,"label":" ","price":4.92},{"type":"A","date":"2018-05-02T01:48:06.000Z","volume":80000,"label":" ","price":4.93},{"type":"A","date":"2018-05-02T01:48:06.000Z","volume":12000,"label":" ","price":4.93},{"type":"A","date":"2018-05-02T01:48:18.000Z","volume":90000,"label":" ","price":4.94},{"type":"A","date":"2018-05-02T01:48:18.000Z","volume":8000,"label":" ","price":4.94},{"type":"A","date":"2018-05-02T01:48:20.000Z","volume":2000,"label":" ","price":4.94},{"type":"B","date":"2018-05-02T01:48:24.000Z","volume":60000,"label":" ","price":4.92},{"type":"A","date":"2018-05-02T01:48:24.000Z","volume":2000,"label":" ","price":4.94},{"type":"A","date":"2018-05-02T01:48:50.000Z","volume":60000,"label":" ","price":4.94},{"type":"B","date":"2018-05-02T01:49:04.000Z","volume":38000,"label":" ","price":4.94},{"type":"A","date":"2018-05-02T01:49:55.000Z","volume":42000,"label":" ","price":4.94},{"type":"A","date":"2018-05-02T01:50:04.000Z","volume":10000,"label":" ","price":4.95},{"type":"A","date":"2018-05-02T01:50:04.000Z","volume":8000,"label":" ","price":4.95},{"type":"A","date":"2018-05-02T01:50:05.000Z","volume":36000,"label":" ","price":4.95},{"type":"A","date":"2018-05-02T01:50:05.000Z","volume":48000,"label":" ","price":4.95},{"type":"A","date":"2018-05-02T01:50:09.000Z","volume":4000,"label":" ","price":4.96},{"type":"B","date":"2018-05-02T01:50:14.000Z","volume":2000,"label":" ","price":4.94},{"type":"A","date":"2018-05-02T01:50:17.000Z","volume":10000,"label":" ","price":4.95},{"type":"A","date":"2018-05-02T01:50:17.000Z","volume":20000,"label":" ","price":4.95},{"type":"A","date":"2018-05-02T01:50:35.000Z","volume":8000,"label":" ","price":4.98},{"type":"A","date":"2018-05-02T01:50:40.000Z","volume":2000,"label":" ","price":4.96},{"type":"A","date":"2018-05-02T01:51:53.000Z","volume":4000,"label":" ","price":4.97},{"type":"A","date":"2018-05-02T01:52:00.000Z","volume":2000,"label":" ","price":4.98},{"type":"A","date":"2018-05-02T01:52:05.000Z","volume":4000,"label":" ","price":4.98},{"type":"A","date":"2018-05-02T01:52:14.000Z","volume":4000,"label":" ","price":4.98},{"type":"B","date":"2018-05-02T01:52:14.000Z","volume":4000,"label":" ","price":4.97},{"type":"U","date":"2018-05-02T01:52:20.000Z","volume":2000,"label":" ","price":4.99},{"type":"A","date":"2018-05-02T01:52:30.000Z","volume":2000,"label":" ","price":5},{"type":"A","date":"2018-05-02T01:52:30.000Z","volume":2000,"label":" ","price":5},{"type":"A","date":"2018-05-02T01:52:30.000Z","volume":2000,"label":" ","price":5},{"type":"A","date":"2018-05-02T01:52:31.000Z","volume":2000,"label":" ","price":5},{"type":"A","date":"2018-05-02T01:52:31.000Z","volume":2000,"label":" ","price":5},{"type":"A","date":"2018-05-02T01:52:31.000Z","volume":2000,"label":" ","price":5},{"type":"A","date":"2018-05-02T01:52:31.000Z","volume":2000,"label":" ","price":5},{"type":"A","date":"2018-05-02T01:52:31.000Z","volume":2000,"label":" ","price":5},{"type":"A","date":"2018-05-02T01:52:31.000Z","volume":2000,"label":" ","price":5},{"type":"A","date":"2018-05-02T01:52:31.000Z","volume":2000,"label":" ","price":5},{"type":"A","date":"2018-05-02T01:52:31.000Z","volume":2000,"label":" ","price":5},{"type":"A","date":"2018-05-02T01:52:31.000Z","volume":2000,"label":" ","price":5},{"type":"A","date":"2018-05-02T01:52:31.000Z","volume":2000,"label":" ","price":5},{"type":"A","date":"2018-05-02T01:52:31.000Z","volume":2000,"label":" ","price":5},{"type":"A","date":"2018-05-02T01:52:31.000Z","volume":2000,"label":" ","price":5},{"type":"A","date":"2018-05-02T01:52:31.000Z","volume":2000,"label":" ","price":5},{"type":"A","date":"2018-05-02T01:52:31.000Z","volume":2000,"label":" ","price":5},{"type":"A","date":"2018-05-02T01:52:32.000Z","volume":2000,"label":" ","price":5},{"type":"A","date":"2018-05-02T01:52:32.000Z","volume":2000,"label":" ","price":5},{"type":"A","date":"2018-05-02T01:52:32.000Z","volume":2000,"label":" ","price":5},{"type":"A","date":"2018-05-02T01:52:32.000Z","volume":2000,"label":" ","price":5},{"type":"A","date":"2018-05-02T01:52:32.000Z","volume":2000,"label":" ","price":5},{"type":"A","date":"2018-05-02T01:52:32.000Z","volume":2000,"label":" ","price":5},{"type":"A","date":"2018-05-02T01:52:32.000Z","volume":2000,"label":" ","price":5},{"type":"A","date":"2018-05-02T01:52:32.000Z","volume":2000,"label":" ","price":5},{"type":"A","date":"2018-05-02T01:52:32.000Z","volume":2000,"label":" ","price":5},{"type":"A","date":"2018-05-02T01:52:32.000Z","volume":2000,"label":" ","price":5},{"type":"A","date":"2018-05-02T01:52:32.000Z","volume":2000,"label":" ","price":5},{"type":"A","date":"2018-05-02T01:52:32.000Z","volume":2000,"label":" ","price":5},{"type":"A","date":"2018-05-02T01:52:32.000Z","volume":2000,"label":" ","price":5},{"type":"A","date":"2018-05-02T01:52:32.000Z","volume":2000,"label":" ","price":5},{"type":"A","date":"2018-05-02T01:52:32.000Z","volume":2000,"label":" ","price":5},{"type":"A","date":"2018-05-02T01:52:33.000Z","volume":2000,"label":" ","price":5},{"type":"A","date":"2018-05-02T01:52:33.000Z","volume":2000,"label":" ","price":5},{"type":"A","date":"2018-05-02T01:52:33.000Z","volume":2000,"label":" ","price":5},{"type":"A","date":"2018-05-02T01:52:33.000Z","volume":2000,"label":" ","price":5},{"type":"A","date":"2018-05-02T01:52:33.000Z","volume":2000,"label":" ","price":5},{"type":"A","date":"2018-05-02T01:52:33.000Z","volume":2000,"label":" ","price":5},{"type":"A","date":"2018-05-02T01:52:33.000Z","volume":2000,"label":" ","price":5},{"type":"A","date":"2018-05-02T01:52:33.000Z","volume":2000,"label":" ","price":5},{"type":"A","date":"2018-05-02T01:52:33.000Z","volume":2000,"label":" ","price":5},{"type":"A","date":"2018-05-02T01:52:33.000Z","volume":2000,"label":" ","price":5},{"type":"A","date":"2018-05-02T01:52:33.000Z","volume":2000,"label":" ","price":5},{"type":"A","date":"2018-05-02T01:52:33.000Z","volume":2000,"label":" ","price":5},{"type":"A","date":"2018-05-02T01:52:33.000Z","volume":2000,"label":" ","price":5},{"type":"A","date":"2018-05-02T01:52:33.000Z","volume":2000,"label":" ","price":5},{"type":"A","date":"2018-05-02T01:52:34.000Z","volume":2000,"label":" ","price":5},{"type":"A","date":"2018-05-02T01:52:34.000Z","volume":2000,"label":" ","price":5},{"type":"A","date":"2018-05-02T01:52:34.000Z","volume":2000,"label":" ","price":5},{"type":"A","date":"2018-05-02T01:52:34.000Z","volume":2000,"label":" ","price":5},{"type":"A","date":"2018-05-02T01:52:34.000Z","volume":2000,"label":" ","price":5},{"type":"A","date":"2018-05-02T01:52:34.000Z","volume":2000,"label":" ","price":5},{"type":"A","date":"2018-05-02T01:52:34.000Z","volume":2000,"label":" ","price":5},{"type":"A","date":"2018-05-02T01:52:34.000Z","volume":2000,"label":" ","price":5},{"type":"A","date":"2018-05-02T01:52:34.000Z","volume":2000,"label":" ","price":5},{"type":"A","date":"2018-05-02T01:52:34.000Z","volume":2000,"label":" ","price":5},{"type":"A","date":"2018-05-02T01:52:34.000Z","volume":2000,"label":" ","price":5},{"type":"A","date":"2018-05-02T01:52:34.000Z","volume":2000,"label":" ","price":5},{"type":"A","date":"2018-05-02T01:52:34.000Z","volume":2000,"label":" ","price":5},{"type":"A","date":"2018-05-02T01:52:34.000Z","volume":2000,"label":" ","price":5},{"type":"A","date":"2018-05-02T01:52:35.000Z","volume":2000,"label":" ","price":5},{"type":"A","date":"2018-05-02T01:52:35.000Z","volume":2000,"label":" ","price":5},{"type":"A","date":"2018-05-02T01:52:35.000Z","volume":2000,"label":" ","price":5},{"type":"A","date":"2018-05-02T01:52:35.000Z","volume":2000,"label":" ","price":5},{"type":"A","date":"2018-05-02T01:52:35.000Z","volume":2000,"label":" ","price":5},{"type":"A","date":"2018-05-02T01:52:35.000Z","volume":2000,"label":" ","price":5},{"type":"A","date":"2018-05-02T01:52:35.000Z","volume":2000,"label":" ","price":5},{"type":"A","date":"2018-05-02T01:52:35.000Z","volume":2000,"label":" ","price":5},{"type":"A","date":"2018-05-02T01:52:35.000Z","volume":2000,"label":" ","price":5},{"type":"A","date":"2018-05-02T01:52:35.000Z","volume":2000,"label":" ","price":5},{"type":"A","date":"2018-05-02T01:52:35.000Z","volume":2000,"label":" ","price":5},{"type":"A","date":"2018-05-02T01:52:35.000Z","volume":2000,"label":" ","price":5},{"type":"A","date":"2018-05-02T01:52:35.000Z","volume":2000,"label":" ","price":5},{"type":"A","date":"2018-05-02T01:52:35.000Z","volume":2000,"label":" ","price":5},{"type":"A","date":"2018-05-02T01:52:35.000Z","volume":2000,"label":" ","price":5},{"type":"A","date":"2018-05-02T01:52:40.000Z","volume":2000,"label":" ","price":5},{"type":"A","date":"2018-05-02T01:52:42.000Z","volume":2000,"label":" ","price":5},{"type":"U","date":"2018-05-02T01:52:44.000Z","volume":2000,"label":" ","price":5.01},{"type":"B","date":"2018-05-02T01:52:46.000Z","volume":18000,"label":" ","price":5},{"type":"A","date":"2018-05-02T01:52:48.000Z","volume":20000,"label":" ","price":5},{"type":"A","date":"2018-05-02T01:52:58.000Z","volume":16000,"label":" ","price":5},{"type":"A","date":"2018-05-02T01:53:32.000Z","volume":10000,"label":" ","price":5},{"type":"A","date":"2018-05-02T01:54:12.000Z","volume":2000,"label":" ","price":5.02},{"type":"A","date":"2018-05-02T01:54:13.000Z","volume":4000,"label":" ","price":5.01},{"type":"A","date":"2018-05-02T01:54:13.000Z","volume":100000,"label":" ","price":5.02},{"type":"U","date":"2018-05-02T01:54:16.000Z","volume":6000,"label":" ","price":5.01},{"type":"U","date":"2018-05-02T01:54:22.000Z","volume":4000,"label":" ","price":5.01},{"type":"A","date":"2018-05-02T01:54:22.000Z","volume":2000,"label":" ","price":5.02},{"type":"U","date":"2018-05-02T01:54:32.000Z","volume":10000,"label":" ","price":5.01},{"type":"B","date":"2018-05-02T01:54:35.000Z","volume":22000,"label":" ","price":5},{"type":"B","date":"2018-05-02T01:54:42.000Z","volume":2000,"label":" ","price":4.99},{"type":"A","date":"2018-05-02T01:54:42.000Z","volume":58000,"label":" ","price":5},{"type":"B","date":"2018-05-02T01:55:06.000Z","volume":10000,"label":" ","price":5},{"type":"A","date":"2018-05-02T01:57:02.000Z","volume":4000,"label":" ","price":5},{"type":"B","date":"2018-05-02T01:58:52.000Z","volume":2000,"label":" ","price":4.98},{"type":"B","date":"2018-05-02T01:59:03.000Z","volume":18000,"label":" ","price":4.97},{"type":"B","date":"2018-05-02T01:59:03.000Z","volume":6000,"label":" ","price":4.97},{"type":"B","date":"2018-05-02T01:59:35.000Z","volume":8000,"label":" ","price":4.96},{"type":"B","date":"2018-05-02T01:59:48.000Z","volume":22000,"label":" ","price":4.95},{"type":"B","date":"2018-05-02T01:59:50.000Z","volume":22000,"label":" ","price":4.94},{"type":"B","date":"2018-05-02T02:00:01.000Z","volume":14000,"label":" ","price":4.93},{"type":"U","date":"2018-05-02T02:00:05.000Z","volume":2000,"label":" ","price":4.95},{"type":"B","date":"2018-05-02T02:00:14.000Z","volume":2000,"label":" ","price":4.93},{"type":"B","date":"2018-05-02T02:00:33.000Z","volume":4000,"label":" ","price":4.93},{"type":"B","date":"2018-05-02T02:00:45.000Z","volume":2000,"label":" ","price":4.93},{"type":"A","date":"2018-05-02T02:00:48.000Z","volume":2000,"label":" ","price":4.95},{"type":"U","date":"2018-05-02T02:01:12.000Z","volume":2000,"label":" ","price":4.95},{"type":"B","date":"2018-05-02T02:01:17.000Z","volume":150000,"label":" ","price":4.93},{"type":"B","date":"2018-05-02T02:01:29.000Z","volume":30000,"label":" ","price":4.93},{"type":"U","date":"2018-05-02T02:02:26.000Z","volume":2000,"label":" ","price":4.94},{"type":"A","date":"2018-05-02T02:02:35.000Z","volume":8000,"label":" ","price":4.94},{"type":"A","date":"2018-05-02T02:02:57.000Z","volume":2000,"label":" ","price":4.95},{"type":"A","date":"2018-05-02T02:02:57.000Z","volume":2000,"label":" ","price":4.95},{"type":"A","date":"2018-05-02T02:03:10.000Z","volume":4000,"label":" ","price":4.96},{"type":"A","date":"2018-05-02T02:03:10.000Z","volume":6000,"label":" ","price":4.96},{"type":"A","date":"2018-05-02T02:03:23.000Z","volume":6000,"label":" ","price":4.96},{"type":"A","date":"2018-05-02T02:03:23.000Z","volume":4000,"label":" ","price":4.96},{"type":"B","date":"2018-05-02T02:07:11.000Z","volume":10000,"label":" ","price":4.94},{"type":"B","date":"2018-05-02T02:07:18.000Z","volume":14000,"label":" ","price":4.94},{"type":"B","date":"2018-05-02T02:07:22.000Z","volume":12000,"label":" ","price":4.93},{"type":"A","date":"2018-05-02T02:07:23.000Z","volume":50000,"label":" ","price":4.96},{"type":"A","date":"2018-05-02T02:07:30.000Z","volume":40000,"label":" ","price":4.96},{"type":"A","date":"2018-05-02T02:07:36.000Z","volume":20000,"label":" ","price":4.96},{"type":"A","date":"2018-05-02T02:07:41.000Z","volume":2000,"label":" ","price":4.95},{"type":"A","date":"2018-05-02T02:07:44.000Z","volume":30000,"label":" ","price":4.96},{"type":"A","date":"2018-05-02T02:07:56.000Z","volume":4000,"label":" ","price":4.95},{"type":"A","date":"2018-05-02T02:07:57.000Z","volume":10000,"label":" ","price":4.96},{"type":"A","date":"2018-05-02T02:08:01.000Z","volume":50000,"label":" ","price":4.96},{"type":"A","date":"2018-05-02T02:08:18.000Z","volume":10000,"label":" ","price":4.96},{"type":"A","date":"2018-05-02T02:08:35.000Z","volume":2000,"label":" ","price":4.96},{"type":"A","date":"2018-05-02T02:08:45.000Z","volume":2000,"label":" ","price":4.96},{"type":"B","date":"2018-05-02T02:08:55.000Z","volume":4000,"label":" ","price":4.95},{"type":"A","date":"2018-05-02T02:09:54.000Z","volume":2000,"label":" ","price":4.95},{"type":"U","date":"2018-05-02T02:10:01.000Z","volume":2000,"label":" ","price":4.95},{"type":"A","date":"2018-05-02T02:10:16.000Z","volume":4000,"label":" ","price":4.95},{"type":"A","date":"2018-05-02T02:10:37.000Z","volume":4000,"label":" ","price":4.95},{"type":"B","date":"2018-05-02T02:12:13.000Z","volume":46000,"label":" ","price":4.94},{"type":"A","date":"2018-05-02T02:13:05.000Z","volume":2000,"label":" ","price":4.95},{"type":"A","date":"2018-05-02T02:13:23.000Z","volume":50000,"label":" ","price":4.95},{"type":"A","date":"2018-05-02T02:13:23.000Z","volume":4000,"label":" ","price":4.95},{"type":"U","date":"2018-05-02T02:13:44.000Z","volume":2000,"label":" ","price":4.95},{"type":"A","date":"2018-05-02T02:13:53.000Z","volume":6000,"label":" ","price":4.96},{"type":"B","date":"2018-05-02T02:14:34.000Z","volume":50000,"label":" ","price":4.94},{"type":"A","date":"2018-05-02T02:14:50.000Z","volume":2000,"label":" ","price":4.95},{"type":"A","date":"2018-05-02T02:14:50.000Z","volume":2000,"label":" ","price":4.95},{"type":"U","date":"2018-05-02T02:15:33.000Z","volume":2000,"label":" ","price":4.94},{"type":"A","date":"2018-05-02T02:15:35.000Z","volume":30000,"label":" ","price":4.95},{"type":"U","date":"2018-05-02T02:15:50.000Z","volume":2000,"label":" ","price":4.95},{"type":"A","date":"2018-05-02T02:16:04.000Z","volume":48000,"label":" ","price":4.96},{"type":"A","date":"2018-05-02T02:16:04.000Z","volume":2000,"label":" ","price":4.96},{"type":"A","date":"2018-05-02T02:16:04.000Z","volume":2000,"label":" ","price":4.96},{"type":"U","date":"2018-05-02T02:16:26.000Z","volume":2000,"label":" ","price":4.95},{"type":"A","date":"2018-05-02T02:16:27.000Z","volume":50000,"label":" ","price":4.96},{"type":"A","date":"2018-05-02T02:16:27.000Z","volume":2000,"label":" ","price":4.96},{"type":"A","date":"2018-05-02T02:16:35.000Z","volume":2000,"label":" ","price":4.96},{"type":"A","date":"2018-05-02T02:17:20.000Z","volume":2000,"label":" ","price":4.96},{"type":"U","date":"2018-05-02T02:17:21.000Z","volume":30000,"label":" ","price":4.96},{"type":"A","date":"2018-05-02T02:17:35.000Z","volume":50000,"label":" ","price":4.96},{"type":"A","date":"2018-05-02T02:17:35.000Z","volume":2000,"label":" ","price":4.96},{"type":"A","date":"2018-05-02T02:17:59.000Z","volume":30000,"label":" ","price":4.96},{"type":"A","date":"2018-05-02T02:18:00.000Z","volume":2000,"label":" ","price":4.96},{"type":"A","date":"2018-05-02T02:18:09.000Z","volume":2000,"label":" ","price":4.96},{"type":"A","date":"2018-05-02T02:19:20.000Z","volume":2000,"label":" ","price":4.95},{"type":"A","date":"2018-05-02T02:19:21.000Z","volume":30000,"label":" ","price":4.95},{"type":"A","date":"2018-05-02T02:20:31.000Z","volume":10000,"label":" ","price":4.95},{"type":"B","date":"2018-05-02T02:20:31.000Z","volume":20000,"label":" ","price":4.94},{"type":"A","date":"2018-05-02T02:21:17.000Z","volume":30000,"label":" ","price":4.95},{"type":"A","date":"2018-05-02T02:21:57.000Z","volume":16000,"label":" ","price":4.96},{"type":"B","date":"2018-05-02T02:22:12.000Z","volume":6000,"label":" ","price":4.96},{"type":"B","date":"2018-05-02T02:23:00.000Z","volume":20000,"label":" ","price":4.95},{"type":"A","date":"2018-05-02T02:24:50.000Z","volume":2000,"label":" ","price":4.96},{"type":"A","date":"2018-05-02T02:25:08.000Z","volume":8000,"label":" ","price":4.96},{"type":"A","date":"2018-05-02T02:26:11.000Z","volume":16000,"label":" ","price":4.96},{"type":"A","date":"2018-05-02T02:26:50.000Z","volume":2000,"label":" ","price":4.97},{"type":"U","date":"2018-05-02T02:27:55.000Z","volume":2000,"label":" ","price":4.96},{"type":"A","date":"2018-05-02T02:28:50.000Z","volume":2000,"label":" ","price":4.97},{"type":"A","date":"2018-05-02T02:30:50.000Z","volume":2000,"label":" ","price":4.97},{"type":"B","date":"2018-05-02T02:31:28.000Z","volume":20000,"label":" ","price":4.96},{"type":"B","date":"2018-05-02T02:32:22.000Z","volume":2000,"label":" ","price":4.96},{"type":"A","date":"2018-05-02T02:32:42.000Z","volume":2000,"label":" ","price":4.97},{"type":"A","date":"2018-05-02T02:33:05.000Z","volume":500000,"label":" ","price":4.97},{"type":"A","date":"2018-05-02T02:33:21.000Z","volume":60000,"label":" ","price":4.97},{"type":"B","date":"2018-05-02T02:33:30.000Z","volume":20000,"label":" ","price":4.96},{"type":"A","date":"2018-05-02T02:33:38.000Z","volume":20000,"label":" ","price":4.98},{"type":"A","date":"2018-05-02T02:33:53.000Z","volume":66000,"label":" ","price":4.98},{"type":"A","date":"2018-05-02T02:34:41.000Z","volume":68000,"label":" ","price":4.99},{"type":"A","date":"2018-05-02T02:35:03.000Z","volume":20000,"label":" ","price":5},{"type":"A","date":"2018-05-02T02:35:05.000Z","volume":2000,"label":" ","price":5},{"type":"A","date":"2018-05-02T02:35:08.000Z","volume":68000,"label":" ","price":5},{"type":"B","date":"2018-05-02T02:35:26.000Z","volume":118000,"label":" ","price":5},{"type":"A","date":"2018-05-02T02:35:27.000Z","volume":8000,"label":"Y","price":5},{"type":"B","date":"2018-05-02T02:35:53.000Z","volume":16000,"label":" ","price":4.99},{"type":"A","date":"2018-05-02T02:36:05.000Z","volume":8000,"label":" ","price":5},{"type":"A","date":"2018-05-02T02:36:14.000Z","volume":64000,"label":" ","price":5},{"type":"A","date":"2018-05-02T02:37:02.000Z","volume":72000,"label":" ","price":5.01},{"type":"U","date":"2018-05-02T02:37:20.000Z","volume":2000,"label":" ","price":5.02},{"type":"A","date":"2018-05-02T02:37:36.000Z","volume":30000,"label":" ","price":5.02},{"type":"A","date":"2018-05-02T02:37:47.000Z","volume":50000,"label":" ","price":5.02},{"type":"B","date":"2018-05-02T02:38:06.000Z","volume":14000,"label":" ","price":5},{"type":"A","date":"2018-05-02T02:38:06.000Z","volume":6000,"label":" ","price":5},{"type":"A","date":"2018-05-02T02:38:20.000Z","volume":30000,"label":" ","price":5},{"type":"A","date":"2018-05-02T02:38:36.000Z","volume":6000,"label":" ","price":5},{"type":"A","date":"2018-05-02T02:38:45.000Z","volume":40000,"label":" ","price":5.02},{"type":"A","date":"2018-05-02T02:38:45.000Z","volume":4000,"label":" ","price":5.03},{"type":"A","date":"2018-05-02T02:38:45.000Z","volume":436000,"label":" ","price":5.04},{"type":"A","date":"2018-05-02T02:38:52.000Z","volume":2000,"label":" ","price":5.03},{"type":"A","date":"2018-05-02T02:38:59.000Z","volume":2000,"label":" ","price":5.03},{"type":"U","date":"2018-05-02T02:39:10.000Z","volume":2000,"label":" ","price":5.03},{"type":"A","date":"2018-05-02T02:39:34.000Z","volume":20000,"label":" ","price":5.03},{"type":"U","date":"2018-05-02T02:39:39.000Z","volume":2000,"label":" ","price":5.02},{"type":"A","date":"2018-05-02T02:40:13.000Z","volume":6000,"label":" ","price":5.03},{"type":"B","date":"2018-05-02T02:41:03.000Z","volume":30000,"label":" ","price":5.01},{"type":"B","date":"2018-05-02T02:43:35.000Z","volume":30000,"label":" ","price":5},{"type":"B","date":"2018-05-02T02:43:35.000Z","volume":12000,"label":" ","price":5},{"type":"A","date":"2018-05-02T02:44:40.000Z","volume":34000,"label":" ","price":5},{"type":"A","date":"2018-05-02T02:46:20.000Z","volume":2000,"label":" ","price":5.01},{"type":"B","date":"2018-05-02T02:46:59.000Z","volume":2000,"label":" ","price":5},{"type":"A","date":"2018-05-02T02:48:20.000Z","volume":2000,"label":" ","price":5.01},{"type":"A","date":"2018-05-02T02:49:18.000Z","volume":2000,"label":" ","price":5.01},{"type":"A","date":"2018-05-02T02:49:26.000Z","volume":2000,"label":" ","price":5.01},{"type":"A","date":"2018-05-02T02:50:15.000Z","volume":30000,"label":" ","price":5.01},{"type":"B","date":"2018-05-02T02:50:15.000Z","volume":2000,"label":" ","price":5.01},{"type":"A","date":"2018-05-02T02:50:16.000Z","volume":2000,"label":" ","price":5.02},{"type":"B","date":"2018-05-02T02:50:54.000Z","volume":12000,"label":" ","price":5},{"type":"B","date":"2018-05-02T02:51:54.000Z","volume":10000,"label":" ","price":4.99},{"type":"B","date":"2018-05-02T02:51:54.000Z","volume":12000,"label":" ","price":4.99},{"type":"B","date":"2018-05-02T02:52:13.000Z","volume":24000,"label":" ","price":4.98},{"type":"A","date":"2018-05-02T02:52:16.000Z","volume":4000,"label":" ","price":4.98},{"type":"A","date":"2018-05-02T02:53:51.000Z","volume":6000,"label":" ","price":4.98},{"type":"B","date":"2018-05-02T02:54:52.000Z","volume":2000,"label":" ","price":4.97},{"type":"A","date":"2018-05-02T02:55:05.000Z","volume":2000,"label":" ","price":4.99},{"type":"A","date":"2018-05-02T02:57:14.000Z","volume":4000,"label":" ","price":4.99},{"type":"B","date":"2018-05-02T02:57:27.000Z","volume":2000,"label":" ","price":4.99},{"type":"B","date":"2018-05-02T02:57:46.000Z","volume":20000,"label":" ","price":4.97},{"type":"B","date":"2018-05-02T02:58:45.000Z","volume":4000,"label":" ","price":4.97},{"type":"A","date":"2018-05-02T02:59:04.000Z","volume":18000,"label":" ","price":4.99},{"type":"A","date":"2018-05-02T02:59:04.000Z","volume":82000,"label":" ","price":5},{"type":"A","date":"2018-05-02T02:59:41.000Z","volume":10000,"label":" ","price":5},{"type":"B","date":"2018-05-02T03:00:35.000Z","volume":2000,"label":" ","price":4.96},{"type":"B","date":"2018-05-02T03:00:53.000Z","volume":34000,"label":"Y","price":4.95},{"type":"B","date":"2018-05-02T03:00:53.000Z","volume":66000,"label":" ","price":4.95},{"type":"B","date":"2018-05-02T03:00:53.000Z","volume":68000,"label":" ","price":4.95},{"type":"A","date":"2018-05-02T03:01:16.000Z","volume":12000,"label":" ","price":4.96},{"type":"A","date":"2018-05-02T03:01:19.000Z","volume":20000,"label":" ","price":4.96},{"type":"B","date":"2018-05-02T03:01:42.000Z","volume":10000,"label":" ","price":4.95},{"type":"A","date":"2018-05-02T03:02:12.000Z","volume":76000,"label":"Y","price":4.96},{"type":"A","date":"2018-05-02T03:02:12.000Z","volume":4000,"label":" ","price":4.96},{"type":"B","date":"2018-05-02T03:02:15.000Z","volume":6000,"label":" ","price":4.95},{"type":"A","date":"2018-05-02T03:02:16.000Z","volume":50000,"label":" ","price":4.96},{"type":"A","date":"2018-05-02T03:02:16.000Z","volume":8000,"label":" ","price":4.96},{"type":"A","date":"2018-05-02T03:02:25.000Z","volume":32000,"label":" ","price":4.96},{"type":"A","date":"2018-05-02T03:02:25.000Z","volume":6000,"label":" ","price":4.98},{"type":"A","date":"2018-05-02T03:02:44.000Z","volume":6000,"label":" ","price":4.97},{"type":"A","date":"2018-05-02T03:02:50.000Z","volume":16000,"label":" ","price":4.97},{"type":"A","date":"2018-05-02T03:02:50.000Z","volume":2000,"label":" ","price":4.98},{"type":"A","date":"2018-05-02T03:03:18.000Z","volume":2000,"label":" ","price":4.98},{"type":"A","date":"2018-05-02T03:03:21.000Z","volume":20000,"label":" ","price":4.98},{"type":"A","date":"2018-05-02T03:03:25.000Z","volume":20000,"label":" ","price":4.98},{"type":"A","date":"2018-05-02T03:04:20.000Z","volume":2000,"label":" ","price":4.98},{"type":"A","date":"2018-05-02T03:05:58.000Z","volume":2000,"label":" ","price":4.98},{"type":"A","date":"2018-05-02T03:06:35.000Z","volume":2000,"label":" ","price":4.99},{"type":"A","date":"2018-05-02T03:06:38.000Z","volume":20000,"label":" ","price":4.99},{"type":"A","date":"2018-05-02T03:07:04.000Z","volume":18000,"label":" ","price":4.99},{"type":"A","date":"2018-05-02T03:09:05.000Z","volume":2000,"label":" ","price":4.99},{"type":"B","date":"2018-05-02T03:10:14.000Z","volume":10000,"label":" ","price":4.97},{"type":"A","date":"2018-05-02T03:10:49.000Z","volume":8000,"label":" ","price":4.97},{"type":"B","date":"2018-05-02T03:11:12.000Z","volume":2000,"label":" ","price":4.97},{"type":"B","date":"2018-05-02T03:11:12.000Z","volume":8000,"label":" ","price":4.96},{"type":"A","date":"2018-05-02T03:11:35.000Z","volume":2000,"label":" ","price":4.98},{"type":"B","date":"2018-05-02T03:11:39.000Z","volume":82000,"label":"Y","price":4.96},{"type":"B","date":"2018-05-02T03:11:39.000Z","volume":2000,"label":" ","price":4.96},{"type":"A","date":"2018-05-02T03:12:03.000Z","volume":20000,"label":" ","price":4.96},{"type":"B","date":"2018-05-02T03:12:15.000Z","volume":2000,"label":" ","price":4.97},{"type":"B","date":"2018-05-02T03:12:40.000Z","volume":50000,"label":"Y","price":4.95},{"type":"A","date":"2018-05-02T03:13:20.000Z","volume":2000,"label":" ","price":4.97},{"type":"B","date":"2018-05-02T03:14:02.000Z","volume":66000,"label":"Y","price":4.95},{"type":"B","date":"2018-05-02T03:14:02.000Z","volume":14000,"label":" ","price":4.95},{"type":"B","date":"2018-05-02T03:14:48.000Z","volume":28000,"label":"Y","price":4.95},{"type":"B","date":"2018-05-02T03:14:48.000Z","volume":32000,"label":" ","price":4.95},{"type":"B","date":"2018-05-02T03:17:57.000Z","volume":4000,"label":" ","price":4.94},{"type":"A","date":"2018-05-02T03:18:20.000Z","volume":6000,"label":" ","price":4.95},{"type":"A","date":"2018-05-02T03:18:20.000Z","volume":2000,"label":" ","price":4.97},{"type":"B","date":"2018-05-02T03:21:13.000Z","volume":2000,"label":" ","price":4.97},{"type":"A","date":"2018-05-02T03:21:14.000Z","volume":8000,"label":" ","price":4.97},{"type":"A","date":"2018-05-02T03:21:14.000Z","volume":2000,"label":" ","price":4.98},{"type":"B","date":"2018-05-02T03:23:59.000Z","volume":2000,"label":" ","price":4.96},{"type":"B","date":"2018-05-02T03:26:17.000Z","volume":4000,"label":" ","price":4.95},{"type":"B","date":"2018-05-02T03:26:20.000Z","volume":28000,"label":" ","price":4.96},{"type":"B","date":"2018-05-02T03:26:45.000Z","volume":24000,"label":" ","price":4.96},{"type":"B","date":"2018-05-02T03:28:21.000Z","volume":2000,"label":" ","price":4.95},{"type":"B","date":"2018-05-02T03:28:27.000Z","volume":74000,"label":" ","price":4.94},{"type":"A","date":"2018-05-02T03:29:18.000Z","volume":8000,"label":" ","price":4.94},{"type":"A","date":"2018-05-02T03:29:18.000Z","volume":8000,"label":" ","price":4.95},{"type":"U","date":"2018-05-02T03:29:38.000Z","volume":2000,"label":" ","price":4.95},{"type":"A","date":"2018-05-02T03:31:36.000Z","volume":10000,"label":" ","price":4.96},{"type":"A","date":"2018-05-02T03:32:37.000Z","volume":30000,"label":" ","price":4.96},{"type":"B","date":"2018-05-02T03:33:42.000Z","volume":2000,"label":" ","price":4.94},{"type":"B","date":"2018-05-02T03:37:24.000Z","volume":2000,"label":" ","price":4.95},{"type":"A","date":"2018-05-02T03:38:23.000Z","volume":12000,"label":" ","price":4.95},{"type":"A","date":"2018-05-02T03:38:23.000Z","volume":8000,"label":" ","price":4.96},{"type":"A","date":"2018-05-02T03:40:20.000Z","volume":2000,"label":" ","price":4.96},{"type":"B","date":"2018-05-02T03:40:23.000Z","volume":2000,"label":" ","price":4.95},{"type":"B","date":"2018-05-02T03:44:04.000Z","volume":2000,"label":" ","price":4.95},{"type":"A","date":"2018-05-02T03:45:02.000Z","volume":8000,"label":" ","price":4.96},{"type":"A","date":"2018-05-02T03:46:20.000Z","volume":2000,"label":" ","price":4.97},{"type":"A","date":"2018-05-02T03:48:11.000Z","volume":6000,"label":" ","price":4.97},{"type":"A","date":"2018-05-02T03:48:35.000Z","volume":2000,"label":" ","price":4.97},{"type":"B","date":"2018-05-02T03:48:35.000Z","volume":6000,"label":" ","price":4.96},{"type":"B","date":"2018-05-02T03:49:14.000Z","volume":20000,"label":" ","price":4.94},{"type":"A","date":"2018-05-02T03:49:56.000Z","volume":4000,"label":" ","price":4.94},{"type":"B","date":"2018-05-02T03:50:04.000Z","volume":2000,"label":" ","price":4.93},{"type":"A","date":"2018-05-02T03:50:53.000Z","volume":10000,"label":" ","price":4.94},{"type":"A","date":"2018-05-02T03:52:05.000Z","volume":2000,"label":" ","price":4.96},{"type":"B","date":"2018-05-02T03:59:38.000Z","volume":2000,"label":" ","price":4.95},{"type":"U","date":"2018-05-02T05:00:00.000Z","volume":2000,"label":" ","price":4.95},{"type":"A","date":"2018-05-02T05:00:00.000Z","volume":2000,"label":" ","price":4.96},{"type":"A","date":"2018-05-02T05:00:00.000Z","volume":8000,"label":" ","price":4.98},{"type":"A","date":"2018-05-02T05:00:00.000Z","volume":8000,"label":" ","price":4.99},{"type":"B","date":"2018-05-02T05:01:03.000Z","volume":2000,"label":" ","price":4.97},{"type":"B","date":"2018-05-02T05:01:26.000Z","volume":36000,"label":" ","price":4.97},{"type":"B","date":"2018-05-02T05:01:26.000Z","volume":6000,"label":" ","price":4.97},{"type":"B","date":"2018-05-02T05:02:04.000Z","volume":50000,"label":" ","price":4.95},{"type":"A","date":"2018-05-02T05:03:10.000Z","volume":8000,"label":" ","price":4.96},{"type":"A","date":"2018-05-02T05:03:10.000Z","volume":72000,"label":" ","price":4.97},{"type":"U","date":"2018-05-02T05:04:32.000Z","volume":2000,"label":" ","price":4.96},{"type":"B","date":"2018-05-02T05:05:17.000Z","volume":40000,"label":" ","price":4.93},{"type":"A","date":"2018-05-02T05:05:25.000Z","volume":40000,"label":" ","price":4.95},{"type":"A","date":"2018-05-02T05:05:25.000Z","volume":60000,"label":" ","price":4.96},{"type":"B","date":"2018-05-02T05:06:22.000Z","volume":16000,"label":" ","price":4.93},{"type":"A","date":"2018-05-02T05:06:29.000Z","volume":30000,"label":" ","price":4.96},{"type":"A","date":"2018-05-02T05:06:32.000Z","volume":4000,"label":" ","price":4.96},{"type":"B","date":"2018-05-02T05:06:32.000Z","volume":2000,"label":" ","price":4.95},{"type":"B","date":"2018-05-02T05:07:13.000Z","volume":4000,"label":" ","price":4.94},{"type":"A","date":"2018-05-02T05:08:47.000Z","volume":2000,"label":" ","price":4.95},{"type":"A","date":"2018-05-02T05:09:52.000Z","volume":2000,"label":" ","price":4.95},{"type":"B","date":"2018-05-02T05:10:32.000Z","volume":4000,"label":" ","price":4.93},{"type":"A","date":"2018-05-02T05:10:33.000Z","volume":58000,"label":" ","price":4.96},{"type":"A","date":"2018-05-02T05:11:09.000Z","volume":40000,"label":" ","price":4.96},{"type":"A","date":"2018-05-02T05:12:26.000Z","volume":2000,"label":" ","price":4.96},{"type":"A","date":"2018-05-02T05:12:39.000Z","volume":2000,"label":" ","price":4.95},{"type":"A","date":"2018-05-02T05:12:58.000Z","volume":4000,"label":" ","price":4.96},{"type":"A","date":"2018-05-02T05:14:59.000Z","volume":62000,"label":" ","price":4.96},{"type":"A","date":"2018-05-02T05:16:51.000Z","volume":10000,"label":" ","price":4.96},{"type":"A","date":"2018-05-02T05:18:22.000Z","volume":10000,"label":" ","price":4.96},{"type":"A","date":"2018-05-02T05:18:47.000Z","volume":2000,"label":" ","price":4.96},{"type":"B","date":"2018-05-02T05:18:56.000Z","volume":2000,"label":" ","price":4.95},{"type":"B","date":"2018-05-02T05:19:13.000Z","volume":4000,"label":" ","price":4.94},{"type":"A","date":"2018-05-02T05:19:32.000Z","volume":2000,"label":" ","price":4.95},{"type":"A","date":"2018-05-02T05:19:54.000Z","volume":2000,"label":"Y","price":4.95},{"type":"U","date":"2018-05-02T05:19:56.000Z","volume":2000,"label":" ","price":4.94},{"type":"B","date":"2018-05-02T05:20:12.000Z","volume":36000,"label":" ","price":4.93},{"type":"B","date":"2018-05-02T05:20:26.000Z","volume":2000,"label":" ","price":4.93},{"type":"A","date":"2018-05-02T05:22:38.000Z","volume":14000,"label":" ","price":4.94},{"type":"A","date":"2018-05-02T05:22:38.000Z","volume":2000,"label":" ","price":4.95},{"type":"A","date":"2018-05-02T05:23:59.000Z","volume":2000,"label":" ","price":4.95},{"type":"B","date":"2018-05-02T05:24:51.000Z","volume":10000,"label":" ","price":4.93},{"type":"A","date":"2018-05-02T05:24:59.000Z","volume":4000,"label":" ","price":4.96},{"type":"A","date":"2018-05-02T05:25:02.000Z","volume":2000,"label":" ","price":4.96},{"type":"B","date":"2018-05-02T05:25:28.000Z","volume":2000,"label":" ","price":4.94},{"type":"A","date":"2018-05-02T05:29:09.000Z","volume":4000,"label":" ","price":4.96},{"type":"A","date":"2018-05-02T05:29:09.000Z","volume":96000,"label":" ","price":4.97},{"type":"A","date":"2018-05-02T05:29:40.000Z","volume":80000,"label":" ","price":4.97},{"type":"A","date":"2018-05-02T05:29:58.000Z","volume":40000,"label":" ","price":4.97},{"type":"A","date":"2018-05-02T05:30:07.000Z","volume":10000,"label":" ","price":4.97},{"type":"A","date":"2018-05-02T05:30:41.000Z","volume":2000,"label":" ","price":4.96},{"type":"B","date":"2018-05-02T05:30:48.000Z","volume":2000,"label":" ","price":4.96},{"type":"A","date":"2018-05-02T05:30:57.000Z","volume":2000,"label":" ","price":4.96},{"type":"A","date":"2018-05-02T05:31:17.000Z","volume":4000,"label":" ","price":4.96},{"type":"A","date":"2018-05-02T05:31:26.000Z","volume":2000,"label":" ","price":4.96},{"type":"A","date":"2018-05-02T05:31:41.000Z","volume":2000,"label":" ","price":4.96},{"type":"A","date":"2018-05-02T05:33:37.000Z","volume":2000,"label":" ","price":4.96},{"type":"A","date":"2018-05-02T05:34:26.000Z","volume":4000,"label":" ","price":4.96},{"type":"A","date":"2018-05-02T05:37:02.000Z","volume":2000,"label":" ","price":4.97},{"type":"A","date":"2018-05-02T05:38:01.000Z","volume":6000,"label":" ","price":4.97},{"type":"A","date":"2018-05-02T05:40:17.000Z","volume":2000,"label":" ","price":4.98},{"type":"A","date":"2018-05-02T05:40:17.000Z","volume":34000,"label":" ","price":4.98},{"type":"A","date":"2018-05-02T05:40:17.000Z","volume":16000,"label":" ","price":4.99},{"type":"U","date":"2018-05-02T05:40:34.000Z","volume":2000,"label":" ","price":4.98},{"type":"A","date":"2018-05-02T05:41:40.000Z","volume":50000,"label":" ","price":4.99},{"type":"A","date":"2018-05-02T05:41:52.000Z","volume":162000,"label":" ","price":4.99},{"type":"A","date":"2018-05-02T05:42:19.000Z","volume":10000,"label":" ","price":5},{"type":"A","date":"2018-05-02T05:42:19.000Z","volume":2000,"label":"Y","price":5},{"type":"A","date":"2018-05-02T05:42:19.000Z","volume":42000,"label":" ","price":5},{"type":"A","date":"2018-05-02T05:42:19.000Z","volume":20000,"label":" ","price":5.01},{"type":"A","date":"2018-05-02T05:42:19.000Z","volume":36000,"label":" ","price":5.02},{"type":"B","date":"2018-05-02T05:42:34.000Z","volume":10000,"label":" ","price":5},{"type":"A","date":"2018-05-02T05:42:48.000Z","volume":50000,"label":" ","price":5.01},{"type":"A","date":"2018-05-02T05:42:48.000Z","volume":2000,"label":"Y","price":5.01},{"type":"B","date":"2018-05-02T05:43:02.000Z","volume":12000,"label":" ","price":5.01},{"type":"A","date":"2018-05-02T05:43:08.000Z","volume":34000,"label":" ","price":5.01},{"type":"A","date":"2018-05-02T05:44:54.000Z","volume":4000,"label":" ","price":5.01},{"type":"B","date":"2018-05-02T05:45:08.000Z","volume":16000,"label":" ","price":5},{"type":"B","date":"2018-05-02T05:45:12.000Z","volume":22000,"label":" ","price":4.99},{"type":"B","date":"2018-05-02T05:45:12.000Z","volume":10000,"label":" ","price":4.99},{"type":"B","date":"2018-05-02T05:45:21.000Z","volume":30000,"label":" ","price":4.99},{"type":"B","date":"2018-05-02T05:45:21.000Z","volume":2000,"label":" ","price":4.99},{"type":"A","date":"2018-05-02T05:46:06.000Z","volume":90000,"label":" ","price":4.99},{"type":"A","date":"2018-05-02T05:46:14.000Z","volume":30000,"label":" ","price":4.99},{"type":"A","date":"2018-05-02T05:47:14.000Z","volume":14000,"label":" ","price":4.99},{"type":"A","date":"2018-05-02T05:48:04.000Z","volume":40000,"label":" ","price":4.99},{"type":"A","date":"2018-05-02T05:48:59.000Z","volume":8000,"label":" ","price":4.99},{"type":"A","date":"2018-05-02T05:50:13.000Z","volume":4000,"label":" ","price":4.99},{"type":"B","date":"2018-05-02T05:54:21.000Z","volume":8000,"label":" ","price":4.97},{"type":"B","date":"2018-05-02T05:54:49.000Z","volume":2000,"label":" ","price":4.98},{"type":"B","date":"2018-05-02T05:54:49.000Z","volume":6000,"label":" ","price":4.97},{"type":"B","date":"2018-05-02T05:55:10.000Z","volume":12000,"label":" ","price":4.96},{"type":"B","date":"2018-05-02T05:56:04.000Z","volume":14000,"label":" ","price":4.95},{"type":"B","date":"2018-05-02T05:56:20.000Z","volume":16000,"label":" ","price":4.94},{"type":"B","date":"2018-05-02T05:56:20.000Z","volume":6000,"label":" ","price":4.94},{"type":"B","date":"2018-05-02T05:56:33.000Z","volume":100000,"label":" ","price":4.93},{"type":"B","date":"2018-05-02T05:56:33.000Z","volume":38000,"label":" ","price":4.93},{"type":"B","date":"2018-05-02T05:57:44.000Z","volume":150000,"label":" ","price":4.92},{"type":"B","date":"2018-05-02T05:57:44.000Z","volume":106000,"label":" ","price":4.92},{"type":"B","date":"2018-05-02T05:57:44.000Z","volume":50000,"label":" ","price":4.92},{"type":"A","date":"2018-05-02T05:57:47.000Z","volume":2000,"label":" ","price":4.93},{"type":"A","date":"2018-05-02T05:58:00.000Z","volume":24000,"label":" ","price":4.93},{"type":"B","date":"2018-05-02T05:58:12.000Z","volume":6000,"label":" ","price":4.93},{"type":"A","date":"2018-05-02T05:58:17.000Z","volume":2000,"label":" ","price":4.93},{"type":"A","date":"2018-05-02T05:58:42.000Z","volume":10000,"label":" ","price":4.93},{"type":"B","date":"2018-05-02T06:01:35.000Z","volume":12000,"label":" ","price":4.92},{"type":"A","date":"2018-05-02T06:01:44.000Z","volume":8000,"label":" ","price":4.92},{"type":"B","date":"2018-05-02T06:02:18.000Z","volume":6000,"label":" ","price":4.92},{"type":"B","date":"2018-05-02T06:02:26.000Z","volume":200000,"label":" ","price":4.91},{"type":"B","date":"2018-05-02T06:02:26.000Z","volume":20000,"label":" ","price":4.91},{"type":"B","date":"2018-05-02T06:02:26.000Z","volume":34000,"label":" ","price":4.91},{"type":"B","date":"2018-05-02T06:04:37.000Z","volume":6000,"label":" ","price":4.9},{"type":"B","date":"2018-05-02T06:06:09.000Z","volume":100000,"label":"Y","price":4.91},{"type":"B","date":"2018-05-02T06:06:09.000Z","volume":12000,"label":" ","price":4.91},{"type":"A","date":"2018-05-02T06:06:24.000Z","volume":14000,"label":"Y","price":4.92},{"type":"A","date":"2018-05-02T06:06:24.000Z","volume":2000,"label":" ","price":4.92},{"type":"A","date":"2018-05-02T06:06:24.000Z","volume":34000,"label":" ","price":4.92},{"type":"B","date":"2018-05-02T06:07:15.000Z","volume":14000,"label":" ","price":4.92},{"type":"U","date":"2018-05-02T06:07:29.000Z","volume":2000,"label":" ","price":4.91},{"type":"A","date":"2018-05-02T06:07:36.000Z","volume":10000,"label":" ","price":4.92},{"type":"B","date":"2018-05-02T06:07:36.000Z","volume":20000,"label":" ","price":4.92},{"type":"A","date":"2018-05-02T06:09:02.000Z","volume":2000,"label":" ","price":4.93},{"type":"A","date":"2018-05-02T06:10:36.000Z","volume":14000,"label":" ","price":4.93},{"type":"B","date":"2018-05-02T06:10:36.000Z","volume":26000,"label":" ","price":4.93},{"type":"A","date":"2018-05-02T06:11:02.000Z","volume":2000,"label":" ","price":4.94},{"type":"A","date":"2018-05-02T06:14:17.000Z","volume":2000,"label":" ","price":4.94},{"type":"B","date":"2018-05-02T06:15:07.000Z","volume":80000,"label":"Y","price":4.92},{"type":"B","date":"2018-05-02T06:15:07.000Z","volume":8000,"label":" ","price":4.92},{"type":"B","date":"2018-05-02T06:19:49.000Z","volume":2000,"label":" ","price":4.93},{"type":"A","date":"2018-05-02T06:22:02.000Z","volume":2000,"label":" ","price":4.94},{"type":"B","date":"2018-05-02T06:23:52.000Z","volume":2000,"label":" ","price":4.93},{"type":"A","date":"2018-05-02T06:25:32.000Z","volume":2000,"label":" ","price":4.94},{"type":"A","date":"2018-05-02T06:27:20.000Z","volume":24000,"label":" ","price":4.94},{"type":"B","date":"2018-05-02T06:27:28.000Z","volume":6000,"label":" ","price":4.94},{"type":"A","date":"2018-05-02T06:27:57.000Z","volume":60000,"label":"Y","price":4.94},{"type":"A","date":"2018-05-02T06:27:57.000Z","volume":4000,"label":" ","price":4.94},{"type":"B","date":"2018-05-02T06:28:10.000Z","volume":6000,"label":" ","price":4.94},{"type":"A","date":"2018-05-02T06:33:17.000Z","volume":2000,"label":" ","price":4.95},{"type":"B","date":"2018-05-02T06:36:10.000Z","volume":2000,"label":" ","price":4.93},{"type":"A","date":"2018-05-02T06:37:32.000Z","volume":2000,"label":" ","price":4.95},{"type":"B","date":"2018-05-02T06:40:13.000Z","volume":2000,"label":" ","price":4.94},{"type":"B","date":"2018-05-02T06:44:15.000Z","volume":2000,"label":" ","price":4.93},{"type":"A","date":"2018-05-02T06:45:32.000Z","volume":2000,"label":" ","price":4.95},{"type":"B","date":"2018-05-02T06:48:17.000Z","volume":2000,"label":" ","price":4.93},{"type":"A","date":"2018-05-02T06:50:02.000Z","volume":2000,"label":" ","price":4.95},{"type":"A","date":"2018-05-02T06:51:42.000Z","volume":30000,"label":" ","price":4.95},{"type":"B","date":"2018-05-02T06:52:21.000Z","volume":2000,"label":" ","price":4.93},{"type":"A","date":"2018-05-02T06:53:04.000Z","volume":40000,"label":" ","price":4.95},{"type":"A","date":"2018-05-02T06:53:24.000Z","volume":20000,"label":" ","price":4.95},{"type":"A","date":"2018-05-02T06:53:24.000Z","volume":6000,"label":" ","price":4.95},{"type":"A","date":"2018-05-02T06:53:47.000Z","volume":2000,"label":" ","price":4.96},{"type":"A","date":"2018-05-02T06:54:52.000Z","volume":36000,"label":"Y","price":4.96},{"type":"A","date":"2018-05-02T06:54:52.000Z","volume":4000,"label":" ","price":4.96},{"type":"A","date":"2018-05-02T06:54:52.000Z","volume":34000,"label":" ","price":4.96},{"type":"A","date":"2018-05-02T06:54:52.000Z","volume":42000,"label":" ","price":4.96},{"type":"A","date":"2018-05-02T06:59:02.000Z","volume":2000,"label":" ","price":4.97},{"type":"A","date":"2018-05-02T07:02:17.000Z","volume":2000,"label":" ","price":4.96},{"type":"B","date":"2018-05-02T07:04:08.000Z","volume":2000,"label":" ","price":4.95},{"type":"A","date":"2018-05-02T07:05:32.000Z","volume":2000,"label":" ","price":4.96},{"type":"A","date":"2018-05-02T07:07:20.000Z","volume":42000,"label":" ","price":4.96},{"type":"A","date":"2018-05-02T07:07:29.000Z","volume":4000,"label":" ","price":4.96},{"type":"B","date":"2018-05-02T07:08:02.000Z","volume":2000,"label":" ","price":4.95},{"type":"A","date":"2018-05-02T07:10:47.000Z","volume":2000,"label":" ","price":4.96},{"type":"A","date":"2018-05-02T07:11:20.000Z","volume":6000,"label":" ","price":4.96},{"type":"A","date":"2018-05-02T07:12:51.000Z","volume":54000,"label":" ","price":4.97},{"type":"A","date":"2018-05-02T07:14:27.000Z","volume":8000,"label":" ","price":4.97},{"type":"A","date":"2018-05-02T07:14:27.000Z","volume":32000,"label":" ","price":4.98},{"type":"A","date":"2018-05-02T07:17:02.000Z","volume":2000,"label":" ","price":4.98},{"type":"B","date":"2018-05-02T07:19:01.000Z","volume":2000,"label":" ","price":4.96},{"type":"A","date":"2018-05-02T07:20:47.000Z","volume":2000,"label":" ","price":4.97},{"type":"B","date":"2018-05-02T07:22:23.000Z","volume":2000,"label":" ","price":4.96},{"type":"B","date":"2018-05-02T07:23:44.000Z","volume":2000,"label":" ","price":4.96},{"type":"B","date":"2018-05-02T07:24:04.000Z","volume":2000,"label":" ","price":4.95},{"type":"B","date":"2018-05-02T07:24:14.000Z","volume":2000,"label":" ","price":4.95},{"type":"A","date":"2018-05-02T07:26:17.000Z","volume":2000,"label":" ","price":4.97},{"type":"A","date":"2018-05-02T07:27:32.000Z","volume":10000,"label":" ","price":4.97},{"type":"A","date":"2018-05-02T07:27:32.000Z","volume":90000,"label":" ","price":4.98},{"type":"A","date":"2018-05-02T07:28:27.000Z","volume":80000,"label":" ","price":4.98},{"type":"A","date":"2018-05-02T07:30:02.000Z","volume":2000,"label":" ","price":4.98},{"type":"B","date":"2018-05-02T07:30:46.000Z","volume":2000,"label":" ","price":4.96},{"type":"U","date":"2018-05-02T07:31:14.000Z","volume":10000,"label":" ","price":4.97},{"type":"A","date":"2018-05-02T07:31:55.000Z","volume":4000,"label":" ","price":4.98},{"type":"A","date":"2018-05-02T07:31:55.000Z","volume":8000,"label":" ","price":4.98},{"type":"A","date":"2018-05-02T07:35:26.000Z","volume":2000,"label":" ","price":4.98},{"type":"A","date":"2018-05-02T07:35:47.000Z","volume":2000,"label":" ","price":4.98},{"type":"A","date":"2018-05-02T07:35:50.000Z","volume":10000,"label":" ","price":4.98},{"type":"B","date":"2018-05-02T07:36:50.000Z","volume":2000,"label":" ","price":4.97},{"type":"A","date":"2018-05-02T07:37:48.000Z","volume":6000,"label":" ","price":4.98},{"type":"A","date":"2018-05-02T07:37:55.000Z","volume":6000,"label":" ","price":4.98},{"type":"A","date":"2018-05-02T07:39:44.000Z","volume":4000,"label":" ","price":4.98},{"type":"B","date":"2018-05-02T07:40:17.000Z","volume":2000,"label":" ","price":4.98},{"type":"B","date":"2018-05-02T07:42:35.000Z","volume":2000,"label":" ","price":4.96},{"type":"B","date":"2018-05-02T07:44:47.000Z","volume":2000,"label":" ","price":4.98},{"type":"B","date":"2018-05-02T07:45:06.000Z","volume":2000,"label":" ","price":4.96},{"type":"B","date":"2018-05-02T07:47:29.000Z","volume":2000,"label":" ","price":4.96},{"type":"A","date":"2018-05-02T07:49:47.000Z","volume":2000,"label":" ","price":4.99},{"type":"B","date":"2018-05-02T07:49:50.000Z","volume":2000,"label":" ","price":4.97},{"type":"B","date":"2018-05-02T07:51:53.000Z","volume":2000,"label":" ","price":4.97},{"type":"B","date":"2018-05-02T07:52:29.000Z","volume":8000,"label":" ","price":4.97},{"type":"A","date":"2018-05-02T07:52:29.000Z","volume":2000,"label":" ","price":4.97},{"type":"U","date":"2018-05-02T07:52:47.000Z","volume":2000,"label":" ","price":4.98},{"type":"B","date":"2018-05-02T07:53:44.000Z","volume":2000,"label":" ","price":4.96},{"type":"B","date":"2018-05-02T07:55:35.000Z","volume":2000,"label":" ","price":4.96},{"type":"A","date":"2018-05-02T07:55:35.000Z","volume":2000,"label":" ","price":4.99},{"type":"A","date":"2018-05-02T07:55:51.000Z","volume":4000,"label":" ","price":4.98},{"type":"A","date":"2018-05-02T07:55:52.000Z","volume":2000,"label":" ","price":4.99},{"type":"B","date":"2018-05-02T07:56:22.000Z","volume":2000,"label":" ","price":4.98},{"type":"A","date":"2018-05-02T07:56:55.000Z","volume":4000,"label":" ","price":4.98},{"type":"A","date":"2018-05-02T07:56:56.000Z","volume":2000,"label":" ","price":4.98},{"type":"B","date":"2018-05-02T07:57:16.000Z","volume":2000,"label":" ","price":4.96},{"type":"A","date":"2018-05-02T07:57:17.000Z","volume":2000,"label":" ","price":4.98},{"type":"A","date":"2018-05-02T07:57:17.000Z","volume":2000,"label":" ","price":4.98},{"type":"A","date":"2018-05-02T07:57:56.000Z","volume":4000,"label":" ","price":4.98},{"type":"A","date":"2018-05-02T07:57:57.000Z","volume":2000,"label":" ","price":4.99},{"type":"B","date":"2018-05-02T07:57:57.000Z","volume":10000,"label":" ","price":4.96},{"type":"A","date":"2018-05-02T07:57:58.000Z","volume":2000,"label":" ","price":4.99},{"type":"B","date":"2018-05-02T07:58:47.000Z","volume":2000,"label":" ","price":4.96},{"type":"A","date":"2018-05-02T07:58:48.000Z","volume":2000,"label":" ","price":4.99},{"type":"B","date":"2018-05-02T07:58:48.000Z","volume":2000,"label":" ","price":4.98},{"type":"A","date":"2018-05-02T07:59:00.000Z","volume":12000,"label":" ","price":4.98},{"type":"A","date":"2018-05-02T07:59:04.000Z","volume":2000,"label":" ","price":4.99},{"type":"A","date":"2018-05-02T07:59:40.000Z","volume":2000,"label":" ","price":4.99},{"type":"B","date":"2018-05-02T07:59:50.000Z","volume":2000,"label":" ","price":4.96},{"type":"U","date":"2018-05-02T08:09:02.000Z","volume":100000,"label":"U","price":5}]