[{"type":"B","date":"2018-04-13T01:48:09.000Z","volume":200000,"label":" ","price":0.46},{"type":"A","date":"2018-04-13T01:54:12.000Z","volume":72000,"label":" ","price":0.465},{"type":"A","date":"2018-04-13T01:55:29.000Z","volume":80000,"label":" ","price":0.47},{"type":"B","date":"2018-04-13T02:12:35.000Z","volume":4000,"label":" ","price":0.46},{"type":"B","date":"2018-04-13T02:27:30.000Z","volume":4000,"label":" ","price":0.46},{"type":"B","date":"2018-04-13T02:37:35.000Z","volume":4000,"label":" ","price":0.46},{"type":"A","date":"2018-04-13T02:42:03.000Z","volume":200000,"label":" ","price":0.47},{"type":"A","date":"2018-04-13T02:49:58.000Z","volume":4000,"label":" ","price":0.47},{"type":"B","date":"2018-04-13T03:02:29.000Z","volume":4000,"label":" ","price":0.46},{"type":"B","date":"2018-04-13T03:12:35.000Z","volume":4000,"label":" ","price":0.46},{"type":"A","date":"2018-04-13T03:16:01.000Z","volume":100000,"label":" ","price":0.47},{"type":"A","date":"2018-04-13T03:19:03.000Z","volume":200000,"label":" ","price":0.47},{"type":"B","date":"2018-04-13T03:22:34.000Z","volume":4000,"label":" ","price":0.46},{"type":"A","date":"2018-04-13T03:25:34.000Z","volume":40000,"label":" ","price":0.47},{"type":"B","date":"2018-04-13T03:27:31.000Z","volume":4000,"label":" ","price":0.46},{"type":"B","date":"2018-04-13T03:32:27.000Z","volume":4000,"label":" ","price":0.46},{"type":"B","date":"2018-04-13T03:37:33.000Z","volume":4000,"label":" ","price":0.46},{"type":"B","date":"2018-04-13T03:47:33.000Z","volume":8000,"label":" ","price":0.46},{"type":"B","date":"2018-04-13T03:57:28.000Z","volume":4000,"label":" ","price":0.46},{"type":"B","date":"2018-04-13T03:59:41.000Z","volume":4000,"label":" ","price":0.46},{"type":"B","date":"2018-04-13T05:01:14.000Z","volume":4000,"label":" ","price":0.46},{"type":"B","date":"2018-04-13T05:10:25.000Z","volume":4000,"label":" ","price":0.46},{"type":"B","date":"2018-04-13T05:30:22.000Z","volume":4000,"label":" ","price":0.46},{"type":"B","date":"2018-04-13T05:35:26.000Z","volume":4000,"label":" ","price":0.465},{"type":"B","date":"2018-04-13T05:55:26.000Z","volume":4000,"label":" ","price":0.465},{"type":"B","date":"2018-04-13T06:07:56.000Z","volume":20000,"label":" ","price":0.465},{"type":"B","date":"2018-04-13T06:10:22.000Z","volume":4000,"label":"Y","price":0.465},{"type":"B","date":"2018-04-13T06:15:25.000Z","volume":4000,"label":"Y","price":0.465},{"type":"B","date":"2018-04-13T06:20:18.000Z","volume":4000,"label":"Y","price":0.465},{"type":"B","date":"2018-04-13T06:25:20.000Z","volume":4000,"label":"Y","price":0.465},{"type":"B","date":"2018-04-13T06:53:36.000Z","volume":20000,"label":" ","price":0.465},{"type":"B","date":"2018-04-13T06:53:36.000Z","volume":180000,"label":" ","price":0.46},{"type":"B","date":"2018-04-13T06:55:17.000Z","volume":16000,"label":" ","price":0.46},{"type":"B","date":"2018-04-13T06:55:58.000Z","volume":4000,"label":" ","price":0.46},{"type":"A","date":"2018-04-13T06:56:31.000Z","volume":100000,"label":" ","price":0.47},{"type":"B","date":"2018-04-13T07:05:26.000Z","volume":4000,"label":" ","price":0.465},{"type":"B","date":"2018-04-13T07:10:06.000Z","volume":116000,"label":" ","price":0.465},{"type":"B","date":"2018-04-13T07:10:06.000Z","volume":396000,"label":" ","price":0.46},{"type":"B","date":"2018-04-13T07:10:26.000Z","volume":4000,"label":" ","price":0.455},{"type":"A","date":"2018-04-13T07:11:32.000Z","volume":120000,"label":" ","price":0.46},{"type":"B","date":"2018-04-13T07:11:32.000Z","volume":4000,"label":" ","price":0.455},{"type":"A","date":"2018-04-13T07:11:53.000Z","volume":24000,"label":" ","price":0.46},{"type":"B","date":"2018-04-13T07:20:25.000Z","volume":4000,"label":" ","price":0.46},{"type":"A","date":"2018-04-13T07:24:15.000Z","volume":120000,"label":" ","price":0.47},{"type":"B","date":"2018-04-13T07:30:23.000Z","volume":4000,"label":" ","price":0.465},{"type":"B","date":"2018-04-13T07:33:26.000Z","volume":4000,"label":" ","price":0.465},{"type":"B","date":"2018-04-13T07:33:26.000Z","volume":104000,"label":" ","price":0.465},{"type":"B","date":"2018-04-13T07:39:01.000Z","volume":4000,"label":" ","price":0.465},{"type":"B","date":"2018-04-13T07:45:20.000Z","volume":4000,"label":" ","price":0.465},{"type":"B","date":"2018-04-13T07:47:38.000Z","volume":4000,"label":" ","price":0.46},{"type":"U","date":"2018-04-13T07:52:57.000Z","volume":4000,"label":" ","price":0.465},{"type":"B","date":"2018-04-13T07:56:59.000Z","volume":4000,"label":" ","price":0.465},{"type":"A","date":"2018-04-13T07:57:48.000Z","volume":16000,"label":" ","price":0.47},{"type":"B","date":"2018-04-13T07:59:19.000Z","volume":4000,"label":" ","price":0.46}]