[{"type":"U","date":"2018-04-03T01:05:02.000Z","volume":340,"label":"P","price":2.2},{"type":"U","date":"2018-04-03T01:20:00.000Z","volume":3000,"label":"U","price":2.27},{"type":"B","date":"2018-04-03T01:30:09.000Z","volume":1000,"label":" ","price":2.25},{"type":"B","date":"2018-04-03T01:30:10.000Z","volume":15000,"label":" ","price":2.25},{"type":"U","date":"2018-04-03T01:31:23.000Z","volume":1000,"label":"X","price":2.25},{"type":"B","date":"2018-04-03T01:31:23.000Z","volume":2000,"label":" ","price":2.25},{"type":"B","date":"2018-04-03T01:31:51.000Z","volume":100000,"label":" ","price":2.25},{"type":"B","date":"2018-04-03T01:31:51.000Z","volume":21000,"label":" ","price":2.25},{"type":"A","date":"2018-04-03T01:31:51.000Z","volume":5000,"label":"Y","price":2.26},{"type":"A","date":"2018-04-03T01:31:51.000Z","volume":10000,"label":" ","price":2.26},{"type":"B","date":"2018-04-03T01:31:53.000Z","volume":2000,"label":" ","price":2.25},{"type":"A","date":"2018-04-03T01:31:53.000Z","volume":1000,"label":"Y","price":2.26},{"type":"A","date":"2018-04-03T01:31:53.000Z","volume":1000,"label":" ","price":2.26},{"type":"B","date":"2018-04-03T01:32:23.000Z","volume":2000,"label":" ","price":2.25},{"type":"B","date":"2018-04-03T01:32:53.000Z","volume":2000,"label":" ","price":2.25},{"type":"B","date":"2018-04-03T01:33:07.000Z","volume":60000,"label":" ","price":2.25},{"type":"B","date":"2018-04-03T01:33:07.000Z","volume":92000,"label":" ","price":2.25},{"type":"B","date":"2018-04-03T01:33:07.000Z","volume":8000,"label":" ","price":2.25},{"type":"B","date":"2018-04-03T01:33:07.000Z","volume":8000,"label":" ","price":2.25},{"type":"B","date":"2018-04-03T01:33:08.000Z","volume":2000,"label":"Y","price":2.25},{"type":"A","date":"2018-04-03T01:33:10.000Z","volume":1000,"label":" ","price":2.25},{"type":"A","date":"2018-04-03T01:33:13.000Z","volume":6000,"label":" ","price":2.25},{"type":"U","date":"2018-04-03T01:33:21.000Z","volume":1000,"label":"X","price":2.24},{"type":"B","date":"2018-04-03T01:33:51.000Z","volume":2000,"label":" ","price":2.24},{"type":"B","date":"2018-04-03T01:34:21.000Z","volume":1000,"label":" ","price":2.24},{"type":"A","date":"2018-04-03T01:34:37.000Z","volume":8000,"label":" ","price":2.25},{"type":"B","date":"2018-04-03T01:34:51.000Z","volume":1000,"label":" ","price":2.24},{"type":"B","date":"2018-04-03T01:35:21.000Z","volume":1000,"label":" ","price":2.24},{"type":"B","date":"2018-04-03T01:35:51.000Z","volume":1000,"label":" ","price":2.24},{"type":"B","date":"2018-04-03T01:36:07.000Z","volume":1000,"label":" ","price":2.24},{"type":"A","date":"2018-04-03T01:36:33.000Z","volume":3000,"label":" ","price":2.25},{"type":"A","date":"2018-04-03T01:36:52.000Z","volume":4000,"label":" ","price":2.25},{"type":"B","date":"2018-04-03T01:37:00.000Z","volume":10000,"label":" ","price":2.24},{"type":"B","date":"2018-04-03T01:38:22.000Z","volume":2000,"label":"Y","price":2.24},{"type":"A","date":"2018-04-03T01:39:52.000Z","volume":10000,"label":" ","price":2.25},{"type":"A","date":"2018-04-03T01:39:52.000Z","volume":3000,"label":" ","price":2.25},{"type":"A","date":"2018-04-03T01:41:19.000Z","volume":1000,"label":" ","price":2.25},{"type":"A","date":"2018-04-03T01:42:16.000Z","volume":4000,"label":" ","price":2.25},{"type":"A","date":"2018-04-03T01:42:58.000Z","volume":37000,"label":" ","price":2.25},{"type":"A","date":"2018-04-03T01:43:04.000Z","volume":2000,"label":" ","price":2.26},{"type":"A","date":"2018-04-03T01:44:34.000Z","volume":109000,"label":" ","price":2.26},{"type":"A","date":"2018-04-03T01:44:34.000Z","volume":5000,"label":" ","price":2.27},{"type":"A","date":"2018-04-03T01:44:34.000Z","volume":5000,"label":" ","price":2.27},{"type":"A","date":"2018-04-03T01:44:35.000Z","volume":5000,"label":" ","price":2.27},{"type":"A","date":"2018-04-03T01:45:04.000Z","volume":1000,"label":" ","price":2.27},{"type":"A","date":"2018-04-03T01:45:45.000Z","volume":1000,"label":" ","price":2.27},{"type":"A","date":"2018-04-03T01:46:08.000Z","volume":3000,"label":" ","price":2.27},{"type":"A","date":"2018-04-03T01:46:48.000Z","volume":3000,"label":" ","price":2.27},{"type":"A","date":"2018-04-03T01:47:22.000Z","volume":3000,"label":" ","price":2.27},{"type":"A","date":"2018-04-03T01:47:22.000Z","volume":1000,"label":" ","price":2.27},{"type":"B","date":"2018-04-03T01:47:59.000Z","volume":40000,"label":" ","price":2.26},{"type":"A","date":"2018-04-03T01:48:03.000Z","volume":5000,"label":" ","price":2.27},{"type":"A","date":"2018-04-03T01:48:03.000Z","volume":4000,"label":" ","price":2.27},{"type":"U","date":"2018-04-03T01:48:17.000Z","volume":7000,"label":"X","price":2.265},{"type":"B","date":"2018-04-03T01:48:23.000Z","volume":10000,"label":"Y","price":2.26},{"type":"A","date":"2018-04-03T01:48:45.000Z","volume":1000,"label":" ","price":2.27},{"type":"A","date":"2018-04-03T01:48:47.000Z","volume":3000,"label":" ","price":2.27},{"type":"A","date":"2018-04-03T01:48:47.000Z","volume":1000,"label":" ","price":2.27},{"type":"B","date":"2018-04-03T01:49:07.000Z","volume":30000,"label":" ","price":2.26},{"type":"A","date":"2018-04-03T01:49:17.000Z","volume":13000,"label":" ","price":2.27},{"type":"A","date":"2018-04-03T01:49:17.000Z","volume":4000,"label":" ","price":2.27},{"type":"B","date":"2018-04-03T01:49:25.000Z","volume":2000,"label":" ","price":2.26},{"type":"A","date":"2018-04-03T01:49:30.000Z","volume":3000,"label":" ","price":2.27},{"type":"A","date":"2018-04-03T01:50:14.000Z","volume":3000,"label":" ","price":2.27},{"type":"B","date":"2018-04-03T01:50:17.000Z","volume":50000,"label":" ","price":2.26},{"type":"A","date":"2018-04-03T01:50:43.000Z","volume":1000,"label":" ","price":2.27},{"type":"A","date":"2018-04-03T01:51:01.000Z","volume":4000,"label":" ","price":2.27},{"type":"B","date":"2018-04-03T01:51:09.000Z","volume":100000,"label":" ","price":2.26},{"type":"B","date":"2018-04-03T01:51:22.000Z","volume":25000,"label":"Y","price":2.26},{"type":"B","date":"2018-04-03T01:51:22.000Z","volume":90000,"label":" ","price":2.26},{"type":"B","date":"2018-04-03T01:51:22.000Z","volume":2000,"label":" ","price":2.26},{"type":"B","date":"2018-04-03T01:51:22.000Z","volume":8000,"label":" ","price":2.26},{"type":"B","date":"2018-04-03T01:51:22.000Z","volume":1000,"label":" ","price":2.26},{"type":"B","date":"2018-04-03T01:51:47.000Z","volume":5000,"label":" ","price":2.25},{"type":"B","date":"2018-04-03T01:51:47.000Z","volume":1000,"label":" ","price":2.25},{"type":"B","date":"2018-04-03T01:51:47.000Z","volume":2000,"label":" ","price":2.25},{"type":"B","date":"2018-04-03T01:51:47.000Z","volume":3000,"label":" ","price":2.25},{"type":"B","date":"2018-04-03T01:51:47.000Z","volume":9000,"label":" ","price":2.25},{"type":"B","date":"2018-04-03T01:51:47.000Z","volume":5000,"label":" ","price":2.25},{"type":"A","date":"2018-04-03T01:51:51.000Z","volume":1000,"label":" ","price":2.26},{"type":"B","date":"2018-04-03T01:52:02.000Z","volume":1000,"label":"Y","price":2.25},{"type":"B","date":"2018-04-03T01:52:02.000Z","volume":9000,"label":" ","price":2.25},{"type":"B","date":"2018-04-03T01:53:12.000Z","volume":2000,"label":" ","price":2.25},{"type":"A","date":"2018-04-03T01:53:18.000Z","volume":1000,"label":" ","price":2.26},{"type":"U","date":"2018-04-03T01:53:57.000Z","volume":4000,"label":"X","price":2.25},{"type":"B","date":"2018-04-03T01:55:16.000Z","volume":4000,"label":" ","price":2.25},{"type":"A","date":"2018-04-03T01:55:17.000Z","volume":12000,"label":" ","price":2.25},{"type":"A","date":"2018-04-03T01:55:17.000Z","volume":4000,"label":" ","price":2.25},{"type":"A","date":"2018-04-03T01:55:17.000Z","volume":8000,"label":" ","price":2.25},{"type":"A","date":"2018-04-03T01:55:17.000Z","volume":2000,"label":" ","price":2.26},{"type":"A","date":"2018-04-03T01:55:17.000Z","volume":1000,"label":" ","price":2.26},{"type":"A","date":"2018-04-03T01:55:17.000Z","volume":2000,"label":"Y","price":2.25},{"type":"U","date":"2018-04-03T01:55:27.000Z","volume":1000,"label":"X","price":2.255},{"type":"A","date":"2018-04-03T01:56:32.000Z","volume":1000,"label":" ","price":2.25},{"type":"B","date":"2018-04-03T01:57:18.000Z","volume":8000,"label":" ","price":2.25},{"type":"A","date":"2018-04-03T01:57:18.000Z","volume":1000,"label":" ","price":2.26},{"type":"B","date":"2018-04-03T01:58:02.000Z","volume":2000,"label":" ","price":2.25},{"type":"A","date":"2018-04-03T01:58:17.000Z","volume":3000,"label":" ","price":2.25},{"type":"A","date":"2018-04-03T01:58:17.000Z","volume":7000,"label":" ","price":2.25},{"type":"B","date":"2018-04-03T01:58:32.000Z","volume":1000,"label":" ","price":2.25},{"type":"B","date":"2018-04-03T01:59:25.000Z","volume":1000,"label":" ","price":2.25},{"type":"B","date":"2018-04-03T02:00:06.000Z","volume":1000,"label":" ","price":2.25},{"type":"B","date":"2018-04-03T02:00:26.000Z","volume":1000,"label":" ","price":2.24},{"type":"A","date":"2018-04-03T02:00:32.000Z","volume":1000,"label":"Y","price":2.25},{"type":"A","date":"2018-04-03T02:00:32.000Z","volume":3000,"label":" ","price":2.25},{"type":"B","date":"2018-04-03T02:02:12.000Z","volume":1000,"label":" ","price":2.25},{"type":"A","date":"2018-04-03T02:03:05.000Z","volume":1000,"label":" ","price":2.26},{"type":"B","date":"2018-04-03T02:03:06.000Z","volume":39000,"label":" ","price":2.25},{"type":"B","date":"2018-04-03T02:03:06.000Z","volume":11000,"label":" ","price":2.24},{"type":"B","date":"2018-04-03T02:03:17.000Z","volume":3000,"label":" ","price":2.25},{"type":"B","date":"2018-04-03T02:03:54.000Z","volume":2000,"label":" ","price":2.25},{"type":"B","date":"2018-04-03T02:04:45.000Z","volume":1000,"label":" ","price":2.25},{"type":"B","date":"2018-04-03T02:06:47.000Z","volume":20000,"label":" ","price":2.25},{"type":"B","date":"2018-04-03T02:06:47.000Z","volume":1000,"label":" ","price":2.25},{"type":"B","date":"2018-04-03T02:06:56.000Z","volume":4000,"label":" ","price":2.25},{"type":"U","date":"2018-04-03T02:07:17.000Z","volume":2000,"label":"X","price":2.25},{"type":"B","date":"2018-04-03T02:07:18.000Z","volume":30000,"label":" ","price":2.25},{"type":"B","date":"2018-04-03T02:07:18.000Z","volume":1000,"label":" ","price":2.24},{"type":"B","date":"2018-04-03T02:07:18.000Z","volume":1000,"label":" ","price":2.25},{"type":"B","date":"2018-04-03T02:07:18.000Z","volume":1000,"label":" ","price":2.25},{"type":"B","date":"2018-04-03T02:07:18.000Z","volume":1000,"label":" ","price":2.25},{"type":"A","date":"2018-04-03T02:07:18.000Z","volume":4000,"label":" ","price":2.25},{"type":"B","date":"2018-04-03T02:07:19.000Z","volume":1000,"label":" ","price":2.24},{"type":"A","date":"2018-04-03T02:07:20.000Z","volume":6000,"label":" ","price":2.25},{"type":"B","date":"2018-04-03T02:07:32.000Z","volume":4000,"label":"Y","price":2.24},{"type":"A","date":"2018-04-03T02:07:33.000Z","volume":1000,"label":" ","price":2.25},{"type":"A","date":"2018-04-03T02:07:33.000Z","volume":1000,"label":" ","price":2.25},{"type":"B","date":"2018-04-03T02:07:51.000Z","volume":1000,"label":"Y","price":2.24},{"type":"B","date":"2018-04-03T02:07:51.000Z","volume":49000,"label":" ","price":2.24},{"type":"A","date":"2018-04-03T02:07:51.000Z","volume":3000,"label":" ","price":2.25},{"type":"B","date":"2018-04-03T02:07:52.000Z","volume":11000,"label":"Y","price":2.24},{"type":"B","date":"2018-04-03T02:07:52.000Z","volume":14000,"label":" ","price":2.24},{"type":"B","date":"2018-04-03T02:07:52.000Z","volume":3000,"label":" ","price":2.24},{"type":"B","date":"2018-04-03T02:08:01.000Z","volume":1000,"label":"Y","price":2.23},{"type":"A","date":"2018-04-03T02:08:01.000Z","volume":1000,"label":" ","price":2.25},{"type":"B","date":"2018-04-03T02:08:01.000Z","volume":1000,"label":" ","price":2.24},{"type":"B","date":"2018-04-03T02:08:10.000Z","volume":1000,"label":" ","price":2.24},{"type":"U","date":"2018-04-03T02:08:50.000Z","volume":1000,"label":" ","price":2.24},{"type":"A","date":"2018-04-03T02:08:51.000Z","volume":12000,"label":" ","price":2.24},{"type":"A","date":"2018-04-03T02:08:52.000Z","volume":2000,"label":" ","price":2.24},{"type":"A","date":"2018-04-03T02:12:38.000Z","volume":12000,"label":" ","price":2.24},{"type":"A","date":"2018-04-03T02:12:38.000Z","volume":1000,"label":" ","price":2.24},{"type":"A","date":"2018-04-03T02:12:41.000Z","volume":1000,"label":" ","price":2.24},{"type":"A","date":"2018-04-03T02:13:04.000Z","volume":1000,"label":" ","price":2.24},{"type":"A","date":"2018-04-03T02:13:41.000Z","volume":5000,"label":"Y","price":2.24},{"type":"A","date":"2018-04-03T02:13:41.000Z","volume":61000,"label":" ","price":2.24},{"type":"A","date":"2018-04-03T02:13:41.000Z","volume":6000,"label":" ","price":2.24},{"type":"A","date":"2018-04-03T02:13:41.000Z","volume":1000,"label":" ","price":2.24},{"type":"A","date":"2018-04-03T02:13:41.000Z","volume":4000,"label":" ","price":2.25},{"type":"A","date":"2018-04-03T02:13:41.000Z","volume":2000,"label":" ","price":2.25},{"type":"U","date":"2018-04-03T02:13:41.000Z","volume":1000,"label":" ","price":2.24},{"type":"A","date":"2018-04-03T02:13:41.000Z","volume":1000,"label":" ","price":2.25},{"type":"U","date":"2018-04-03T02:13:41.000Z","volume":3000,"label":" ","price":2.24},{"type":"A","date":"2018-04-03T02:13:43.000Z","volume":5000,"label":" ","price":2.25},{"type":"B","date":"2018-04-03T02:13:47.000Z","volume":2000,"label":" ","price":2.24},{"type":"A","date":"2018-04-03T02:13:47.000Z","volume":2000,"label":" ","price":2.25},{"type":"A","date":"2018-04-03T02:13:47.000Z","volume":1000,"label":" ","price":2.25},{"type":"A","date":"2018-04-03T02:13:48.000Z","volume":2000,"label":" ","price":2.25},{"type":"B","date":"2018-04-03T02:13:48.000Z","volume":3000,"label":" ","price":2.24},{"type":"A","date":"2018-04-03T02:13:50.000Z","volume":4000,"label":" ","price":2.25},{"type":"A","date":"2018-04-03T02:13:54.000Z","volume":1000,"label":" ","price":2.25},{"type":"B","date":"2018-04-03T02:13:54.000Z","volume":1000,"label":" ","price":2.24},{"type":"A","date":"2018-04-03T02:13:56.000Z","volume":1000,"label":" ","price":2.25},{"type":"A","date":"2018-04-03T02:14:15.000Z","volume":1000,"label":" ","price":2.25},{"type":"B","date":"2018-04-03T02:16:10.000Z","volume":1000,"label":" ","price":2.24},{"type":"A","date":"2018-04-03T02:16:46.000Z","volume":1000,"label":" ","price":2.25},{"type":"B","date":"2018-04-03T02:17:04.000Z","volume":10000,"label":" ","price":2.24},{"type":"A","date":"2018-04-03T02:17:06.000Z","volume":1000,"label":" ","price":2.25},{"type":"B","date":"2018-04-03T02:17:48.000Z","volume":15000,"label":" ","price":2.24},{"type":"A","date":"2018-04-03T02:17:50.000Z","volume":2000,"label":" ","price":2.25},{"type":"A","date":"2018-04-03T02:17:50.000Z","volume":1000,"label":" ","price":2.25},{"type":"B","date":"2018-04-03T02:18:27.000Z","volume":10000,"label":" ","price":2.24},{"type":"A","date":"2018-04-03T02:18:29.000Z","volume":1000,"label":" ","price":2.25},{"type":"A","date":"2018-04-03T02:18:29.000Z","volume":1000,"label":" ","price":2.25},{"type":"B","date":"2018-04-03T02:18:38.000Z","volume":10000,"label":" ","price":2.24},{"type":"A","date":"2018-04-03T02:18:41.000Z","volume":1000,"label":" ","price":2.25},{"type":"A","date":"2018-04-03T02:18:41.000Z","volume":1000,"label":" ","price":2.25},{"type":"B","date":"2018-04-03T02:18:45.000Z","volume":3000,"label":" ","price":2.24},{"type":"A","date":"2018-04-03T02:18:45.000Z","volume":2000,"label":" ","price":2.25},{"type":"A","date":"2018-04-03T02:18:45.000Z","volume":1000,"label":" ","price":2.25},{"type":"A","date":"2018-04-03T02:18:45.000Z","volume":1000,"label":" ","price":2.25},{"type":"A","date":"2018-04-03T02:20:53.000Z","volume":1000,"label":" ","price":2.25},{"type":"A","date":"2018-04-03T02:21:27.000Z","volume":30000,"label":" ","price":2.25},{"type":"A","date":"2018-04-03T02:21:27.000Z","volume":2000,"label":" ","price":2.25},{"type":"A","date":"2018-04-03T02:21:27.000Z","volume":4000,"label":" ","price":2.25},{"type":"A","date":"2018-04-03T02:21:27.000Z","volume":1000,"label":" ","price":2.25},{"type":"A","date":"2018-04-03T02:21:28.000Z","volume":4000,"label":" ","price":2.25},{"type":"A","date":"2018-04-03T02:21:42.000Z","volume":1000,"label":" ","price":2.25},{"type":"A","date":"2018-04-03T02:21:43.000Z","volume":1000,"label":" ","price":2.25},{"type":"B","date":"2018-04-03T02:22:08.000Z","volume":10000,"label":" ","price":2.24},{"type":"A","date":"2018-04-03T02:22:08.000Z","volume":2000,"label":" ","price":2.25},{"type":"A","date":"2018-04-03T02:22:11.000Z","volume":1000,"label":" ","price":2.25},{"type":"A","date":"2018-04-03T02:23:54.000Z","volume":1000,"label":" ","price":2.25},{"type":"A","date":"2018-04-03T02:24:19.000Z","volume":1000,"label":" ","price":2.25},{"type":"B","date":"2018-04-03T02:24:31.000Z","volume":1000,"label":" ","price":2.24},{"type":"B","date":"2018-04-03T02:26:22.000Z","volume":50000,"label":" ","price":2.24},{"type":"B","date":"2018-04-03T02:26:22.000Z","volume":13000,"label":"Y","price":2.24},{"type":"B","date":"2018-04-03T02:26:22.000Z","volume":30000,"label":" ","price":2.24},{"type":"B","date":"2018-04-03T02:26:22.000Z","volume":4000,"label":"Y","price":2.24},{"type":"B","date":"2018-04-03T02:26:22.000Z","volume":48000,"label":" ","price":2.24},{"type":"U","date":"2018-04-03T02:26:22.000Z","volume":10000,"label":" ","price":2.24},{"type":"A","date":"2018-04-03T02:26:22.000Z","volume":5000,"label":" ","price":2.25},{"type":"A","date":"2018-04-03T02:26:29.000Z","volume":1000,"label":" ","price":2.25},{"type":"B","date":"2018-04-03T02:26:29.000Z","volume":17000,"label":" ","price":2.24},{"type":"A","date":"2018-04-03T02:26:29.000Z","volume":2000,"label":" ","price":2.25},{"type":"B","date":"2018-04-03T02:26:32.000Z","volume":8000,"label":" ","price":2.24},{"type":"B","date":"2018-04-03T02:26:32.000Z","volume":6000,"label":" ","price":2.24},{"type":"A","date":"2018-04-03T02:26:32.000Z","volume":2000,"label":" ","price":2.24},{"type":"A","date":"2018-04-03T02:26:34.000Z","volume":2000,"label":" ","price":2.24},{"type":"A","date":"2018-04-03T02:28:43.000Z","volume":4000,"label":" ","price":2.24},{"type":"A","date":"2018-04-03T02:30:56.000Z","volume":1000,"label":" ","price":2.24},{"type":"A","date":"2018-04-03T02:30:57.000Z","volume":1000,"label":" ","price":2.24},{"type":"A","date":"2018-04-03T02:33:19.000Z","volume":1000,"label":" ","price":2.24},{"type":"U","date":"2018-04-03T02:34:00.000Z","volume":2000,"label":"X","price":2.24},{"type":"B","date":"2018-04-03T02:34:28.000Z","volume":8000,"label":" ","price":2.23},{"type":"A","date":"2018-04-03T02:34:28.000Z","volume":2000,"label":"Y","price":2.24},{"type":"A","date":"2018-04-03T02:34:28.000Z","volume":1000,"label":" ","price":2.24},{"type":"A","date":"2018-04-03T02:34:30.000Z","volume":1000,"label":" ","price":2.24},{"type":"A","date":"2018-04-03T02:35:23.000Z","volume":1000,"label":" ","price":2.24},{"type":"A","date":"2018-04-03T02:36:00.000Z","volume":1000,"label":" ","price":2.24},{"type":"A","date":"2018-04-03T02:38:02.000Z","volume":1000,"label":" ","price":2.24},{"type":"B","date":"2018-04-03T02:39:02.000Z","volume":2000,"label":"Y","price":2.23},{"type":"A","date":"2018-04-03T02:39:02.000Z","volume":2000,"label":"Y","price":2.24},{"type":"A","date":"2018-04-03T02:39:02.000Z","volume":1000,"label":" ","price":2.24},{"type":"A","date":"2018-04-03T02:40:24.000Z","volume":1000,"label":" ","price":2.24},{"type":"A","date":"2018-04-03T02:40:24.000Z","volume":1000,"label":" ","price":2.24},{"type":"B","date":"2018-04-03T02:40:49.000Z","volume":1000,"label":"Y","price":2.23},{"type":"B","date":"2018-04-03T02:40:49.000Z","volume":3000,"label":" ","price":2.23},{"type":"A","date":"2018-04-03T02:41:02.000Z","volume":12000,"label":" ","price":2.24},{"type":"A","date":"2018-04-03T02:41:02.000Z","volume":12000,"label":" ","price":2.24},{"type":"A","date":"2018-04-03T02:41:02.000Z","volume":1000,"label":" ","price":2.24},{"type":"A","date":"2018-04-03T02:41:02.000Z","volume":1000,"label":" ","price":2.24},{"type":"A","date":"2018-04-03T02:41:02.000Z","volume":5000,"label":" ","price":2.24},{"type":"B","date":"2018-04-03T02:41:02.000Z","volume":1000,"label":" ","price":2.23},{"type":"A","date":"2018-04-03T02:41:02.000Z","volume":1000,"label":" ","price":2.24},{"type":"A","date":"2018-04-03T02:41:04.000Z","volume":4000,"label":" ","price":2.24},{"type":"A","date":"2018-04-03T02:41:04.000Z","volume":2000,"label":" ","price":2.24},{"type":"A","date":"2018-04-03T02:41:21.000Z","volume":4000,"label":" ","price":2.24},{"type":"A","date":"2018-04-03T02:41:23.000Z","volume":1000,"label":" ","price":2.24},{"type":"A","date":"2018-04-03T02:41:25.000Z","volume":3000,"label":" ","price":2.24},{"type":"A","date":"2018-04-03T02:41:28.000Z","volume":1000,"label":" ","price":2.24},{"type":"A","date":"2018-04-03T02:41:32.000Z","volume":5000,"label":" ","price":2.24},{"type":"A","date":"2018-04-03T02:41:32.000Z","volume":1000,"label":"Y","price":2.24},{"type":"A","date":"2018-04-03T02:41:32.000Z","volume":58000,"label":" ","price":2.24},{"type":"A","date":"2018-04-03T02:41:32.000Z","volume":2000,"label":"Y","price":2.24},{"type":"A","date":"2018-04-03T02:41:32.000Z","volume":7000,"label":" ","price":2.24},{"type":"A","date":"2018-04-03T02:41:32.000Z","volume":5000,"label":" ","price":2.24},{"type":"A","date":"2018-04-03T02:41:32.000Z","volume":7000,"label":" ","price":2.24},{"type":"A","date":"2018-04-03T02:41:32.000Z","volume":1000,"label":" ","price":2.24},{"type":"A","date":"2018-04-03T02:41:32.000Z","volume":1000,"label":" ","price":2.24},{"type":"A","date":"2018-04-03T02:41:32.000Z","volume":6000,"label":" ","price":2.24},{"type":"A","date":"2018-04-03T02:41:32.000Z","volume":1000,"label":" ","price":2.24},{"type":"A","date":"2018-04-03T02:41:33.000Z","volume":11000,"label":" ","price":2.25},{"type":"A","date":"2018-04-03T02:41:33.000Z","volume":1000,"label":" ","price":2.25},{"type":"B","date":"2018-04-03T02:41:33.000Z","volume":1000,"label":" ","price":2.24},{"type":"B","date":"2018-04-03T02:41:33.000Z","volume":1000,"label":" ","price":2.24},{"type":"B","date":"2018-04-03T02:43:02.000Z","volume":1000,"label":" ","price":2.24},{"type":"A","date":"2018-04-03T02:43:03.000Z","volume":1000,"label":" ","price":2.25},{"type":"B","date":"2018-04-03T02:43:03.000Z","volume":1000,"label":" ","price":2.24},{"type":"B","date":"2018-04-03T02:43:17.000Z","volume":1000,"label":" ","price":2.24},{"type":"B","date":"2018-04-03T02:43:31.000Z","volume":5000,"label":" ","price":2.24},{"type":"B","date":"2018-04-03T02:43:31.000Z","volume":1000,"label":"Y","price":2.24},{"type":"B","date":"2018-04-03T02:43:34.000Z","volume":30000,"label":" ","price":2.24},{"type":"A","date":"2018-04-03T02:43:34.000Z","volume":1000,"label":" ","price":2.25},{"type":"A","date":"2018-04-03T02:43:34.000Z","volume":4000,"label":" ","price":2.25},{"type":"B","date":"2018-04-03T02:43:41.000Z","volume":7000,"label":"Y","price":2.24},{"type":"B","date":"2018-04-03T02:43:41.000Z","volume":2000,"label":" ","price":2.24},{"type":"A","date":"2018-04-03T02:43:42.000Z","volume":1000,"label":" ","price":2.25},{"type":"A","date":"2018-04-03T02:43:42.000Z","volume":1000,"label":" ","price":2.25},{"type":"A","date":"2018-04-03T02:43:45.000Z","volume":1000,"label":" ","price":2.25},{"type":"B","date":"2018-04-03T02:43:47.000Z","volume":1000,"label":"Y","price":2.24},{"type":"B","date":"2018-04-03T02:43:47.000Z","volume":1000,"label":"Y","price":2.24},{"type":"B","date":"2018-04-03T02:43:51.000Z","volume":1000,"label":"Y","price":2.24},{"type":"U","date":"2018-04-03T02:45:28.000Z","volume":2000,"label":"X","price":2.241},{"type":"B","date":"2018-04-03T02:46:33.000Z","volume":178000,"label":" ","price":2.24},{"type":"B","date":"2018-04-03T02:46:33.000Z","volume":24000,"label":" ","price":2.24},{"type":"B","date":"2018-04-03T02:46:33.000Z","volume":5000,"label":" ","price":2.24},{"type":"A","date":"2018-04-03T02:46:34.000Z","volume":8000,"label":" ","price":2.24},{"type":"A","date":"2018-04-03T02:46:36.000Z","volume":2000,"label":"Y","price":2.24},{"type":"A","date":"2018-04-03T02:46:36.000Z","volume":1000,"label":" ","price":2.24},{"type":"B","date":"2018-04-03T02:46:41.000Z","volume":38000,"label":" ","price":2.23},{"type":"B","date":"2018-04-03T02:46:47.000Z","volume":2000,"label":" ","price":2.23},{"type":"B","date":"2018-04-03T02:46:47.000Z","volume":8000,"label":" ","price":2.23},{"type":"B","date":"2018-04-03T02:46:51.000Z","volume":3000,"label":" ","price":2.23},{"type":"A","date":"2018-04-03T02:48:11.000Z","volume":1000,"label":" ","price":2.24},{"type":"A","date":"2018-04-03T02:48:21.000Z","volume":37000,"label":" ","price":2.24},{"type":"A","date":"2018-04-03T02:48:21.000Z","volume":4000,"label":" ","price":2.24},{"type":"A","date":"2018-04-03T02:52:33.000Z","volume":1000,"label":" ","price":2.25},{"type":"A","date":"2018-04-03T02:53:15.000Z","volume":1000,"label":" ","price":2.25},{"type":"B","date":"2018-04-03T02:53:31.000Z","volume":4000,"label":" ","price":2.24},{"type":"B","date":"2018-04-03T02:53:31.000Z","volume":1000,"label":" ","price":2.24},{"type":"A","date":"2018-04-03T02:55:26.000Z","volume":1000,"label":" ","price":2.25},{"type":"U","date":"2018-04-03T02:55:28.000Z","volume":1000,"label":"X","price":2.238},{"type":"A","date":"2018-04-03T02:55:40.000Z","volume":1000,"label":" ","price":2.25},{"type":"A","date":"2018-04-03T02:56:23.000Z","volume":20000,"label":" ","price":2.25},{"type":"A","date":"2018-04-03T02:56:23.000Z","volume":2000,"label":" ","price":2.25},{"type":"A","date":"2018-04-03T02:56:25.000Z","volume":3000,"label":" ","price":2.25},{"type":"A","date":"2018-04-03T02:58:00.000Z","volume":1000,"label":" ","price":2.25},{"type":"A","date":"2018-04-03T03:00:24.000Z","volume":1000,"label":" ","price":2.25},{"type":"A","date":"2018-04-03T03:00:44.000Z","volume":200000,"label":" ","price":2.25},{"type":"A","date":"2018-04-03T03:00:44.000Z","volume":114000,"label":" ","price":2.25},{"type":"A","date":"2018-04-03T03:00:44.000Z","volume":6000,"label":" ","price":2.25},{"type":"A","date":"2018-04-03T03:00:44.000Z","volume":9000,"label":" ","price":2.26},{"type":"B","date":"2018-04-03T03:00:44.000Z","volume":5000,"label":" ","price":2.25},{"type":"B","date":"2018-04-03T03:00:45.000Z","volume":5000,"label":" ","price":2.25},{"type":"A","date":"2018-04-03T03:00:45.000Z","volume":27000,"label":" ","price":2.26},{"type":"B","date":"2018-04-03T03:00:47.000Z","volume":1000,"label":" ","price":2.25},{"type":"B","date":"2018-04-03T03:00:51.000Z","volume":9000,"label":" ","price":2.25},{"type":"B","date":"2018-04-03T03:00:52.000Z","volume":2000,"label":" ","price":2.25},{"type":"B","date":"2018-04-03T03:00:56.000Z","volume":30000,"label":" ","price":2.25},{"type":"A","date":"2018-04-03T03:00:56.000Z","volume":2000,"label":" ","price":2.26},{"type":"A","date":"2018-04-03T03:04:34.000Z","volume":1000,"label":" ","price":2.26},{"type":"A","date":"2018-04-03T03:05:09.000Z","volume":1000,"label":" ","price":2.26},{"type":"U","date":"2018-04-03T03:05:28.000Z","volume":1000,"label":"X","price":2.251},{"type":"A","date":"2018-04-03T03:07:15.000Z","volume":1000,"label":" ","price":2.26},{"type":"A","date":"2018-04-03T03:09:36.000Z","volume":1000,"label":" ","price":2.26},{"type":"A","date":"2018-04-03T03:10:17.000Z","volume":10000,"label":"Y","price":2.26},{"type":"A","date":"2018-04-03T03:10:19.000Z","volume":1000,"label":" ","price":2.26},{"type":"U","date":"2018-04-03T03:10:28.000Z","volume":1000,"label":"X","price":2.26},{"type":"A","date":"2018-04-03T03:11:32.000Z","volume":13000,"label":"Y","price":2.26},{"type":"A","date":"2018-04-03T03:11:32.000Z","volume":2000,"label":" ","price":2.26},{"type":"A","date":"2018-04-03T03:11:33.000Z","volume":1000,"label":"Y","price":2.26},{"type":"A","date":"2018-04-03T03:12:00.000Z","volume":1000,"label":" ","price":2.26},{"type":"A","date":"2018-04-03T03:12:26.000Z","volume":5000,"label":" ","price":2.26},{"type":"A","date":"2018-04-03T03:12:54.000Z","volume":2000,"label":" ","price":2.26},{"type":"A","date":"2018-04-03T03:12:55.000Z","volume":1000,"label":" ","price":2.26},{"type":"A","date":"2018-04-03T03:14:03.000Z","volume":1000,"label":" ","price":2.26},{"type":"U","date":"2018-04-03T03:14:29.000Z","volume":1000,"label":"X","price":2.255},{"type":"B","date":"2018-04-03T03:14:37.000Z","volume":2000,"label":" ","price":2.25},{"type":"A","date":"2018-04-03T03:14:37.000Z","volume":1000,"label":" ","price":2.26},{"type":"A","date":"2018-04-03T03:18:47.000Z","volume":10000,"label":"Y","price":2.26},{"type":"A","date":"2018-04-03T03:18:47.000Z","volume":1000,"label":" ","price":2.26},{"type":"A","date":"2018-04-03T03:18:48.000Z","volume":1000,"label":" ","price":2.26},{"type":"B","date":"2018-04-03T03:18:53.000Z","volume":1000,"label":" ","price":2.25},{"type":"U","date":"2018-04-03T03:18:58.000Z","volume":4000,"label":"X","price":2.255},{"type":"A","date":"2018-04-03T03:19:06.000Z","volume":1000,"label":" ","price":2.26},{"type":"U","date":"2018-04-03T03:20:28.000Z","volume":1000,"label":"X","price":2.259},{"type":"A","date":"2018-04-03T03:20:58.000Z","volume":5000,"label":" ","price":2.26},{"type":"A","date":"2018-04-03T03:20:58.000Z","volume":1000,"label":" ","price":2.26},{"type":"A","date":"2018-04-03T03:21:01.000Z","volume":1000,"label":" ","price":2.26},{"type":"A","date":"2018-04-03T03:21:25.000Z","volume":1000,"label":" ","price":2.26},{"type":"A","date":"2018-04-03T03:22:58.000Z","volume":4000,"label":" ","price":2.26},{"type":"A","date":"2018-04-03T03:22:59.000Z","volume":1000,"label":" ","price":2.26},{"type":"A","date":"2018-04-03T03:23:27.000Z","volume":4000,"label":" ","price":2.26},{"type":"A","date":"2018-04-03T03:23:27.000Z","volume":1000,"label":" ","price":2.26},{"type":"A","date":"2018-04-03T03:23:43.000Z","volume":1000,"label":" ","price":2.26},{"type":"A","date":"2018-04-03T03:23:49.000Z","volume":1000,"label":" ","price":2.26},{"type":"A","date":"2018-04-03T03:24:59.000Z","volume":4000,"label":" ","price":2.26},{"type":"A","date":"2018-04-03T03:25:00.000Z","volume":1000,"label":" ","price":2.26},{"type":"U","date":"2018-04-03T03:25:28.000Z","volume":6000,"label":"X","price":2.26},{"type":"B","date":"2018-04-03T03:25:32.000Z","volume":7000,"label":" ","price":2.25},{"type":"A","date":"2018-04-03T03:25:33.000Z","volume":1000,"label":" ","price":2.26},{"type":"A","date":"2018-04-03T03:25:33.000Z","volume":1000,"label":" ","price":2.26},{"type":"A","date":"2018-04-03T03:25:36.000Z","volume":200000,"label":" ","price":2.26},{"type":"A","date":"2018-04-03T03:25:36.000Z","volume":16000,"label":" ","price":2.26},{"type":"A","date":"2018-04-03T03:25:36.000Z","volume":4000,"label":"Y","price":2.26},{"type":"A","date":"2018-04-03T03:25:36.000Z","volume":15000,"label":" ","price":2.26},{"type":"A","date":"2018-04-03T03:25:36.000Z","volume":2000,"label":" ","price":2.26},{"type":"A","date":"2018-04-03T03:25:36.000Z","volume":2000,"label":" ","price":2.26},{"type":"A","date":"2018-04-03T03:25:36.000Z","volume":1000,"label":" ","price":2.26},{"type":"A","date":"2018-04-03T03:25:37.000Z","volume":26000,"label":" ","price":2.26},{"type":"A","date":"2018-04-03T03:25:37.000Z","volume":4000,"label":" ","price":2.26},{"type":"A","date":"2018-04-03T03:25:37.000Z","volume":1000,"label":" ","price":2.26},{"type":"A","date":"2018-04-03T03:25:39.000Z","volume":1000,"label":" ","price":2.26},{"type":"A","date":"2018-04-03T03:26:01.000Z","volume":200000,"label":" ","price":2.26},{"type":"A","date":"2018-04-03T03:26:01.000Z","volume":38000,"label":" ","price":2.26},{"type":"A","date":"2018-04-03T03:26:01.000Z","volume":26000,"label":" ","price":2.26},{"type":"A","date":"2018-04-03T03:26:01.000Z","volume":3000,"label":" ","price":2.26},{"type":"A","date":"2018-04-03T03:26:01.000Z","volume":8000,"label":" ","price":2.26},{"type":"A","date":"2018-04-03T03:26:01.000Z","volume":14000,"label":" ","price":2.26},{"type":"A","date":"2018-04-03T03:26:01.000Z","volume":3000,"label":" ","price":2.26},{"type":"A","date":"2018-04-03T03:26:05.000Z","volume":8000,"label":" ","price":2.26},{"type":"A","date":"2018-04-03T03:26:29.000Z","volume":5000,"label":" ","price":2.26},{"type":"A","date":"2018-04-03T03:26:29.000Z","volume":1000,"label":" ","price":2.26},{"type":"A","date":"2018-04-03T03:26:29.000Z","volume":2000,"label":" ","price":2.26},{"type":"A","date":"2018-04-03T03:26:37.000Z","volume":21000,"label":" ","price":2.26},{"type":"A","date":"2018-04-03T03:26:37.000Z","volume":2000,"label":" ","price":2.26},{"type":"A","date":"2018-04-03T03:26:39.000Z","volume":2000,"label":" ","price":2.26},{"type":"A","date":"2018-04-03T03:27:06.000Z","volume":216000,"label":" ","price":2.26},{"type":"A","date":"2018-04-03T03:27:06.000Z","volume":13000,"label":" ","price":2.27},{"type":"A","date":"2018-04-03T03:27:06.000Z","volume":22000,"label":" ","price":2.26},{"type":"A","date":"2018-04-03T03:27:06.000Z","volume":35000,"label":" ","price":2.26},{"type":"A","date":"2018-04-03T03:27:06.000Z","volume":13000,"label":" ","price":2.26},{"type":"A","date":"2018-04-03T03:27:06.000Z","volume":2000,"label":" ","price":2.26},{"type":"A","date":"2018-04-03T03:27:06.000Z","volume":1000,"label":"Y","price":2.26},{"type":"A","date":"2018-04-03T03:27:06.000Z","volume":7000,"label":" ","price":2.27},{"type":"A","date":"2018-04-03T03:27:08.000Z","volume":35000,"label":" ","price":2.27},{"type":"A","date":"2018-04-03T03:27:08.000Z","volume":5000,"label":" ","price":2.27},{"type":"A","date":"2018-04-03T03:27:37.000Z","volume":3000,"label":" ","price":2.27},{"type":"A","date":"2018-04-03T03:27:39.000Z","volume":1000,"label":" ","price":2.27},{"type":"A","date":"2018-04-03T03:27:59.000Z","volume":4000,"label":" ","price":2.27},{"type":"A","date":"2018-04-03T03:28:18.000Z","volume":1000,"label":" ","price":2.27},{"type":"A","date":"2018-04-03T03:28:21.000Z","volume":2000,"label":" ","price":2.27},{"type":"U","date":"2018-04-03T03:28:26.000Z","volume":1000,"label":"X","price":2.261},{"type":"U","date":"2018-04-03T03:28:26.000Z","volume":1000,"label":"X","price":2.261},{"type":"U","date":"2018-04-03T03:28:26.000Z","volume":1000,"label":"X","price":2.261},{"type":"A","date":"2018-04-03T03:28:41.000Z","volume":2000,"label":" ","price":2.27},{"type":"A","date":"2018-04-03T03:28:42.000Z","volume":2000,"label":" ","price":2.27},{"type":"A","date":"2018-04-03T03:28:44.000Z","volume":1000,"label":" ","price":2.27},{"type":"A","date":"2018-04-03T03:28:59.000Z","volume":4000,"label":" ","price":2.27},{"type":"A","date":"2018-04-03T03:29:01.000Z","volume":2000,"label":" ","price":2.27},{"type":"A","date":"2018-04-03T03:29:21.000Z","volume":3000,"label":" ","price":2.27},{"type":"A","date":"2018-04-03T03:29:23.000Z","volume":1000,"label":" ","price":2.27},{"type":"A","date":"2018-04-03T03:29:32.000Z","volume":12000,"label":" ","price":2.27},{"type":"A","date":"2018-04-03T03:29:32.000Z","volume":2000,"label":" ","price":2.27},{"type":"A","date":"2018-04-03T03:29:35.000Z","volume":1000,"label":" ","price":2.27},{"type":"A","date":"2018-04-03T03:29:41.000Z","volume":2000,"label":" ","price":2.27},{"type":"A","date":"2018-04-03T03:29:42.000Z","volume":1000,"label":" ","price":2.27},{"type":"A","date":"2018-04-03T03:30:01.000Z","volume":2000,"label":" ","price":2.27},{"type":"A","date":"2018-04-03T03:30:17.000Z","volume":7000,"label":" ","price":2.27},{"type":"A","date":"2018-04-03T03:30:17.000Z","volume":2000,"label":" ","price":2.27},{"type":"A","date":"2018-04-03T03:30:19.000Z","volume":1000,"label":" ","price":2.27},{"type":"A","date":"2018-04-03T03:30:23.000Z","volume":2000,"label":" ","price":2.27},{"type":"A","date":"2018-04-03T03:30:29.000Z","volume":5000,"label":" ","price":2.27},{"type":"A","date":"2018-04-03T03:30:31.000Z","volume":1000,"label":" ","price":2.27},{"type":"A","date":"2018-04-03T03:30:36.000Z","volume":2000,"label":" ","price":2.27},{"type":"A","date":"2018-04-03T03:30:39.000Z","volume":1000,"label":" ","price":2.27},{"type":"A","date":"2018-04-03T03:30:39.000Z","volume":2000,"label":" ","price":2.27},{"type":"A","date":"2018-04-03T03:30:59.000Z","volume":2000,"label":" ","price":2.27},{"type":"A","date":"2018-04-03T03:31:10.000Z","volume":2000,"label":" ","price":2.27},{"type":"A","date":"2018-04-03T03:31:11.000Z","volume":1000,"label":" ","price":2.27},{"type":"A","date":"2018-04-03T03:31:31.000Z","volume":2000,"label":" ","price":2.27},{"type":"A","date":"2018-04-03T03:31:51.000Z","volume":2000,"label":" ","price":2.27},{"type":"A","date":"2018-04-03T03:31:56.000Z","volume":1000,"label":" ","price":2.27},{"type":"A","date":"2018-04-03T03:31:59.000Z","volume":5000,"label":" ","price":2.27},{"type":"A","date":"2018-04-03T03:31:59.000Z","volume":1000,"label":" ","price":2.27},{"type":"A","date":"2018-04-03T03:32:01.000Z","volume":2000,"label":" ","price":2.27},{"type":"A","date":"2018-04-03T03:32:10.000Z","volume":5000,"label":" ","price":2.27},{"type":"A","date":"2018-04-03T03:32:10.000Z","volume":2000,"label":" ","price":2.27},{"type":"A","date":"2018-04-03T03:32:10.000Z","volume":1000,"label":" ","price":2.27},{"type":"A","date":"2018-04-03T03:32:11.000Z","volume":1000,"label":" ","price":2.27},{"type":"A","date":"2018-04-03T03:32:13.000Z","volume":404000,"label":" ","price":2.27},{"type":"A","date":"2018-04-03T03:32:13.000Z","volume":9000,"label":" ","price":2.27},{"type":"A","date":"2018-04-03T03:32:13.000Z","volume":37000,"label":" ","price":2.28},{"type":"A","date":"2018-04-03T03:32:13.000Z","volume":3000,"label":" ","price":2.27},{"type":"A","date":"2018-04-03T03:32:13.000Z","volume":4000,"label":" ","price":2.28},{"type":"B","date":"2018-04-03T03:32:13.000Z","volume":71000,"label":" ","price":2.27},{"type":"B","date":"2018-04-03T03:32:13.000Z","volume":2000,"label":" ","price":2.27},{"type":"A","date":"2018-04-03T03:32:13.000Z","volume":9000,"label":" ","price":2.28},{"type":"A","date":"2018-04-03T03:32:26.000Z","volume":18000,"label":" ","price":2.28},{"type":"A","date":"2018-04-03T03:32:26.000Z","volume":3000,"label":" ","price":2.28},{"type":"A","date":"2018-04-03T03:32:29.000Z","volume":2000,"label":" ","price":2.28},{"type":"U","date":"2018-04-03T03:32:30.000Z","volume":6000,"label":"X","price":2.275},{"type":"U","date":"2018-04-03T03:32:30.000Z","volume":6000,"label":"X","price":2.275},{"type":"A","date":"2018-04-03T03:32:30.000Z","volume":6000,"label":" ","price":2.28},{"type":"A","date":"2018-04-03T03:32:39.000Z","volume":28000,"label":" ","price":2.28},{"type":"A","date":"2018-04-03T03:32:39.000Z","volume":4000,"label":" ","price":2.28},{"type":"A","date":"2018-04-03T03:32:43.000Z","volume":5000,"label":" ","price":2.28},{"type":"A","date":"2018-04-03T03:32:45.000Z","volume":55000,"label":" ","price":2.28},{"type":"A","date":"2018-04-03T03:32:45.000Z","volume":1000,"label":" ","price":2.28},{"type":"A","date":"2018-04-03T03:32:46.000Z","volume":6000,"label":" ","price":2.29},{"type":"B","date":"2018-04-03T03:32:49.000Z","volume":3000,"label":" ","price":2.28},{"type":"U","date":"2018-04-03T03:33:26.000Z","volume":2000,"label":"X","price":2.272},{"type":"A","date":"2018-04-03T03:33:29.000Z","volume":5000,"label":" ","price":2.29},{"type":"A","date":"2018-04-03T03:33:29.000Z","volume":2000,"label":" ","price":2.29},{"type":"A","date":"2018-04-03T03:34:50.000Z","volume":1000,"label":" ","price":2.29},{"type":"A","date":"2018-04-03T03:34:59.000Z","volume":5000,"label":" ","price":2.29},{"type":"A","date":"2018-04-03T03:35:03.000Z","volume":1000,"label":" ","price":2.29},{"type":"A","date":"2018-04-03T03:35:05.000Z","volume":2000,"label":" ","price":2.29},{"type":"A","date":"2018-04-03T03:35:52.000Z","volume":1000,"label":" ","price":2.29},{"type":"A","date":"2018-04-03T03:36:29.000Z","volume":5000,"label":" ","price":2.29},{"type":"A","date":"2018-04-03T03:36:29.000Z","volume":2000,"label":" ","price":2.29},{"type":"A","date":"2018-04-03T03:37:31.000Z","volume":1000,"label":" ","price":2.29},{"type":"A","date":"2018-04-03T03:37:51.000Z","volume":1000,"label":" ","price":2.29},{"type":"A","date":"2018-04-03T03:37:59.000Z","volume":5000,"label":" ","price":2.29},{"type":"B","date":"2018-04-03T03:38:30.000Z","volume":90000,"label":" ","price":2.28},{"type":"A","date":"2018-04-03T03:38:30.000Z","volume":11000,"label":" ","price":2.29},{"type":"A","date":"2018-04-03T03:38:54.000Z","volume":2000,"label":" ","price":2.29},{"type":"A","date":"2018-04-03T03:39:29.000Z","volume":4000,"label":" ","price":2.29},{"type":"A","date":"2018-04-03T03:39:31.000Z","volume":2000,"label":" ","price":2.29},{"type":"A","date":"2018-04-03T03:40:25.000Z","volume":1000,"label":" ","price":2.29},{"type":"A","date":"2018-04-03T03:40:27.000Z","volume":1000,"label":" ","price":2.29},{"type":"A","date":"2018-04-03T03:40:29.000Z","volume":4000,"label":" ","price":2.29},{"type":"A","date":"2018-04-03T03:41:29.000Z","volume":4000,"label":" ","price":2.29},{"type":"B","date":"2018-04-03T03:42:01.000Z","volume":10000,"label":" ","price":2.28},{"type":"A","date":"2018-04-03T03:42:01.000Z","volume":2000,"label":" ","price":2.29},{"type":"A","date":"2018-04-03T03:42:29.000Z","volume":4000,"label":" ","price":2.29},{"type":"A","date":"2018-04-03T03:42:53.000Z","volume":1000,"label":" ","price":2.29},{"type":"A","date":"2018-04-03T03:43:24.000Z","volume":1000,"label":" ","price":2.29},{"type":"U","date":"2018-04-03T03:43:26.000Z","volume":1000,"label":"X","price":2.284},{"type":"A","date":"2018-04-03T03:43:29.000Z","volume":3000,"label":" ","price":2.29},{"type":"A","date":"2018-04-03T03:44:04.000Z","volume":4000,"label":" ","price":2.29},{"type":"A","date":"2018-04-03T03:44:05.000Z","volume":1000,"label":"Y","price":2.29},{"type":"A","date":"2018-04-03T03:44:05.000Z","volume":1000,"label":" ","price":2.29},{"type":"B","date":"2018-04-03T03:44:21.000Z","volume":4000,"label":" ","price":2.28},{"type":"A","date":"2018-04-03T03:44:29.000Z","volume":3000,"label":" ","price":2.29},{"type":"A","date":"2018-04-03T03:44:30.000Z","volume":4000,"label":" ","price":2.29},{"type":"A","date":"2018-04-03T03:45:13.000Z","volume":1000,"label":" ","price":2.29},{"type":"U","date":"2018-04-03T03:45:26.000Z","volume":1000,"label":"X","price":2.288},{"type":"A","date":"2018-04-03T03:45:29.000Z","volume":4000,"label":" ","price":2.29},{"type":"A","date":"2018-04-03T03:45:31.000Z","volume":2000,"label":" ","price":2.29},{"type":"A","date":"2018-04-03T03:45:41.000Z","volume":45000,"label":" ","price":2.29},{"type":"A","date":"2018-04-03T03:45:41.000Z","volume":5000,"label":" ","price":2.29},{"type":"B","date":"2018-04-03T03:45:55.000Z","volume":4000,"label":" ","price":2.28},{"type":"A","date":"2018-04-03T03:46:24.000Z","volume":3000,"label":" ","price":2.29},{"type":"U","date":"2018-04-03T03:46:26.000Z","volume":1000,"label":"X","price":2.289},{"type":"A","date":"2018-04-03T03:47:18.000Z","volume":1000,"label":" ","price":2.29},{"type":"A","date":"2018-04-03T03:47:56.000Z","volume":1000,"label":" ","price":2.29},{"type":"A","date":"2018-04-03T03:48:25.000Z","volume":1000,"label":" ","price":2.29},{"type":"A","date":"2018-04-03T03:48:25.000Z","volume":2000,"label":" ","price":2.29},{"type":"A","date":"2018-04-03T03:48:32.000Z","volume":2000,"label":" ","price":2.29},{"type":"A","date":"2018-04-03T03:48:56.000Z","volume":2000,"label":" ","price":2.29},{"type":"A","date":"2018-04-03T03:49:21.000Z","volume":2000,"label":" ","price":2.29},{"type":"A","date":"2018-04-03T03:49:22.000Z","volume":1000,"label":" ","price":2.29},{"type":"A","date":"2018-04-03T03:49:29.000Z","volume":5000,"label":" ","price":2.29},{"type":"A","date":"2018-04-03T03:49:36.000Z","volume":2000,"label":" ","price":2.29},{"type":"A","date":"2018-04-03T03:49:59.000Z","volume":2000,"label":" ","price":2.29},{"type":"A","date":"2018-04-03T03:50:21.000Z","volume":2000,"label":" ","price":2.29},{"type":"A","date":"2018-04-03T03:50:21.000Z","volume":2000,"label":" ","price":2.29},{"type":"A","date":"2018-04-03T03:50:36.000Z","volume":2000,"label":" ","price":2.29},{"type":"A","date":"2018-04-03T03:50:58.000Z","volume":2000,"label":" ","price":2.29},{"type":"A","date":"2018-04-03T03:50:59.000Z","volume":3000,"label":" ","price":2.29},{"type":"A","date":"2018-04-03T03:51:21.000Z","volume":2000,"label":" ","price":2.29},{"type":"U","date":"2018-04-03T03:51:26.000Z","volume":2000,"label":"X","price":2.29},{"type":"A","date":"2018-04-03T03:51:46.000Z","volume":3000,"label":" ","price":2.29},{"type":"A","date":"2018-04-03T03:51:59.000Z","volume":3000,"label":" ","price":2.29},{"type":"A","date":"2018-04-03T03:52:01.000Z","volume":2000,"label":" ","price":2.29},{"type":"A","date":"2018-04-03T03:52:02.000Z","volume":1000,"label":" ","price":2.29},{"type":"A","date":"2018-04-03T03:52:11.000Z","volume":2000,"label":" ","price":2.29},{"type":"A","date":"2018-04-03T03:52:26.000Z","volume":1000,"label":" ","price":2.29},{"type":"A","date":"2018-04-03T03:52:41.000Z","volume":3000,"label":" ","price":2.29},{"type":"A","date":"2018-04-03T03:52:59.000Z","volume":2000,"label":" ","price":2.29},{"type":"A","date":"2018-04-03T03:53:06.000Z","volume":2000,"label":" ","price":2.29},{"type":"A","date":"2018-04-03T03:53:31.000Z","volume":2000,"label":" ","price":2.29},{"type":"A","date":"2018-04-03T03:53:46.000Z","volume":2000,"label":" ","price":2.29},{"type":"A","date":"2018-04-03T03:53:59.000Z","volume":2000,"label":" ","price":2.29},{"type":"A","date":"2018-04-03T03:53:59.000Z","volume":2000,"label":" ","price":2.29},{"type":"A","date":"2018-04-03T03:54:04.000Z","volume":1000,"label":" ","price":2.29},{"type":"A","date":"2018-04-03T03:54:11.000Z","volume":2000,"label":" ","price":2.29},{"type":"A","date":"2018-04-03T03:54:30.000Z","volume":3000,"label":" ","price":2.29},{"type":"A","date":"2018-04-03T03:54:34.000Z","volume":1000,"label":" ","price":2.29},{"type":"A","date":"2018-04-03T03:54:36.000Z","volume":2000,"label":" ","price":2.29},{"type":"A","date":"2018-04-03T03:54:51.000Z","volume":2000,"label":" ","price":2.29},{"type":"A","date":"2018-04-03T03:55:21.000Z","volume":3000,"label":" ","price":2.29},{"type":"A","date":"2018-04-03T03:55:30.000Z","volume":2000,"label":" ","price":2.29},{"type":"A","date":"2018-04-03T03:55:30.000Z","volume":2000,"label":" ","price":2.29},{"type":"A","date":"2018-04-03T03:55:46.000Z","volume":2000,"label":" ","price":2.29},{"type":"A","date":"2018-04-03T03:56:00.000Z","volume":4000,"label":" ","price":2.29},{"type":"B","date":"2018-04-03T03:56:02.000Z","volume":3000,"label":" ","price":2.28},{"type":"A","date":"2018-04-03T03:56:24.000Z","volume":1000,"label":" ","price":2.29},{"type":"U","date":"2018-04-03T03:56:26.000Z","volume":1000,"label":"X","price":2.289},{"type":"U","date":"2018-04-03T03:56:26.000Z","volume":1000,"label":"X","price":2.289},{"type":"A","date":"2018-04-03T03:56:36.000Z","volume":2000,"label":" ","price":2.29},{"type":"A","date":"2018-04-03T03:56:57.000Z","volume":2000,"label":" ","price":2.29},{"type":"A","date":"2018-04-03T03:57:00.000Z","volume":2000,"label":" ","price":2.29},{"type":"A","date":"2018-04-03T03:57:00.000Z","volume":2000,"label":" ","price":2.29},{"type":"A","date":"2018-04-03T03:57:09.000Z","volume":1000,"label":" ","price":2.29},{"type":"A","date":"2018-04-03T03:57:12.000Z","volume":40000,"label":" ","price":2.29},{"type":"A","date":"2018-04-03T03:57:12.000Z","volume":4000,"label":" ","price":2.29},{"type":"A","date":"2018-04-03T03:57:21.000Z","volume":2000,"label":" ","price":2.29},{"type":"A","date":"2018-04-03T03:57:51.000Z","volume":2000,"label":" ","price":2.29},{"type":"A","date":"2018-04-03T03:58:00.000Z","volume":5000,"label":" ","price":2.29},{"type":"A","date":"2018-04-03T03:58:00.000Z","volume":4000,"label":" ","price":2.29},{"type":"A","date":"2018-04-03T03:58:01.000Z","volume":2000,"label":" ","price":2.29},{"type":"A","date":"2018-04-03T03:58:16.000Z","volume":3000,"label":" ","price":2.29},{"type":"U","date":"2018-04-03T03:58:26.000Z","volume":1000,"label":"X","price":2.29},{"type":"A","date":"2018-04-03T03:58:42.000Z","volume":1000,"label":"Y","price":2.29},{"type":"A","date":"2018-04-03T03:58:42.000Z","volume":1000,"label":" ","price":2.29},{"type":"A","date":"2018-04-03T03:58:42.000Z","volume":29000,"label":" ","price":2.29},{"type":"A","date":"2018-04-03T03:58:42.000Z","volume":4000,"label":" ","price":2.29},{"type":"B","date":"2018-04-03T03:59:02.000Z","volume":1000,"label":" ","price":2.28},{"type":"A","date":"2018-04-03T03:59:11.000Z","volume":2000,"label":" ","price":2.29},{"type":"A","date":"2018-04-03T03:59:29.000Z","volume":5000,"label":" ","price":2.29},{"type":"A","date":"2018-04-03T03:59:29.000Z","volume":2000,"label":" ","price":2.29},{"type":"B","date":"2018-04-03T03:59:35.000Z","volume":1000,"label":" ","price":2.28},{"type":"A","date":"2018-04-03T03:59:51.000Z","volume":2000,"label":" ","price":2.29},{"type":"A","date":"2018-04-03T05:00:00.000Z","volume":1000,"label":"Y","price":2.29},{"type":"A","date":"2018-04-03T05:00:00.000Z","volume":34000,"label":" ","price":2.29},{"type":"B","date":"2018-04-03T05:00:01.000Z","volume":1000,"label":" ","price":2.28},{"type":"A","date":"2018-04-03T05:00:01.000Z","volume":9000,"label":"Y","price":2.29},{"type":"A","date":"2018-04-03T05:00:01.000Z","volume":33000,"label":" ","price":2.29},{"type":"A","date":"2018-04-03T05:00:01.000Z","volume":1000,"label":" ","price":2.29},{"type":"A","date":"2018-04-03T05:00:02.000Z","volume":3000,"label":" ","price":2.29},{"type":"A","date":"2018-04-03T05:00:02.000Z","volume":2000,"label":" ","price":2.29},{"type":"A","date":"2018-04-03T05:00:03.000Z","volume":3000,"label":" ","price":2.29},{"type":"A","date":"2018-04-03T05:00:03.000Z","volume":23000,"label":" ","price":2.29},{"type":"A","date":"2018-04-03T05:00:04.000Z","volume":3000,"label":" ","price":2.29},{"type":"A","date":"2018-04-03T05:00:07.000Z","volume":32000,"label":" ","price":2.29},{"type":"A","date":"2018-04-03T05:00:07.000Z","volume":4000,"label":" ","price":2.29},{"type":"A","date":"2018-04-03T05:00:27.000Z","volume":3000,"label":" ","price":2.29},{"type":"A","date":"2018-04-03T05:01:01.000Z","volume":1000,"label":" ","price":2.29},{"type":"A","date":"2018-04-03T05:01:47.000Z","volume":1000,"label":" ","price":2.29},{"type":"A","date":"2018-04-03T05:03:09.000Z","volume":40000,"label":" ","price":2.29},{"type":"A","date":"2018-04-03T05:03:09.000Z","volume":21000,"label":" ","price":2.29},{"type":"A","date":"2018-04-03T05:03:09.000Z","volume":8000,"label":" ","price":2.29},{"type":"A","date":"2018-04-03T05:03:09.000Z","volume":1000,"label":" ","price":2.29},{"type":"A","date":"2018-04-03T05:04:00.000Z","volume":1000,"label":" ","price":2.29},{"type":"A","date":"2018-04-03T05:04:42.000Z","volume":4000,"label":" ","price":2.29},{"type":"A","date":"2018-04-03T05:04:42.000Z","volume":1000,"label":" ","price":2.29},{"type":"U","date":"2018-04-03T05:05:04.000Z","volume":1000,"label":"X","price":2.29},{"type":"U","date":"2018-04-03T05:05:04.000Z","volume":2000,"label":"X","price":2.29},{"type":"A","date":"2018-04-03T05:06:25.000Z","volume":1000,"label":" ","price":2.29},{"type":"U","date":"2018-04-03T05:08:04.000Z","volume":2000,"label":"X","price":2.29},{"type":"A","date":"2018-04-03T05:08:27.000Z","volume":1000,"label":" ","price":2.29},{"type":"A","date":"2018-04-03T05:08:28.000Z","volume":2000,"label":" ","price":2.29},{"type":"A","date":"2018-04-03T05:08:51.000Z","volume":18000,"label":" ","price":2.29},{"type":"A","date":"2018-04-03T05:08:51.000Z","volume":2000,"label":" ","price":2.29},{"type":"A","date":"2018-04-03T05:08:51.000Z","volume":2000,"label":" ","price":2.29},{"type":"A","date":"2018-04-03T05:09:01.000Z","volume":1000,"label":" ","price":2.29},{"type":"A","date":"2018-04-03T05:09:48.000Z","volume":20000,"label":" ","price":2.29},{"type":"A","date":"2018-04-03T05:09:48.000Z","volume":3000,"label":" ","price":2.29},{"type":"A","date":"2018-04-03T05:09:48.000Z","volume":3000,"label":" ","price":2.29},{"type":"U","date":"2018-04-03T05:10:21.000Z","volume":1000,"label":"X","price":2.29},{"type":"A","date":"2018-04-03T05:10:26.000Z","volume":1000,"label":" ","price":2.29},{"type":"A","date":"2018-04-03T05:10:48.000Z","volume":20000,"label":" ","price":2.29},{"type":"A","date":"2018-04-03T05:10:48.000Z","volume":2000,"label":" ","price":2.29},{"type":"A","date":"2018-04-03T05:10:48.000Z","volume":2000,"label":" ","price":2.29},{"type":"A","date":"2018-04-03T05:11:06.000Z","volume":2000,"label":" ","price":2.29},{"type":"A","date":"2018-04-03T05:11:06.000Z","volume":1000,"label":" ","price":2.29},{"type":"A","date":"2018-04-03T05:11:08.000Z","volume":1000,"label":" ","price":2.29},{"type":"A","date":"2018-04-03T05:11:21.000Z","volume":2000,"label":" ","price":2.29},{"type":"A","date":"2018-04-03T05:11:23.000Z","volume":2000,"label":" ","price":2.29},{"type":"A","date":"2018-04-03T05:11:51.000Z","volume":3000,"label":" ","price":2.29},{"type":"A","date":"2018-04-03T05:11:51.000Z","volume":1000,"label":" ","price":2.29},{"type":"A","date":"2018-04-03T05:12:05.000Z","volume":15000,"label":" ","price":2.29},{"type":"A","date":"2018-04-03T05:12:05.000Z","volume":1000,"label":" ","price":2.29},{"type":"A","date":"2018-04-03T05:12:07.000Z","volume":2000,"label":" ","price":2.29},{"type":"A","date":"2018-04-03T05:12:11.000Z","volume":2000,"label":" ","price":2.29},{"type":"A","date":"2018-04-03T05:12:11.000Z","volume":1000,"label":" ","price":2.29},{"type":"A","date":"2018-04-03T05:12:31.000Z","volume":2000,"label":" ","price":2.29},{"type":"A","date":"2018-04-03T05:12:51.000Z","volume":2000,"label":" ","price":2.29},{"type":"A","date":"2018-04-03T05:12:53.000Z","volume":4000,"label":" ","price":2.29},{"type":"A","date":"2018-04-03T05:12:53.000Z","volume":1000,"label":" ","price":2.29},{"type":"A","date":"2018-04-03T05:12:53.000Z","volume":2000,"label":" ","price":2.29},{"type":"B","date":"2018-04-03T05:13:00.000Z","volume":20000,"label":" ","price":2.28},{"type":"A","date":"2018-04-03T05:13:01.000Z","volume":2000,"label":" ","price":2.29},{"type":"U","date":"2018-04-03T05:13:04.000Z","volume":1000,"label":"X","price":2.289},{"type":"U","date":"2018-04-03T05:13:04.000Z","volume":1000,"label":"X","price":2.289},{"type":"A","date":"2018-04-03T05:13:15.000Z","volume":1000,"label":" ","price":2.29},{"type":"A","date":"2018-04-03T05:13:41.000Z","volume":2000,"label":" ","price":2.29},{"type":"U","date":"2018-04-03T05:13:51.000Z","volume":1000,"label":"X","price":2.29},{"type":"A","date":"2018-04-03T05:14:06.000Z","volume":2000,"label":" ","price":2.29},{"type":"A","date":"2018-04-03T05:14:06.000Z","volume":1000,"label":" ","price":2.29},{"type":"A","date":"2018-04-03T05:14:26.000Z","volume":2000,"label":" ","price":2.29},{"type":"A","date":"2018-04-03T05:14:46.000Z","volume":2000,"label":" ","price":2.29},{"type":"A","date":"2018-04-03T05:15:06.000Z","volume":2000,"label":" ","price":2.29},{"type":"A","date":"2018-04-03T05:15:14.000Z","volume":1000,"label":" ","price":2.29},{"type":"A","date":"2018-04-03T05:15:26.000Z","volume":2000,"label":" ","price":2.29},{"type":"A","date":"2018-04-03T05:15:26.000Z","volume":1000,"label":" ","price":2.29},{"type":"A","date":"2018-04-03T05:15:27.000Z","volume":1000,"label":" ","price":2.29},{"type":"A","date":"2018-04-03T05:15:36.000Z","volume":2000,"label":" ","price":2.29},{"type":"A","date":"2018-04-03T05:15:56.000Z","volume":2000,"label":" ","price":2.29},{"type":"A","date":"2018-04-03T05:16:26.000Z","volume":2000,"label":" ","price":2.29},{"type":"A","date":"2018-04-03T05:16:41.000Z","volume":2000,"label":" ","price":2.29},{"type":"A","date":"2018-04-03T05:16:41.000Z","volume":1000,"label":" ","price":2.29},{"type":"A","date":"2018-04-03T05:17:06.000Z","volume":2000,"label":" ","price":2.29},{"type":"A","date":"2018-04-03T05:17:12.000Z","volume":1000,"label":" ","price":2.29},{"type":"A","date":"2018-04-03T05:17:26.000Z","volume":2000,"label":" ","price":2.29},{"type":"A","date":"2018-04-03T05:17:35.000Z","volume":1000,"label":" ","price":2.29},{"type":"A","date":"2018-04-03T05:17:46.000Z","volume":2000,"label":" ","price":2.29},{"type":"U","date":"2018-04-03T05:18:04.000Z","volume":3000,"label":"X","price":2.29},{"type":"A","date":"2018-04-03T05:18:11.000Z","volume":3000,"label":" ","price":2.29},{"type":"A","date":"2018-04-03T05:18:11.000Z","volume":1000,"label":" ","price":2.29},{"type":"A","date":"2018-04-03T05:18:41.000Z","volume":2000,"label":" ","price":2.29},{"type":"A","date":"2018-04-03T05:18:56.000Z","volume":2000,"label":" ","price":2.29},{"type":"A","date":"2018-04-03T05:19:21.000Z","volume":2000,"label":" ","price":2.29},{"type":"A","date":"2018-04-03T05:19:36.000Z","volume":2000,"label":" ","price":2.29},{"type":"A","date":"2018-04-03T05:19:36.000Z","volume":1000,"label":" ","price":2.29},{"type":"B","date":"2018-04-03T05:19:57.000Z","volume":50000,"label":" ","price":2.28},{"type":"A","date":"2018-04-03T05:19:57.000Z","volume":2000,"label":" ","price":2.29},{"type":"A","date":"2018-04-03T05:19:57.000Z","volume":5000,"label":" ","price":2.29},{"type":"A","date":"2018-04-03T05:19:58.000Z","volume":1000,"label":" ","price":2.29},{"type":"A","date":"2018-04-03T05:19:58.000Z","volume":1000,"label":" ","price":2.29},{"type":"A","date":"2018-04-03T05:19:58.000Z","volume":1000,"label":" ","price":2.29},{"type":"U","date":"2018-04-03T05:20:04.000Z","volume":1000,"label":"X","price":2.283},{"type":"A","date":"2018-04-03T05:20:31.000Z","volume":50000,"label":" ","price":2.29},{"type":"A","date":"2018-04-03T05:20:31.000Z","volume":5000,"label":" ","price":2.29},{"type":"A","date":"2018-04-03T05:22:58.000Z","volume":1000,"label":" ","price":2.29},{"type":"U","date":"2018-04-03T05:24:21.000Z","volume":1000,"label":"X","price":2.29},{"type":"A","date":"2018-04-03T05:25:18.000Z","volume":1000,"label":" ","price":2.29},{"type":"A","date":"2018-04-03T05:25:19.000Z","volume":1000,"label":" ","price":2.29},{"type":"A","date":"2018-04-03T05:25:19.000Z","volume":1000,"label":" ","price":2.29},{"type":"B","date":"2018-04-03T05:25:40.000Z","volume":100000,"label":" ","price":2.28},{"type":"U","date":"2018-04-03T05:25:51.000Z","volume":1000,"label":"X","price":2.29},{"type":"U","date":"2018-04-03T05:25:51.000Z","volume":2000,"label":"X","price":2.29},{"type":"A","date":"2018-04-03T05:25:59.000Z","volume":11000,"label":" ","price":2.29},{"type":"A","date":"2018-04-03T05:29:45.000Z","volume":1000,"label":" ","price":2.29},{"type":"A","date":"2018-04-03T05:30:18.000Z","volume":1000,"label":" ","price":2.29},{"type":"U","date":"2018-04-03T05:30:19.000Z","volume":5000,"label":"X","price":2.284},{"type":"A","date":"2018-04-03T05:30:52.000Z","volume":1000,"label":" ","price":2.29},{"type":"U","date":"2018-04-03T05:31:43.000Z","volume":1000,"label":"X","price":2.29},{"type":"A","date":"2018-04-03T05:32:23.000Z","volume":1000,"label":" ","price":2.29},{"type":"U","date":"2018-04-03T05:33:43.000Z","volume":1000,"label":"X","price":2.29},{"type":"A","date":"2018-04-03T05:34:49.000Z","volume":1000,"label":" ","price":2.29},{"type":"A","date":"2018-04-03T05:34:54.000Z","volume":12000,"label":"Y","price":2.29},{"type":"A","date":"2018-04-03T05:34:54.000Z","volume":88000,"label":" ","price":2.29},{"type":"A","date":"2018-04-03T05:34:54.000Z","volume":11000,"label":" ","price":2.29},{"type":"A","date":"2018-04-03T05:35:17.000Z","volume":24000,"label":" ","price":2.29},{"type":"A","date":"2018-04-03T05:35:17.000Z","volume":3000,"label":" ","price":2.29},{"type":"A","date":"2018-04-03T05:35:20.000Z","volume":2000,"label":" ","price":2.29},{"type":"U","date":"2018-04-03T05:35:51.000Z","volume":2000,"label":"X","price":2.29},{"type":"U","date":"2018-04-03T05:35:51.000Z","volume":1000,"label":"X","price":2.29},{"type":"A","date":"2018-04-03T05:35:58.000Z","volume":24000,"label":" ","price":2.29},{"type":"A","date":"2018-04-03T05:35:58.000Z","volume":2000,"label":" ","price":2.29},{"type":"A","date":"2018-04-03T05:35:58.000Z","volume":1000,"label":" ","price":2.29},{"type":"A","date":"2018-04-03T05:36:07.000Z","volume":1000,"label":" ","price":2.29},{"type":"A","date":"2018-04-03T05:36:33.000Z","volume":22000,"label":" ","price":2.29},{"type":"A","date":"2018-04-03T05:36:48.000Z","volume":6000,"label":" ","price":2.29},{"type":"A","date":"2018-04-03T05:36:59.000Z","volume":34000,"label":" ","price":2.29},{"type":"U","date":"2018-04-03T05:37:03.000Z","volume":2000,"label":"X","price":2.29},{"type":"A","date":"2018-04-03T05:37:11.000Z","volume":1000,"label":" ","price":2.29},{"type":"A","date":"2018-04-03T05:37:19.000Z","volume":5000,"label":" ","price":2.29},{"type":"A","date":"2018-04-03T05:37:30.000Z","volume":8000,"label":" ","price":2.29},{"type":"A","date":"2018-04-03T05:37:49.000Z","volume":6000,"label":" ","price":2.29},{"type":"A","date":"2018-04-03T05:37:59.000Z","volume":8000,"label":" ","price":2.29},{"type":"A","date":"2018-04-03T05:37:59.000Z","volume":1000,"label":" ","price":2.29},{"type":"A","date":"2018-04-03T05:39:14.000Z","volume":1000,"label":" ","price":2.29},{"type":"A","date":"2018-04-03T05:39:32.000Z","volume":1000,"label":" ","price":2.29},{"type":"A","date":"2018-04-03T05:40:17.000Z","volume":1000,"label":" ","price":2.29},{"type":"A","date":"2018-04-03T05:41:35.000Z","volume":1000,"label":" ","price":2.29},{"type":"A","date":"2018-04-03T05:41:35.000Z","volume":1000,"label":" ","price":2.29},{"type":"A","date":"2018-04-03T05:41:38.000Z","volume":1000,"label":" ","price":2.29},{"type":"A","date":"2018-04-03T05:42:00.000Z","volume":55000,"label":" ","price":2.29},{"type":"A","date":"2018-04-03T05:42:00.000Z","volume":6000,"label":" ","price":2.29},{"type":"A","date":"2018-04-03T05:42:00.000Z","volume":2000,"label":" ","price":2.29},{"type":"A","date":"2018-04-03T05:42:00.000Z","volume":36000,"label":" ","price":2.29},{"type":"A","date":"2018-04-03T05:42:00.000Z","volume":4000,"label":" ","price":2.29},{"type":"A","date":"2018-04-03T05:42:00.000Z","volume":4000,"label":" ","price":2.29},{"type":"A","date":"2018-04-03T05:42:00.000Z","volume":5000,"label":" ","price":2.29},{"type":"A","date":"2018-04-03T05:42:00.000Z","volume":1000,"label":" ","price":2.29},{"type":"A","date":"2018-04-03T05:42:00.000Z","volume":1000,"label":"Y","price":2.29},{"type":"A","date":"2018-04-03T05:42:00.000Z","volume":11000,"label":" ","price":2.29},{"type":"A","date":"2018-04-03T05:42:00.000Z","volume":4000,"label":" ","price":2.29},{"type":"A","date":"2018-04-03T05:42:10.000Z","volume":1000,"label":" ","price":2.3},{"type":"A","date":"2018-04-03T05:42:52.000Z","volume":2000,"label":" ","price":2.3},{"type":"U","date":"2018-04-03T05:43:43.000Z","volume":1000,"label":"X","price":2.29},{"type":"U","date":"2018-04-03T05:43:43.000Z","volume":3000,"label":"X","price":2.29},{"type":"A","date":"2018-04-03T05:44:17.000Z","volume":1000,"label":" ","price":2.3},{"type":"B","date":"2018-04-03T05:45:42.000Z","volume":100000,"label":" ","price":2.29},{"type":"U","date":"2018-04-03T05:45:43.000Z","volume":2000,"label":"X","price":2.29},{"type":"A","date":"2018-04-03T05:45:52.000Z","volume":9000,"label":" ","price":2.3},{"type":"B","date":"2018-04-03T05:46:49.000Z","volume":8000,"label":" ","price":2.29},{"type":"A","date":"2018-04-03T05:46:54.000Z","volume":1000,"label":" ","price":2.3},{"type":"A","date":"2018-04-03T05:46:54.000Z","volume":1000,"label":" ","price":2.3},{"type":"B","date":"2018-04-03T05:49:52.000Z","volume":50000,"label":" ","price":2.29},{"type":"A","date":"2018-04-03T05:50:00.000Z","volume":5000,"label":" ","price":2.3},{"type":"A","date":"2018-04-03T05:51:03.000Z","volume":1000,"label":" ","price":2.3},{"type":"A","date":"2018-04-03T05:51:12.000Z","volume":10000,"label":" ","price":2.3},{"type":"A","date":"2018-04-03T05:51:12.000Z","volume":2000,"label":" ","price":2.3},{"type":"A","date":"2018-04-03T05:51:38.000Z","volume":1000,"label":" ","price":2.3},{"type":"A","date":"2018-04-03T05:53:42.000Z","volume":1000,"label":" ","price":2.3},{"type":"B","date":"2018-04-03T05:55:34.000Z","volume":8000,"label":" ","price":2.29},{"type":"A","date":"2018-04-03T05:55:35.000Z","volume":48000,"label":" ","price":2.3},{"type":"A","date":"2018-04-03T05:55:35.000Z","volume":6000,"label":" ","price":2.3},{"type":"U","date":"2018-04-03T05:55:43.000Z","volume":1000,"label":"X","price":2.293},{"type":"U","date":"2018-04-03T05:55:43.000Z","volume":4000,"label":"X","price":2.293},{"type":"A","date":"2018-04-03T05:56:07.000Z","volume":1000,"label":" ","price":2.3},{"type":"U","date":"2018-04-03T05:56:43.000Z","volume":1000,"label":"X","price":2.3},{"type":"A","date":"2018-04-03T05:58:26.000Z","volume":1000,"label":" ","price":2.3},{"type":"A","date":"2018-04-03T06:00:38.000Z","volume":1000,"label":" ","price":2.3},{"type":"A","date":"2018-04-03T06:00:51.000Z","volume":1000,"label":" ","price":2.3},{"type":"A","date":"2018-04-03T06:00:51.000Z","volume":1000,"label":" ","price":2.3},{"type":"A","date":"2018-04-03T06:02:48.000Z","volume":1000,"label":" ","price":2.3},{"type":"A","date":"2018-04-03T06:02:54.000Z","volume":1000,"label":" ","price":2.3},{"type":"A","date":"2018-04-03T06:02:59.000Z","volume":1000,"label":" ","price":2.3},{"type":"U","date":"2018-04-03T06:03:03.000Z","volume":1000,"label":"X","price":2.3},{"type":"U","date":"2018-04-03T06:03:03.000Z","volume":4000,"label":"X","price":2.3},{"type":"A","date":"2018-04-03T06:03:09.000Z","volume":1000,"label":" ","price":2.3},{"type":"A","date":"2018-04-03T06:03:19.000Z","volume":1000,"label":" ","price":2.3},{"type":"A","date":"2018-04-03T06:03:29.000Z","volume":1000,"label":" ","price":2.3},{"type":"A","date":"2018-04-03T06:03:30.000Z","volume":1000,"label":" ","price":2.3},{"type":"B","date":"2018-04-03T06:03:34.000Z","volume":8000,"label":" ","price":2.29},{"type":"A","date":"2018-04-03T06:03:34.000Z","volume":1000,"label":" ","price":2.3},{"type":"A","date":"2018-04-03T06:03:34.000Z","volume":1000,"label":" ","price":2.3},{"type":"A","date":"2018-04-03T06:03:50.000Z","volume":1000,"label":" ","price":2.3},{"type":"A","date":"2018-04-03T06:04:02.000Z","volume":1000,"label":" ","price":2.3},{"type":"A","date":"2018-04-03T06:04:02.000Z","volume":1000,"label":" ","price":2.3},{"type":"A","date":"2018-04-03T06:04:13.000Z","volume":1000,"label":" ","price":2.3},{"type":"A","date":"2018-04-03T06:04:21.000Z","volume":1000,"label":" ","price":2.3},{"type":"A","date":"2018-04-03T06:04:32.000Z","volume":1000,"label":" ","price":2.3},{"type":"A","date":"2018-04-03T06:05:20.000Z","volume":1000,"label":" ","price":2.3},{"type":"A","date":"2018-04-03T06:05:32.000Z","volume":1000,"label":" ","price":2.3},{"type":"A","date":"2018-04-03T06:05:35.000Z","volume":1000,"label":" ","price":2.3},{"type":"A","date":"2018-04-03T06:06:09.000Z","volume":1000,"label":" ","price":2.3},{"type":"U","date":"2018-04-03T06:06:43.000Z","volume":1000,"label":"X","price":2.297},{"type":"U","date":"2018-04-03T06:06:43.000Z","volume":4000,"label":"X","price":2.297},{"type":"A","date":"2018-04-03T06:07:55.000Z","volume":1000,"label":" ","price":2.3},{"type":"A","date":"2018-04-03T06:09:32.000Z","volume":1000,"label":" ","price":2.3},{"type":"A","date":"2018-04-03T06:09:32.000Z","volume":1000,"label":" ","price":2.3},{"type":"B","date":"2018-04-03T06:10:15.000Z","volume":2000,"label":" ","price":2.29},{"type":"A","date":"2018-04-03T06:10:18.000Z","volume":1000,"label":" ","price":2.3},{"type":"A","date":"2018-04-03T06:11:20.000Z","volume":5000,"label":" ","price":2.3},{"type":"A","date":"2018-04-03T06:11:23.000Z","volume":1000,"label":" ","price":2.3},{"type":"A","date":"2018-04-03T06:11:23.000Z","volume":1000,"label":" ","price":2.3},{"type":"U","date":"2018-04-03T06:11:43.000Z","volume":1000,"label":"X","price":2.298},{"type":"U","date":"2018-04-03T06:11:43.000Z","volume":2000,"label":"X","price":2.298},{"type":"B","date":"2018-04-03T06:12:04.000Z","volume":8000,"label":" ","price":2.29},{"type":"A","date":"2018-04-03T06:12:07.000Z","volume":1000,"label":" ","price":2.3},{"type":"A","date":"2018-04-03T06:12:07.000Z","volume":1000,"label":" ","price":2.3},{"type":"A","date":"2018-04-03T06:12:40.000Z","volume":1000,"label":" ","price":2.3},{"type":"U","date":"2018-04-03T06:12:43.000Z","volume":1000,"label":"X","price":2.293},{"type":"A","date":"2018-04-03T06:13:58.000Z","volume":1000,"label":" ","price":2.3},{"type":"A","date":"2018-04-03T06:14:44.000Z","volume":1000,"label":" ","price":2.3},{"type":"A","date":"2018-04-03T06:15:19.000Z","volume":1000,"label":" ","price":2.3},{"type":"A","date":"2018-04-03T06:17:16.000Z","volume":1000,"label":" ","price":2.3},{"type":"A","date":"2018-04-03T06:17:18.000Z","volume":1000,"label":" ","price":2.3},{"type":"A","date":"2018-04-03T06:17:25.000Z","volume":1000,"label":" ","price":2.3},{"type":"U","date":"2018-04-03T06:17:51.000Z","volume":1000,"label":"X","price":2.3},{"type":"U","date":"2018-04-03T06:17:51.000Z","volume":2000,"label":"X","price":2.3},{"type":"A","date":"2018-04-03T06:19:35.000Z","volume":1000,"label":" ","price":2.3},{"type":"B","date":"2018-04-03T06:19:36.000Z","volume":5000,"label":" ","price":2.29},{"type":"A","date":"2018-04-03T06:19:44.000Z","volume":1000,"label":" ","price":2.3},{"type":"B","date":"2018-04-03T06:21:19.000Z","volume":7000,"label":" ","price":2.29},{"type":"A","date":"2018-04-03T06:21:21.000Z","volume":1000,"label":" ","price":2.3},{"type":"A","date":"2018-04-03T06:21:42.000Z","volume":14000,"label":" ","price":2.3},{"type":"A","date":"2018-04-03T06:21:42.000Z","volume":2000,"label":" ","price":2.3},{"type":"A","date":"2018-04-03T06:22:02.000Z","volume":4000,"label":" ","price":2.3},{"type":"A","date":"2018-04-03T06:22:02.000Z","volume":1000,"label":" ","price":2.3},{"type":"A","date":"2018-04-03T06:22:06.000Z","volume":1000,"label":" ","price":2.3},{"type":"A","date":"2018-04-03T06:22:06.000Z","volume":1000,"label":" ","price":2.3},{"type":"A","date":"2018-04-03T06:22:10.000Z","volume":1000,"label":" ","price":2.3},{"type":"A","date":"2018-04-03T06:22:40.000Z","volume":30000,"label":" ","price":2.3},{"type":"A","date":"2018-04-03T06:22:40.000Z","volume":4000,"label":" ","price":2.3},{"type":"A","date":"2018-04-03T06:22:42.000Z","volume":3000,"label":" ","price":2.3},{"type":"A","date":"2018-04-03T06:24:11.000Z","volume":1000,"label":" ","price":2.3},{"type":"A","date":"2018-04-03T06:24:41.000Z","volume":1000,"label":" ","price":2.3},{"type":"A","date":"2018-04-03T06:24:43.000Z","volume":1000,"label":" ","price":2.3},{"type":"A","date":"2018-04-03T06:24:46.000Z","volume":1000,"label":" ","price":2.3},{"type":"B","date":"2018-04-03T06:24:56.000Z","volume":10000,"label":" ","price":2.29},{"type":"A","date":"2018-04-03T06:24:57.000Z","volume":1000,"label":" ","price":2.3},{"type":"A","date":"2018-04-03T06:26:53.000Z","volume":1000,"label":" ","price":2.3},{"type":"B","date":"2018-04-03T06:27:14.000Z","volume":4000,"label":" ","price":2.29},{"type":"A","date":"2018-04-03T06:27:23.000Z","volume":1000,"label":" ","price":2.3},{"type":"B","date":"2018-04-03T06:28:17.000Z","volume":5000,"label":" ","price":2.29},{"type":"U","date":"2018-04-03T06:28:23.000Z","volume":1000,"label":"X","price":2.297},{"type":"B","date":"2018-04-03T06:29:13.000Z","volume":13000,"label":" ","price":2.29},{"type":"A","date":"2018-04-03T06:31:18.000Z","volume":1000,"label":" ","price":2.3},{"type":"A","date":"2018-04-03T06:31:18.000Z","volume":3000,"label":" ","price":2.3},{"type":"B","date":"2018-04-03T06:31:26.000Z","volume":10000,"label":" ","price":2.29},{"type":"A","date":"2018-04-03T06:31:28.000Z","volume":1000,"label":" ","price":2.3},{"type":"U","date":"2018-04-03T06:32:23.000Z","volume":2000,"label":"X","price":2.293},{"type":"A","date":"2018-04-03T06:33:58.000Z","volume":1000,"label":" ","price":2.3},{"type":"B","date":"2018-04-03T06:34:22.000Z","volume":50000,"label":" ","price":2.29},{"type":"A","date":"2018-04-03T06:34:23.000Z","volume":6000,"label":" ","price":2.3},{"type":"U","date":"2018-04-03T06:34:36.000Z","volume":1000,"label":"X","price":2.291},{"type":"U","date":"2018-04-03T06:34:36.000Z","volume":1000,"label":"X","price":2.291},{"type":"A","date":"2018-04-03T06:36:01.000Z","volume":1000,"label":" ","price":2.3},{"type":"A","date":"2018-04-03T06:36:38.000Z","volume":1000,"label":" ","price":2.3},{"type":"U","date":"2018-04-03T06:37:53.000Z","volume":4000,"label":"X","price":2.295},{"type":"A","date":"2018-04-03T06:38:42.000Z","volume":1000,"label":" ","price":2.3},{"type":"A","date":"2018-04-03T06:38:50.000Z","volume":30000,"label":" ","price":2.3},{"type":"A","date":"2018-04-03T06:38:50.000Z","volume":4000,"label":" ","price":2.3},{"type":"A","date":"2018-04-03T06:39:49.000Z","volume":10000,"label":" ","price":2.3},{"type":"A","date":"2018-04-03T06:39:49.000Z","volume":1000,"label":" ","price":2.3},{"type":"A","date":"2018-04-03T06:41:03.000Z","volume":1000,"label":" ","price":2.3},{"type":"A","date":"2018-04-03T06:41:48.000Z","volume":134000,"label":" ","price":2.3},{"type":"A","date":"2018-04-03T06:41:48.000Z","volume":15000,"label":" ","price":2.3},{"type":"A","date":"2018-04-03T06:41:48.000Z","volume":8000,"label":" ","price":2.3},{"type":"A","date":"2018-04-03T06:41:48.000Z","volume":29000,"label":" ","price":2.3},{"type":"A","date":"2018-04-03T06:41:48.000Z","volume":3000,"label":" ","price":2.3},{"type":"A","date":"2018-04-03T06:41:48.000Z","volume":3000,"label":" ","price":2.3},{"type":"A","date":"2018-04-03T06:41:48.000Z","volume":4000,"label":" ","price":2.3},{"type":"A","date":"2018-04-03T06:41:48.000Z","volume":2000,"label":"Y","price":2.3},{"type":"A","date":"2018-04-03T06:41:48.000Z","volume":161000,"label":" ","price":2.3},{"type":"A","date":"2018-04-03T06:41:48.000Z","volume":14000,"label":"Y","price":2.3},{"type":"A","date":"2018-04-03T06:41:48.000Z","volume":72000,"label":" ","price":2.3},{"type":"A","date":"2018-04-03T06:41:48.000Z","volume":19000,"label":" ","price":2.31},{"type":"A","date":"2018-04-03T06:41:48.000Z","volume":9000,"label":" ","price":2.31},{"type":"A","date":"2018-04-03T06:41:48.000Z","volume":25000,"label":" ","price":2.31},{"type":"A","date":"2018-04-03T06:41:48.000Z","volume":2000,"label":" ","price":2.31},{"type":"A","date":"2018-04-03T06:41:48.000Z","volume":4000,"label":" ","price":2.31},{"type":"A","date":"2018-04-03T06:41:48.000Z","volume":2000,"label":" ","price":2.31},{"type":"A","date":"2018-04-03T06:41:48.000Z","volume":4000,"label":" ","price":2.31},{"type":"A","date":"2018-04-03T06:41:48.000Z","volume":1000,"label":" ","price":2.31},{"type":"A","date":"2018-04-03T06:41:48.000Z","volume":2000,"label":" ","price":2.31},{"type":"A","date":"2018-04-03T06:41:49.000Z","volume":3000,"label":"Y","price":2.31},{"type":"A","date":"2018-04-03T06:41:49.000Z","volume":2000,"label":" ","price":2.31},{"type":"U","date":"2018-04-03T06:41:49.000Z","volume":4000,"label":"X","price":2.31},{"type":"A","date":"2018-04-03T06:41:49.000Z","volume":1000,"label":" ","price":2.31},{"type":"A","date":"2018-04-03T06:41:50.000Z","volume":46000,"label":" ","price":2.31},{"type":"A","date":"2018-04-03T06:41:50.000Z","volume":5000,"label":" ","price":2.31},{"type":"A","date":"2018-04-03T06:41:50.000Z","volume":6000,"label":" ","price":2.31},{"type":"A","date":"2018-04-03T06:41:50.000Z","volume":1000,"label":" ","price":2.31},{"type":"A","date":"2018-04-03T06:41:53.000Z","volume":6000,"label":" ","price":2.31},{"type":"A","date":"2018-04-03T06:41:53.000Z","volume":4000,"label":" ","price":2.31},{"type":"A","date":"2018-04-03T06:41:54.000Z","volume":3000,"label":" ","price":2.31},{"type":"A","date":"2018-04-03T06:41:54.000Z","volume":2000,"label":" ","price":2.31},{"type":"A","date":"2018-04-03T06:41:55.000Z","volume":1000,"label":" ","price":2.31},{"type":"A","date":"2018-04-03T06:41:55.000Z","volume":4000,"label":" ","price":2.31},{"type":"A","date":"2018-04-03T06:41:55.000Z","volume":9000,"label":" ","price":2.31},{"type":"A","date":"2018-04-03T06:41:55.000Z","volume":2000,"label":" ","price":2.31},{"type":"A","date":"2018-04-03T06:41:55.000Z","volume":5000,"label":" ","price":2.31},{"type":"A","date":"2018-04-03T06:41:55.000Z","volume":19000,"label":" ","price":2.31},{"type":"A","date":"2018-04-03T06:41:55.000Z","volume":3000,"label":" ","price":2.31},{"type":"A","date":"2018-04-03T06:41:55.000Z","volume":33000,"label":" ","price":2.31},{"type":"A","date":"2018-04-03T06:41:56.000Z","volume":20000,"label":" ","price":2.31},{"type":"A","date":"2018-04-03T06:41:56.000Z","volume":16000,"label":" ","price":2.31},{"type":"A","date":"2018-04-03T06:41:56.000Z","volume":25000,"label":" ","price":2.31},{"type":"A","date":"2018-04-03T06:41:56.000Z","volume":6000,"label":" ","price":2.31},{"type":"A","date":"2018-04-03T06:41:56.000Z","volume":5000,"label":" ","price":2.31},{"type":"A","date":"2018-04-03T06:41:56.000Z","volume":25000,"label":" ","price":2.31},{"type":"A","date":"2018-04-03T06:41:56.000Z","volume":4000,"label":" ","price":2.31},{"type":"A","date":"2018-04-03T06:41:56.000Z","volume":20000,"label":" ","price":2.31},{"type":"A","date":"2018-04-03T06:41:56.000Z","volume":2000,"label":" ","price":2.31},{"type":"A","date":"2018-04-03T06:41:56.000Z","volume":16000,"label":" ","price":2.31},{"type":"A","date":"2018-04-03T06:41:56.000Z","volume":2000,"label":" ","price":2.31},{"type":"A","date":"2018-04-03T06:41:56.000Z","volume":12000,"label":" ","price":2.31},{"type":"A","date":"2018-04-03T06:41:56.000Z","volume":2000,"label":" ","price":2.31},{"type":"A","date":"2018-04-03T06:41:56.000Z","volume":9000,"label":" ","price":2.31},{"type":"A","date":"2018-04-03T06:41:56.000Z","volume":8000,"label":" ","price":2.31},{"type":"A","date":"2018-04-03T06:41:56.000Z","volume":2000,"label":" ","price":2.31},{"type":"A","date":"2018-04-03T06:41:56.000Z","volume":6000,"label":" ","price":2.31},{"type":"A","date":"2018-04-03T06:41:56.000Z","volume":6000,"label":" ","price":2.31},{"type":"A","date":"2018-04-03T06:41:58.000Z","volume":24000,"label":" ","price":2.31},{"type":"A","date":"2018-04-03T06:41:58.000Z","volume":14000,"label":" ","price":2.31},{"type":"A","date":"2018-04-03T06:41:58.000Z","volume":1000,"label":" ","price":2.31},{"type":"A","date":"2018-04-03T06:41:58.000Z","volume":6000,"label":" ","price":2.31},{"type":"A","date":"2018-04-03T06:41:58.000Z","volume":15000,"label":" ","price":2.31},{"type":"A","date":"2018-04-03T06:41:58.000Z","volume":2000,"label":" ","price":2.31},{"type":"A","date":"2018-04-03T06:41:58.000Z","volume":26000,"label":" ","price":2.31},{"type":"A","date":"2018-04-03T06:41:59.000Z","volume":4000,"label":" ","price":2.31},{"type":"A","date":"2018-04-03T06:41:59.000Z","volume":29000,"label":" ","price":2.31},{"type":"A","date":"2018-04-03T06:41:59.000Z","volume":3000,"label":" ","price":2.31},{"type":"A","date":"2018-04-03T06:41:59.000Z","volume":1000,"label":"Y","price":2.31},{"type":"A","date":"2018-04-03T06:41:59.000Z","volume":4000,"label":" ","price":2.32},{"type":"A","date":"2018-04-03T06:42:01.000Z","volume":15000,"label":" ","price":2.32},{"type":"A","date":"2018-04-03T06:42:01.000Z","volume":2000,"label":" ","price":2.32},{"type":"A","date":"2018-04-03T06:42:04.000Z","volume":5000,"label":" ","price":2.32},{"type":"U","date":"2018-04-03T06:42:05.000Z","volume":11000,"label":"X","price":2.3},{"type":"U","date":"2018-04-03T06:42:05.000Z","volume":1000,"label":"X","price":2.305},{"type":"A","date":"2018-04-03T06:42:13.000Z","volume":34000,"label":" ","price":2.32},{"type":"A","date":"2018-04-03T06:42:13.000Z","volume":5000,"label":" ","price":2.32},{"type":"A","date":"2018-04-03T06:42:14.000Z","volume":6000,"label":" ","price":2.32},{"type":"U","date":"2018-04-03T06:42:15.000Z","volume":4000,"label":"X","price":2.306},{"type":"B","date":"2018-04-03T06:42:15.000Z","volume":5000,"label":" ","price":2.31},{"type":"A","date":"2018-04-03T06:42:17.000Z","volume":5000,"label":" ","price":2.32},{"type":"A","date":"2018-04-03T06:42:17.000Z","volume":2000,"label":" ","price":2.32},{"type":"A","date":"2018-04-03T06:42:24.000Z","volume":4000,"label":" ","price":2.32},{"type":"A","date":"2018-04-03T06:42:54.000Z","volume":4000,"label":" ","price":2.32},{"type":"B","date":"2018-04-03T06:43:04.000Z","volume":1000,"label":" ","price":2.31},{"type":"A","date":"2018-04-03T06:43:05.000Z","volume":5000,"label":" ","price":2.32},{"type":"A","date":"2018-04-03T06:43:07.000Z","volume":2000,"label":" ","price":2.32},{"type":"B","date":"2018-04-03T06:43:24.000Z","volume":2000,"label":" ","price":2.31},{"type":"A","date":"2018-04-03T06:43:25.000Z","volume":4000,"label":" ","price":2.32},{"type":"A","date":"2018-04-03T06:43:32.000Z","volume":5000,"label":" ","price":2.32},{"type":"A","date":"2018-04-03T06:43:41.000Z","volume":5000,"label":" ","price":2.32},{"type":"A","date":"2018-04-03T06:43:41.000Z","volume":2000,"label":" ","price":2.32},{"type":"A","date":"2018-04-03T06:43:42.000Z","volume":4000,"label":" ","price":2.32},{"type":"B","date":"2018-04-03T06:43:44.000Z","volume":2000,"label":" ","price":2.31},{"type":"A","date":"2018-04-03T06:44:01.000Z","volume":1000,"label":" ","price":2.32},{"type":"B","date":"2018-04-03T06:44:03.000Z","volume":2000,"label":" ","price":2.31},{"type":"B","date":"2018-04-03T06:44:24.000Z","volume":2000,"label":" ","price":2.31},{"type":"B","date":"2018-04-03T06:44:38.000Z","volume":1000,"label":" ","price":2.31},{"type":"B","date":"2018-04-03T06:44:48.000Z","volume":1000,"label":" ","price":2.31},{"type":"A","date":"2018-04-03T06:44:58.000Z","volume":42000,"label":" ","price":2.32},{"type":"B","date":"2018-04-03T06:44:58.000Z","volume":1000,"label":" ","price":2.31},{"type":"A","date":"2018-04-03T06:44:59.000Z","volume":6000,"label":" ","price":2.32},{"type":"A","date":"2018-04-03T06:44:59.000Z","volume":7000,"label":" ","price":2.32},{"type":"A","date":"2018-04-03T06:44:59.000Z","volume":2000,"label":" ","price":2.32},{"type":"A","date":"2018-04-03T06:45:02.000Z","volume":5000,"label":" ","price":2.32},{"type":"A","date":"2018-04-03T06:45:11.000Z","volume":5000,"label":" ","price":2.32},{"type":"A","date":"2018-04-03T06:45:30.000Z","volume":1000,"label":" ","price":2.32},{"type":"A","date":"2018-04-03T06:46:00.000Z","volume":2000,"label":" ","price":2.32},{"type":"A","date":"2018-04-03T06:46:07.000Z","volume":1000,"label":" ","price":2.32},{"type":"A","date":"2018-04-03T06:48:09.000Z","volume":1000,"label":" ","price":2.32},{"type":"A","date":"2018-04-03T06:49:03.000Z","volume":4000,"label":" ","price":2.32},{"type":"A","date":"2018-04-03T06:49:03.000Z","volume":1000,"label":" ","price":2.32},{"type":"A","date":"2018-04-03T06:49:03.000Z","volume":2000,"label":" ","price":2.32},{"type":"A","date":"2018-04-03T06:50:33.000Z","volume":35000,"label":" ","price":2.32},{"type":"A","date":"2018-04-03T06:50:33.000Z","volume":4000,"label":" ","price":2.32},{"type":"A","date":"2018-04-03T06:50:33.000Z","volume":1000,"label":" ","price":2.32},{"type":"A","date":"2018-04-03T06:50:33.000Z","volume":4000,"label":" ","price":2.32},{"type":"A","date":"2018-04-03T06:50:35.000Z","volume":6000,"label":" ","price":2.32},{"type":"A","date":"2018-04-03T06:50:35.000Z","volume":1000,"label":" ","price":2.32},{"type":"A","date":"2018-04-03T06:50:35.000Z","volume":2000,"label":" ","price":2.32},{"type":"A","date":"2018-04-03T06:50:37.000Z","volume":6000,"label":" ","price":2.32},{"type":"A","date":"2018-04-03T06:50:37.000Z","volume":1000,"label":" ","price":2.32},{"type":"A","date":"2018-04-03T06:50:38.000Z","volume":4000,"label":" ","price":2.32},{"type":"A","date":"2018-04-03T06:52:55.000Z","volume":1000,"label":" ","price":2.32},{"type":"U","date":"2018-04-03T06:53:49.000Z","volume":1000,"label":"X","price":2.32},{"type":"A","date":"2018-04-03T06:53:55.000Z","volume":2000,"label":" ","price":2.32},{"type":"A","date":"2018-04-03T06:53:55.000Z","volume":1000,"label":" ","price":2.32},{"type":"A","date":"2018-04-03T06:53:56.000Z","volume":2000,"label":" ","price":2.32},{"type":"A","date":"2018-04-03T06:54:34.000Z","volume":1000,"label":" ","price":2.32},{"type":"A","date":"2018-04-03T06:55:17.000Z","volume":1000,"label":" ","price":2.32},{"type":"A","date":"2018-04-03T06:55:18.000Z","volume":3000,"label":" ","price":2.32},{"type":"A","date":"2018-04-03T06:55:33.000Z","volume":40000,"label":" ","price":2.32},{"type":"A","date":"2018-04-03T06:55:33.000Z","volume":5000,"label":" ","price":2.32},{"type":"A","date":"2018-04-03T06:55:33.000Z","volume":5000,"label":" ","price":2.32},{"type":"A","date":"2018-04-03T06:55:33.000Z","volume":7000,"label":" ","price":2.32},{"type":"A","date":"2018-04-03T06:55:33.000Z","volume":1000,"label":" ","price":2.32},{"type":"A","date":"2018-04-03T06:55:33.000Z","volume":2000,"label":" ","price":2.32},{"type":"A","date":"2018-04-03T06:55:36.000Z","volume":4000,"label":" ","price":2.32},{"type":"A","date":"2018-04-03T06:55:36.000Z","volume":1000,"label":" ","price":2.32},{"type":"A","date":"2018-04-03T06:57:22.000Z","volume":1000,"label":" ","price":2.32},{"type":"A","date":"2018-04-03T06:57:32.000Z","volume":1000,"label":" ","price":2.32},{"type":"A","date":"2018-04-03T06:57:58.000Z","volume":1000,"label":" ","price":2.32},{"type":"B","date":"2018-04-03T06:58:17.000Z","volume":50000,"label":" ","price":2.31},{"type":"A","date":"2018-04-03T07:00:00.000Z","volume":1000,"label":" ","price":2.32},{"type":"A","date":"2018-04-03T07:00:20.000Z","volume":1000,"label":" ","price":2.32},{"type":"A","date":"2018-04-03T07:01:03.000Z","volume":25000,"label":" ","price":2.32},{"type":"A","date":"2018-04-03T07:02:24.000Z","volume":1000,"label":" ","price":2.32},{"type":"A","date":"2018-04-03T07:02:44.000Z","volume":2000,"label":" ","price":2.32},{"type":"A","date":"2018-04-03T07:02:45.000Z","volume":2000,"label":" ","price":2.32},{"type":"A","date":"2018-04-03T07:02:56.000Z","volume":4000,"label":" ","price":2.32},{"type":"U","date":"2018-04-03T07:03:49.000Z","volume":2000,"label":"X","price":2.317},{"type":"U","date":"2018-04-03T07:03:49.000Z","volume":2000,"label":"X","price":2.317},{"type":"A","date":"2018-04-03T07:04:00.000Z","volume":83000,"label":" ","price":2.32},{"type":"A","date":"2018-04-03T07:04:01.000Z","volume":2000,"label":"Y","price":2.32},{"type":"A","date":"2018-04-03T07:04:01.000Z","volume":7000,"label":" ","price":2.32},{"type":"A","date":"2018-04-03T07:04:02.000Z","volume":12000,"label":" ","price":2.32},{"type":"A","date":"2018-04-03T07:04:02.000Z","volume":3000,"label":" ","price":2.32},{"type":"A","date":"2018-04-03T07:04:05.000Z","volume":5000,"label":" ","price":2.32},{"type":"A","date":"2018-04-03T07:04:33.000Z","volume":40000,"label":" ","price":2.32},{"type":"A","date":"2018-04-03T07:04:34.000Z","volume":5000,"label":" ","price":2.32},{"type":"A","date":"2018-04-03T07:04:34.000Z","volume":5000,"label":" ","price":2.32},{"type":"U","date":"2018-04-03T07:04:37.000Z","volume":1000,"label":"X","price":2.32},{"type":"A","date":"2018-04-03T07:04:45.000Z","volume":1000,"label":" ","price":2.32},{"type":"A","date":"2018-04-03T07:05:25.000Z","volume":1000,"label":" ","price":2.32},{"type":"A","date":"2018-04-03T07:05:44.000Z","volume":3000,"label":" ","price":2.32},{"type":"A","date":"2018-04-03T07:05:45.000Z","volume":1000,"label":"Y","price":2.32},{"type":"A","date":"2018-04-03T07:05:45.000Z","volume":1000,"label":" ","price":2.32},{"type":"A","date":"2018-04-03T07:07:10.000Z","volume":1000,"label":" ","price":2.32},{"type":"A","date":"2018-04-03T07:07:33.000Z","volume":1000,"label":" ","price":2.32},{"type":"A","date":"2018-04-03T07:09:20.000Z","volume":1000,"label":" ","price":2.32},{"type":"U","date":"2018-04-03T07:09:37.000Z","volume":1000,"label":"X","price":2.32},{"type":"A","date":"2018-04-03T07:09:42.000Z","volume":1000,"label":" ","price":2.32},{"type":"U","date":"2018-04-03T07:09:53.000Z","volume":7000,"label":"X","price":2.32},{"type":"A","date":"2018-04-03T07:10:22.000Z","volume":1000,"label":" ","price":2.32},{"type":"B","date":"2018-04-03T07:10:32.000Z","volume":10000,"label":" ","price":2.31},{"type":"B","date":"2018-04-03T07:10:32.000Z","volume":7000,"label":" ","price":2.31},{"type":"A","date":"2018-04-03T07:10:37.000Z","volume":2000,"label":" ","price":2.32},{"type":"A","date":"2018-04-03T07:11:12.000Z","volume":1000,"label":" ","price":2.32},{"type":"B","date":"2018-04-03T07:12:00.000Z","volume":1000,"label":" ","price":2.31},{"type":"A","date":"2018-04-03T07:12:06.000Z","volume":1000,"label":" ","price":2.32},{"type":"A","date":"2018-04-03T07:14:04.000Z","volume":2000,"label":" ","price":2.32},{"type":"A","date":"2018-04-03T07:14:04.000Z","volume":1000,"label":" ","price":2.32},{"type":"A","date":"2018-04-03T07:14:14.000Z","volume":1000,"label":" ","price":2.32},{"type":"U","date":"2018-04-03T07:14:37.000Z","volume":6000,"label":"X","price":2.314},{"type":"B","date":"2018-04-03T07:15:23.000Z","volume":33000,"label":" ","price":2.31},{"type":"A","date":"2018-04-03T07:15:30.000Z","volume":3000,"label":" ","price":2.32},{"type":"A","date":"2018-04-03T07:16:55.000Z","volume":1000,"label":" ","price":2.32},{"type":"A","date":"2018-04-03T07:16:55.000Z","volume":1000,"label":" ","price":2.32},{"type":"B","date":"2018-04-03T07:17:00.000Z","volume":1000,"label":" ","price":2.31},{"type":"A","date":"2018-04-03T07:19:00.000Z","volume":1000,"label":" ","price":2.32},{"type":"A","date":"2018-04-03T07:19:24.000Z","volume":1000,"label":" ","price":2.32},{"type":"U","date":"2018-04-03T07:19:37.000Z","volume":1000,"label":"X","price":2.312},{"type":"A","date":"2018-04-03T07:19:37.000Z","volume":1000,"label":" ","price":2.32},{"type":"B","date":"2018-04-03T07:20:32.000Z","volume":7000,"label":" ","price":2.31},{"type":"B","date":"2018-04-03T07:20:32.000Z","volume":8000,"label":" ","price":2.31},{"type":"A","date":"2018-04-03T07:20:32.000Z","volume":1000,"label":" ","price":2.32},{"type":"A","date":"2018-04-03T07:20:32.000Z","volume":1000,"label":" ","price":2.32},{"type":"B","date":"2018-04-03T07:20:32.000Z","volume":7000,"label":" ","price":2.31},{"type":"B","date":"2018-04-03T07:20:32.000Z","volume":8000,"label":" ","price":2.31},{"type":"A","date":"2018-04-03T07:20:34.000Z","volume":1000,"label":" ","price":2.32},{"type":"A","date":"2018-04-03T07:21:33.000Z","volume":1000,"label":" ","price":2.32},{"type":"A","date":"2018-04-03T07:21:40.000Z","volume":50000,"label":" ","price":2.32},{"type":"A","date":"2018-04-03T07:21:40.000Z","volume":6000,"label":" ","price":2.32},{"type":"B","date":"2018-04-03T07:21:40.000Z","volume":1000,"label":" ","price":2.31},{"type":"A","date":"2018-04-03T07:22:55.000Z","volume":18000,"label":" ","price":2.32},{"type":"A","date":"2018-04-03T07:22:55.000Z","volume":2000,"label":" ","price":2.32},{"type":"A","date":"2018-04-03T07:23:42.000Z","volume":1000,"label":" ","price":2.32},{"type":"U","date":"2018-04-03T07:24:37.000Z","volume":5000,"label":"X","price":2.317},{"type":"A","date":"2018-04-03T07:26:05.000Z","volume":1000,"label":" ","price":2.32},{"type":"B","date":"2018-04-03T07:26:20.000Z","volume":1000,"label":" ","price":2.31},{"type":"U","date":"2018-04-03T07:26:37.000Z","volume":1000,"label":"X","price":2.315},{"type":"U","date":"2018-04-03T07:26:37.000Z","volume":1000,"label":"X","price":2.315},{"type":"B","date":"2018-04-03T07:26:56.000Z","volume":4000,"label":" ","price":2.31},{"type":"A","date":"2018-04-03T07:27:00.000Z","volume":1000,"label":" ","price":2.32},{"type":"U","date":"2018-04-03T07:27:06.000Z","volume":5000,"label":"X","price":2.315},{"type":"U","date":"2018-04-03T07:27:06.000Z","volume":9000,"label":"X","price":2.315},{"type":"U","date":"2018-04-03T07:27:06.000Z","volume":8000,"label":"X","price":2.315},{"type":"U","date":"2018-04-03T07:27:06.000Z","volume":14000,"label":"X","price":2.315},{"type":"A","date":"2018-04-03T07:28:01.000Z","volume":1000,"label":" ","price":2.32},{"type":"A","date":"2018-04-03T07:28:07.000Z","volume":1000,"label":" ","price":2.32},{"type":"A","date":"2018-04-03T07:28:43.000Z","volume":1000,"label":" ","price":2.32},{"type":"A","date":"2018-04-03T07:29:04.000Z","volume":4000,"label":" ","price":2.32},{"type":"A","date":"2018-04-03T07:29:04.000Z","volume":1000,"label":" ","price":2.32},{"type":"B","date":"2018-04-03T07:30:16.000Z","volume":2000,"label":"Y","price":2.31},{"type":"B","date":"2018-04-03T07:30:16.000Z","volume":1000,"label":" ","price":2.31},{"type":"B","date":"2018-04-03T07:30:24.000Z","volume":4000,"label":" ","price":2.31},{"type":"A","date":"2018-04-03T07:30:24.000Z","volume":1000,"label":" ","price":2.32},{"type":"A","date":"2018-04-03T07:30:24.000Z","volume":1000,"label":" ","price":2.32},{"type":"B","date":"2018-04-03T07:30:31.000Z","volume":4000,"label":"Y","price":2.31},{"type":"A","date":"2018-04-03T07:30:38.000Z","volume":1000,"label":" ","price":2.32},{"type":"A","date":"2018-04-03T07:30:46.000Z","volume":1000,"label":" ","price":2.32},{"type":"B","date":"2018-04-03T07:30:47.000Z","volume":1000,"label":" ","price":2.31},{"type":"U","date":"2018-04-03T07:31:37.000Z","volume":4000,"label":"X","price":2.314},{"type":"B","date":"2018-04-03T07:31:46.000Z","volume":2000,"label":" ","price":2.31},{"type":"A","date":"2018-04-03T07:32:00.000Z","volume":1000,"label":" ","price":2.32},{"type":"B","date":"2018-04-03T07:32:01.000Z","volume":1000,"label":"Y","price":2.31},{"type":"U","date":"2018-04-03T07:32:08.000Z","volume":1000,"label":"X","price":2.313},{"type":"B","date":"2018-04-03T07:33:00.000Z","volume":1000,"label":" ","price":2.31},{"type":"A","date":"2018-04-03T07:33:08.000Z","volume":1000,"label":" ","price":2.32},{"type":"B","date":"2018-04-03T07:33:16.000Z","volume":1000,"label":"Y","price":2.31},{"type":"A","date":"2018-04-03T07:33:36.000Z","volume":1000,"label":" ","price":2.32},{"type":"B","date":"2018-04-03T07:33:46.000Z","volume":1000,"label":"Y","price":2.31},{"type":"B","date":"2018-04-03T07:35:18.000Z","volume":2000,"label":" ","price":2.31},{"type":"B","date":"2018-04-03T07:35:29.000Z","volume":1000,"label":" ","price":2.31},{"type":"A","date":"2018-04-03T07:35:30.000Z","volume":1000,"label":" ","price":2.32},{"type":"B","date":"2018-04-03T07:35:31.000Z","volume":2000,"label":"Y","price":2.31},{"type":"A","date":"2018-04-03T07:35:33.000Z","volume":1000,"label":" ","price":2.32},{"type":"B","date":"2018-04-03T07:35:46.000Z","volume":1000,"label":" ","price":2.31},{"type":"A","date":"2018-04-03T07:36:15.000Z","volume":1000,"label":" ","price":2.32},{"type":"B","date":"2018-04-03T07:36:16.000Z","volume":1000,"label":" ","price":2.31},{"type":"A","date":"2018-04-03T07:37:52.000Z","volume":1000,"label":" ","price":2.32},{"type":"B","date":"2018-04-03T07:38:33.000Z","volume":20000,"label":" ","price":2.31},{"type":"A","date":"2018-04-03T07:38:35.000Z","volume":3000,"label":" ","price":2.32},{"type":"B","date":"2018-04-03T07:39:13.000Z","volume":11000,"label":" ","price":2.31},{"type":"B","date":"2018-04-03T07:39:16.000Z","volume":1000,"label":"Y","price":2.31},{"type":"B","date":"2018-04-03T07:39:16.000Z","volume":22000,"label":" ","price":2.31},{"type":"A","date":"2018-04-03T07:39:58.000Z","volume":1000,"label":" ","price":2.32},{"type":"B","date":"2018-04-03T07:40:01.000Z","volume":1000,"label":"Y","price":2.31},{"type":"B","date":"2018-04-03T07:40:02.000Z","volume":6000,"label":" ","price":2.31},{"type":"B","date":"2018-04-03T07:40:02.000Z","volume":7000,"label":" ","price":2.31},{"type":"B","date":"2018-04-03T07:40:07.000Z","volume":1000,"label":" ","price":2.31},{"type":"B","date":"2018-04-03T07:40:16.000Z","volume":7000,"label":"Y","price":2.31},{"type":"B","date":"2018-04-03T07:40:16.000Z","volume":2000,"label":" ","price":2.31},{"type":"B","date":"2018-04-03T07:40:25.000Z","volume":3000,"label":" ","price":2.31},{"type":"B","date":"2018-04-03T07:40:31.000Z","volume":2000,"label":" ","price":2.31},{"type":"B","date":"2018-04-03T07:40:40.000Z","volume":1000,"label":" ","price":2.31},{"type":"B","date":"2018-04-03T07:41:08.000Z","volume":709000,"label":" ","price":2.31},{"type":"B","date":"2018-04-03T07:41:08.000Z","volume":14000,"label":" ","price":2.31},{"type":"B","date":"2018-04-03T07:41:08.000Z","volume":1000,"label":" ","price":2.31},{"type":"A","date":"2018-04-03T07:41:08.000Z","volume":68000,"label":" ","price":2.32},{"type":"B","date":"2018-04-03T07:41:16.000Z","volume":19000,"label":" ","price":2.31},{"type":"B","date":"2018-04-03T07:41:16.000Z","volume":3000,"label":"Y","price":2.31},{"type":"B","date":"2018-04-03T07:41:16.000Z","volume":27000,"label":" ","price":2.31},{"type":"A","date":"2018-04-03T07:41:16.000Z","volume":2000,"label":" ","price":2.32},{"type":"B","date":"2018-04-03T07:41:16.000Z","volume":28000,"label":" ","price":2.31},{"type":"B","date":"2018-04-03T07:41:17.000Z","volume":2000,"label":" ","price":2.31},{"type":"B","date":"2018-04-03T07:41:17.000Z","volume":4000,"label":" ","price":2.31},{"type":"U","date":"2018-04-03T07:41:24.000Z","volume":6000,"label":"X","price":2.31},{"type":"B","date":"2018-04-03T07:41:31.000Z","volume":14000,"label":" ","price":2.3},{"type":"A","date":"2018-04-03T07:41:31.000Z","volume":1000,"label":" ","price":2.31},{"type":"B","date":"2018-04-03T07:41:46.000Z","volume":14000,"label":" ","price":2.3},{"type":"A","date":"2018-04-03T07:41:55.000Z","volume":2000,"label":" ","price":2.31},{"type":"B","date":"2018-04-03T07:42:01.000Z","volume":14000,"label":" ","price":2.3},{"type":"U","date":"2018-04-03T07:42:08.000Z","volume":1000,"label":"X","price":2.31},{"type":"U","date":"2018-04-03T07:42:08.000Z","volume":6000,"label":"X","price":2.31},{"type":"B","date":"2018-04-03T07:42:16.000Z","volume":43000,"label":" ","price":2.3},{"type":"A","date":"2018-04-03T07:42:25.000Z","volume":2000,"label":" ","price":2.31},{"type":"B","date":"2018-04-03T07:42:27.000Z","volume":4000,"label":" ","price":2.3},{"type":"B","date":"2018-04-03T07:42:45.000Z","volume":4000,"label":" ","price":2.3},{"type":"A","date":"2018-04-03T07:42:49.000Z","volume":1000,"label":" ","price":2.31},{"type":"B","date":"2018-04-03T07:43:03.000Z","volume":4000,"label":" ","price":2.3},{"type":"B","date":"2018-04-03T07:43:14.000Z","volume":3000,"label":" ","price":2.3},{"type":"B","date":"2018-04-03T07:43:29.000Z","volume":3000,"label":" ","price":2.3},{"type":"A","date":"2018-04-03T07:43:30.000Z","volume":1000,"label":" ","price":2.31},{"type":"B","date":"2018-04-03T07:43:39.000Z","volume":3000,"label":" ","price":2.3},{"type":"B","date":"2018-04-03T07:43:48.000Z","volume":2000,"label":" ","price":2.3},{"type":"B","date":"2018-04-03T07:43:58.000Z","volume":2000,"label":" ","price":2.3},{"type":"A","date":"2018-04-03T07:43:59.000Z","volume":1000,"label":" ","price":2.31},{"type":"B","date":"2018-04-03T07:44:09.000Z","volume":2000,"label":" ","price":2.3},{"type":"B","date":"2018-04-03T07:44:16.000Z","volume":23000,"label":" ","price":2.3},{"type":"A","date":"2018-04-03T07:44:19.000Z","volume":2000,"label":" ","price":2.31},{"type":"B","date":"2018-04-03T07:44:47.000Z","volume":2000,"label":" ","price":2.3},{"type":"B","date":"2018-04-03T07:44:57.000Z","volume":2000,"label":" ","price":2.3},{"type":"A","date":"2018-04-03T07:45:00.000Z","volume":1000,"label":" ","price":2.31},{"type":"B","date":"2018-04-03T07:45:04.000Z","volume":2000,"label":" ","price":2.3},{"type":"B","date":"2018-04-03T07:45:06.000Z","volume":2000,"label":" ","price":2.3},{"type":"B","date":"2018-04-03T07:45:09.000Z","volume":2000,"label":" ","price":2.3},{"type":"A","date":"2018-04-03T07:45:13.000Z","volume":1000,"label":" ","price":2.31},{"type":"B","date":"2018-04-03T07:45:15.000Z","volume":2000,"label":" ","price":2.3},{"type":"A","date":"2018-04-03T07:45:19.000Z","volume":1000,"label":" ","price":2.31},{"type":"B","date":"2018-04-03T07:45:21.000Z","volume":2000,"label":" ","price":2.3},{"type":"B","date":"2018-04-03T07:45:25.000Z","volume":1000,"label":" ","price":2.3},{"type":"B","date":"2018-04-03T07:45:31.000Z","volume":2000,"label":" ","price":2.3},{"type":"B","date":"2018-04-03T07:45:37.000Z","volume":2000,"label":" ","price":2.3},{"type":"B","date":"2018-04-03T07:45:42.000Z","volume":114000,"label":" ","price":2.3},{"type":"A","date":"2018-04-03T07:45:42.000Z","volume":1000,"label":" ","price":2.31}