[{"type":"B","date":"2018-04-11T01:33:55.000Z","volume":2000,"label":" ","price":4.22},{"type":"B","date":"2018-04-11T01:37:27.000Z","volume":3000,"label":" ","price":4.21},{"type":"B","date":"2018-04-11T01:37:55.000Z","volume":6000,"label":" ","price":4.21},{"type":"B","date":"2018-04-11T01:37:57.000Z","volume":1000,"label":" ","price":4.2},{"type":"B","date":"2018-04-11T01:37:58.000Z","volume":1000,"label":" ","price":4.2},{"type":"A","date":"2018-04-11T01:39:19.000Z","volume":30000,"label":" ","price":4.2},{"type":"A","date":"2018-04-11T01:39:24.000Z","volume":1000,"label":"Y","price":4.2},{"type":"A","date":"2018-04-11T01:40:28.000Z","volume":30000,"label":" ","price":4.15},{"type":"A","date":"2018-04-11T01:41:11.000Z","volume":6000,"label":" ","price":4.12},{"type":"A","date":"2018-04-11T01:41:27.000Z","volume":1000,"label":"Y","price":4.13},{"type":"A","date":"2018-04-11T01:41:27.000Z","volume":3000,"label":" ","price":4.13},{"type":"B","date":"2018-04-11T01:42:11.000Z","volume":1000,"label":" ","price":4.13},{"type":"A","date":"2018-04-11T01:42:14.000Z","volume":30000,"label":" ","price":4.13},{"type":"A","date":"2018-04-11T01:43:35.000Z","volume":18000,"label":" ","price":4.13},{"type":"A","date":"2018-04-11T01:43:40.000Z","volume":12000,"label":" ","price":4.13},{"type":"A","date":"2018-04-11T01:45:15.000Z","volume":28000,"label":" ","price":4.12},{"type":"A","date":"2018-04-11T01:45:20.000Z","volume":2000,"label":" ","price":4.12},{"type":"B","date":"2018-04-11T01:49:56.000Z","volume":1000,"label":" ","price":4.1},{"type":"B","date":"2018-04-11T01:54:03.000Z","volume":1000,"label":" ","price":4.1},{"type":"B","date":"2018-04-11T01:56:20.000Z","volume":1000,"label":" ","price":4.1},{"type":"B","date":"2018-04-11T01:57:00.000Z","volume":1000,"label":" ","price":4.1},{"type":"B","date":"2018-04-11T01:57:50.000Z","volume":1000,"label":" ","price":4.1},{"type":"B","date":"2018-04-11T01:58:38.000Z","volume":1000,"label":" ","price":4.1},{"type":"B","date":"2018-04-11T01:58:40.000Z","volume":1000,"label":" ","price":4.08},{"type":"B","date":"2018-04-11T01:58:55.000Z","volume":1000,"label":" ","price":4.08},{"type":"B","date":"2018-04-11T02:00:30.000Z","volume":1000,"label":" ","price":4.08},{"type":"B","date":"2018-04-11T02:01:20.000Z","volume":1000,"label":" ","price":4.08},{"type":"B","date":"2018-04-11T02:01:21.000Z","volume":2000,"label":" ","price":4.08},{"type":"B","date":"2018-04-11T02:02:15.000Z","volume":1000,"label":" ","price":4.06},{"type":"B","date":"2018-04-11T02:03:10.000Z","volume":1000,"label":" ","price":4.06},{"type":"B","date":"2018-04-11T02:03:58.000Z","volume":1000,"label":" ","price":4.06},{"type":"B","date":"2018-04-11T02:04:50.000Z","volume":1000,"label":" ","price":4.06},{"type":"B","date":"2018-04-11T02:05:37.000Z","volume":1000,"label":" ","price":4.06},{"type":"B","date":"2018-04-11T02:06:27.000Z","volume":1000,"label":" ","price":4.06},{"type":"B","date":"2018-04-11T02:07:21.000Z","volume":1000,"label":" ","price":4.06},{"type":"B","date":"2018-04-11T02:08:16.000Z","volume":1000,"label":" ","price":4.06},{"type":"A","date":"2018-04-11T02:09:00.000Z","volume":30000,"label":" ","price":4.08},{"type":"B","date":"2018-04-11T02:09:11.000Z","volume":1000,"label":" ","price":4.06},{"type":"B","date":"2018-04-11T02:10:06.000Z","volume":1000,"label":" ","price":4.06},{"type":"B","date":"2018-04-11T02:11:02.000Z","volume":1000,"label":" ","price":4.06},{"type":"B","date":"2018-04-11T02:12:00.000Z","volume":1000,"label":" ","price":4.06},{"type":"B","date":"2018-04-11T02:12:53.000Z","volume":1000,"label":" ","price":4.06},{"type":"B","date":"2018-04-11T02:13:48.000Z","volume":1000,"label":" ","price":4.06},{"type":"B","date":"2018-04-11T02:14:43.000Z","volume":1000,"label":" ","price":4.06},{"type":"B","date":"2018-04-11T02:15:37.000Z","volume":1000,"label":" ","price":4.06},{"type":"B","date":"2018-04-11T02:16:38.000Z","volume":1000,"label":" ","price":4.06},{"type":"B","date":"2018-04-11T02:17:32.000Z","volume":1000,"label":" ","price":4.06},{"type":"B","date":"2018-04-11T02:18:43.000Z","volume":1000,"label":" ","price":4.06},{"type":"B","date":"2018-04-11T02:19:54.000Z","volume":1000,"label":" ","price":4.06},{"type":"B","date":"2018-04-11T02:21:09.000Z","volume":1000,"label":" ","price":4.06},{"type":"B","date":"2018-04-11T02:22:18.000Z","volume":1000,"label":" ","price":4.06},{"type":"B","date":"2018-04-11T02:23:30.000Z","volume":1000,"label":" ","price":4.06},{"type":"B","date":"2018-04-11T02:23:48.000Z","volume":1000,"label":" ","price":4.06},{"type":"B","date":"2018-04-11T02:24:44.000Z","volume":1000,"label":" ","price":4.06},{"type":"A","date":"2018-04-11T02:25:40.000Z","volume":10000,"label":" ","price":4.07},{"type":"B","date":"2018-04-11T02:30:46.000Z","volume":1000,"label":" ","price":4.06},{"type":"B","date":"2018-04-11T02:30:48.000Z","volume":1000,"label":" ","price":4.06},{"type":"B","date":"2018-04-11T02:31:56.000Z","volume":1000,"label":" ","price":4.06},{"type":"B","date":"2018-04-11T02:31:57.000Z","volume":3000,"label":" ","price":4.06},{"type":"B","date":"2018-04-11T02:31:57.000Z","volume":1000,"label":" ","price":4.06},{"type":"B","date":"2018-04-11T02:33:05.000Z","volume":1000,"label":" ","price":4.05},{"type":"B","date":"2018-04-11T02:34:05.000Z","volume":1000,"label":" ","price":4.05},{"type":"B","date":"2018-04-11T02:35:21.000Z","volume":1000,"label":" ","price":4.05},{"type":"B","date":"2018-04-11T02:36:42.000Z","volume":1000,"label":" ","price":4.05},{"type":"B","date":"2018-04-11T02:37:58.000Z","volume":1000,"label":" ","price":4.05},{"type":"B","date":"2018-04-11T02:39:23.000Z","volume":1000,"label":" ","price":4.05},{"type":"A","date":"2018-04-11T02:40:32.000Z","volume":16000,"label":" ","price":4.06},{"type":"A","date":"2018-04-11T02:40:39.000Z","volume":14000,"label":" ","price":4.06},{"type":"B","date":"2018-04-11T02:40:43.000Z","volume":1000,"label":" ","price":4.04},{"type":"A","date":"2018-04-11T02:44:12.000Z","volume":30000,"label":" ","price":4.05},{"type":"A","date":"2018-04-11T02:50:27.000Z","volume":7000,"label":" ","price":4.05},{"type":"A","date":"2018-04-11T02:50:27.000Z","volume":2000,"label":" ","price":4.06},{"type":"A","date":"2018-04-11T02:50:27.000Z","volume":1000,"label":" ","price":4.09},{"type":"U","date":"2018-04-11T02:51:30.000Z","volume":4000000,"label":"X","price":4.06},{"type":"A","date":"2018-04-11T02:52:16.000Z","volume":30000,"label":" ","price":4.09},{"type":"A","date":"2018-04-11T02:52:31.000Z","volume":5000,"label":" ","price":4.09},{"type":"B","date":"2018-04-11T02:55:42.000Z","volume":1000,"label":" ","price":4.09},{"type":"B","date":"2018-04-11T03:04:16.000Z","volume":2000,"label":" ","price":4.08},{"type":"B","date":"2018-04-11T03:05:37.000Z","volume":1000,"label":" ","price":4.07},{"type":"A","date":"2018-04-11T03:08:20.000Z","volume":22000,"label":" ","price":4.09},{"type":"A","date":"2018-04-11T03:08:29.000Z","volume":8000,"label":" ","price":4.09},{"type":"A","date":"2018-04-11T03:11:07.000Z","volume":8000,"label":" ","price":4.09},{"type":"A","date":"2018-04-11T03:11:24.000Z","volume":1000,"label":"Y","price":4.09},{"type":"A","date":"2018-04-11T03:12:57.000Z","volume":5000,"label":" ","price":4.09},{"type":"A","date":"2018-04-11T03:13:07.000Z","volume":7000,"label":" ","price":4.09},{"type":"A","date":"2018-04-11T03:19:26.000Z","volume":8000,"label":" ","price":4.1},{"type":"B","date":"2018-04-11T03:19:34.000Z","volume":2000,"label":"Y","price":4.09},{"type":"B","date":"2018-04-11T03:19:34.000Z","volume":3000,"label":" ","price":4.09},{"type":"B","date":"2018-04-11T03:20:29.000Z","volume":1000,"label":" ","price":4.09},{"type":"B","date":"2018-04-11T03:23:24.000Z","volume":1000,"label":" ","price":4.09},{"type":"B","date":"2018-04-11T03:23:54.000Z","volume":1000,"label":" ","price":4.09},{"type":"A","date":"2018-04-11T03:24:19.000Z","volume":10000,"label":" ","price":4.1},{"type":"B","date":"2018-04-11T03:24:20.000Z","volume":1000,"label":" ","price":4.09},{"type":"A","date":"2018-04-11T03:25:15.000Z","volume":5000,"label":" ","price":4.1},{"type":"B","date":"2018-04-11T03:27:01.000Z","volume":5000,"label":" ","price":4.09},{"type":"A","date":"2018-04-11T03:27:03.000Z","volume":28000,"label":" ","price":4.09},{"type":"B","date":"2018-04-11T03:27:04.000Z","volume":2000,"label":" ","price":4.09},{"type":"A","date":"2018-04-11T03:28:21.000Z","volume":18000,"label":" ","price":4.09},{"type":"A","date":"2018-04-11T03:28:36.000Z","volume":12000,"label":" ","price":4.09},{"type":"A","date":"2018-04-11T03:29:22.000Z","volume":5000,"label":" ","price":4.09},{"type":"A","date":"2018-04-11T03:30:01.000Z","volume":7000,"label":" ","price":4.09},{"type":"A","date":"2018-04-11T03:30:45.000Z","volume":30000,"label":" ","price":4.09},{"type":"A","date":"2018-04-11T03:31:04.000Z","volume":6000,"label":" ","price":4.09},{"type":"A","date":"2018-04-11T03:38:53.000Z","volume":1000,"label":" ","price":4.1},{"type":"A","date":"2018-04-11T03:40:33.000Z","volume":5000,"label":" ","price":4.1},{"type":"B","date":"2018-04-11T03:41:06.000Z","volume":10000,"label":" ","price":4.09},{"type":"A","date":"2018-04-11T03:41:19.000Z","volume":21000,"label":" ","price":4.09},{"type":"A","date":"2018-04-11T03:44:25.000Z","volume":23000,"label":" ","price":4.1},{"type":"A","date":"2018-04-11T03:56:28.000Z","volume":2000,"label":" ","price":4.11},{"type":"A","date":"2018-04-11T03:56:54.000Z","volume":6000,"label":" ","price":4.11},{"type":"A","date":"2018-04-11T03:57:49.000Z","volume":6000,"label":" ","price":4.12},{"type":"A","date":"2018-04-11T03:58:35.000Z","volume":4000,"label":" ","price":4.13},{"type":"A","date":"2018-04-11T03:58:59.000Z","volume":3000,"label":" ","price":4.13},{"type":"A","date":"2018-04-11T03:59:29.000Z","volume":1000,"label":" ","price":4.14},{"type":"B","date":"2018-04-11T05:01:47.000Z","volume":1000,"label":" ","price":4.11},{"type":"B","date":"2018-04-11T05:02:53.000Z","volume":5000,"label":" ","price":4.11},{"type":"A","date":"2018-04-11T05:03:06.000Z","volume":26000,"label":" ","price":4.11},{"type":"A","date":"2018-04-11T05:03:52.000Z","volume":2000,"label":" ","price":4.12},{"type":"A","date":"2018-04-11T05:03:52.000Z","volume":2000,"label":" ","price":4.14},{"type":"A","date":"2018-04-11T05:03:52.000Z","volume":4000,"label":" ","price":4.15},{"type":"A","date":"2018-04-11T05:03:52.000Z","volume":2000,"label":" ","price":4.17},{"type":"A","date":"2018-04-11T05:03:52.000Z","volume":5000,"label":" ","price":4.18},{"type":"A","date":"2018-04-11T05:03:52.000Z","volume":7000,"label":" ","price":4.2},{"type":"A","date":"2018-04-11T05:05:09.000Z","volume":2000,"label":" ","price":4.17},{"type":"A","date":"2018-04-11T05:05:09.000Z","volume":2000,"label":" ","price":4.18},{"type":"A","date":"2018-04-11T05:08:53.000Z","volume":26000,"label":" ","price":4.17},{"type":"B","date":"2018-04-11T05:10:02.000Z","volume":1000,"label":" ","price":4.13},{"type":"B","date":"2018-04-11T05:12:07.000Z","volume":1000,"label":" ","price":4.11},{"type":"B","date":"2018-04-11T05:13:22.000Z","volume":1000,"label":" ","price":4.11},{"type":"B","date":"2018-04-11T05:14:37.000Z","volume":1000,"label":" ","price":4.11},{"type":"B","date":"2018-04-11T05:15:52.000Z","volume":1000,"label":" ","price":4.11},{"type":"A","date":"2018-04-11T05:16:13.000Z","volume":25000,"label":" ","price":4.13},{"type":"B","date":"2018-04-11T05:17:06.000Z","volume":1000,"label":" ","price":4.11},{"type":"B","date":"2018-04-11T05:18:26.000Z","volume":1000,"label":" ","price":4.11},{"type":"A","date":"2018-04-11T05:19:34.000Z","volume":5000,"label":" ","price":4.12},{"type":"B","date":"2018-04-11T05:19:41.000Z","volume":1000,"label":" ","price":4.11},{"type":"B","date":"2018-04-11T05:21:41.000Z","volume":1000,"label":" ","price":4.11},{"type":"B","date":"2018-04-11T05:22:56.000Z","volume":1000,"label":" ","price":4.11},{"type":"B","date":"2018-04-11T05:23:41.000Z","volume":1000,"label":" ","price":4.11},{"type":"B","date":"2018-04-11T05:24:41.000Z","volume":1000,"label":" ","price":4.11},{"type":"B","date":"2018-04-11T05:26:35.000Z","volume":1000,"label":" ","price":4.11},{"type":"B","date":"2018-04-11T05:27:56.000Z","volume":1000,"label":" ","price":4.11},{"type":"B","date":"2018-04-11T05:28:50.000Z","volume":1000,"label":" ","price":4.11},{"type":"B","date":"2018-04-11T05:30:20.000Z","volume":1000,"label":" ","price":4.11},{"type":"B","date":"2018-04-11T05:32:20.000Z","volume":1000,"label":" ","price":4.11},{"type":"B","date":"2018-04-11T05:33:50.000Z","volume":1000,"label":" ","price":4.11},{"type":"B","date":"2018-04-11T05:34:18.000Z","volume":1000,"label":" ","price":4.11},{"type":"A","date":"2018-04-11T05:34:36.000Z","volume":25000,"label":" ","price":4.11},{"type":"B","date":"2018-04-11T05:34:50.000Z","volume":1000,"label":" ","price":4.1},{"type":"A","date":"2018-04-11T05:35:22.000Z","volume":1000,"label":" ","price":4.11},{"type":"B","date":"2018-04-11T05:36:14.000Z","volume":6000,"label":" ","price":4.1},{"type":"B","date":"2018-04-11T05:37:00.000Z","volume":1000,"label":" ","price":4.1},{"type":"B","date":"2018-04-11T05:38:30.000Z","volume":1000,"label":" ","price":4.1},{"type":"B","date":"2018-04-11T05:39:25.000Z","volume":1000,"label":" ","price":4.1},{"type":"B","date":"2018-04-11T05:41:29.000Z","volume":1000,"label":" ","price":4.1},{"type":"B","date":"2018-04-11T05:42:24.000Z","volume":1000,"label":" ","price":4.1},{"type":"B","date":"2018-04-11T05:43:59.000Z","volume":1000,"label":" ","price":4.1},{"type":"B","date":"2018-04-11T05:45:29.000Z","volume":1000,"label":" ","price":4.1},{"type":"B","date":"2018-04-11T05:47:34.000Z","volume":1000,"label":" ","price":4.1},{"type":"B","date":"2018-04-11T05:48:48.000Z","volume":1000,"label":" ","price":4.1},{"type":"B","date":"2018-04-11T05:50:08.000Z","volume":1000,"label":" ","price":4.1},{"type":"B","date":"2018-04-11T05:52:24.000Z","volume":1000,"label":" ","price":4.1},{"type":"B","date":"2018-04-11T05:53:48.000Z","volume":1000,"label":" ","price":4.1},{"type":"B","date":"2018-04-11T05:55:03.000Z","volume":1000,"label":" ","price":4.1},{"type":"B","date":"2018-04-11T05:57:13.000Z","volume":1000,"label":" ","price":4.1},{"type":"B","date":"2018-04-11T05:58:48.000Z","volume":1000,"label":" ","price":4.1},{"type":"B","date":"2018-04-11T05:59:52.000Z","volume":1000,"label":" ","price":4.1},{"type":"B","date":"2018-04-11T06:00:02.000Z","volume":4000,"label":" ","price":4.1},{"type":"B","date":"2018-04-11T06:02:02.000Z","volume":1000,"label":" ","price":4.1},{"type":"B","date":"2018-04-11T06:02:17.000Z","volume":1000,"label":" ","price":4.1},{"type":"B","date":"2018-04-11T06:02:37.000Z","volume":2000,"label":" ","price":4.1},{"type":"B","date":"2018-04-11T06:02:42.000Z","volume":1000,"label":" ","price":4.1},{"type":"A","date":"2018-04-11T06:02:59.000Z","volume":30000,"label":" ","price":4.1},{"type":"B","date":"2018-04-11T06:04:42.000Z","volume":1000,"label":" ","price":4.09},{"type":"B","date":"2018-04-11T06:06:52.000Z","volume":1000,"label":" ","price":4.09},{"type":"B","date":"2018-04-11T06:08:27.000Z","volume":1000,"label":" ","price":4.09},{"type":"B","date":"2018-04-11T06:09:32.000Z","volume":1000,"label":" ","price":4.09},{"type":"B","date":"2018-04-11T06:11:02.000Z","volume":1000,"label":" ","price":4.09},{"type":"B","date":"2018-04-11T06:12:36.000Z","volume":1000,"label":" ","price":4.09},{"type":"B","date":"2018-04-11T06:14:21.000Z","volume":1000,"label":" ","price":4.09},{"type":"B","date":"2018-04-11T06:16:02.000Z","volume":1000,"label":" ","price":4.09},{"type":"A","date":"2018-04-11T06:16:22.000Z","volume":2000,"label":" ","price":4.1},{"type":"B","date":"2018-04-11T06:16:26.000Z","volume":1000,"label":" ","price":4.09},{"type":"B","date":"2018-04-11T06:18:01.000Z","volume":1000,"label":" ","price":4.09},{"type":"A","date":"2018-04-11T06:18:02.000Z","volume":3000,"label":" ","price":4.1},{"type":"B","date":"2018-04-11T06:18:55.000Z","volume":1000,"label":" ","price":4.09},{"type":"B","date":"2018-04-11T06:20:20.000Z","volume":1000,"label":" ","price":4.09},{"type":"A","date":"2018-04-11T06:21:35.000Z","volume":8000,"label":" ","price":4.1},{"type":"B","date":"2018-04-11T06:27:59.000Z","volume":1000,"label":" ","price":4.1},{"type":"B","date":"2018-04-11T06:28:59.000Z","volume":1000,"label":" ","price":4.1},{"type":"B","date":"2018-04-11T06:30:14.000Z","volume":1000,"label":" ","price":4.1},{"type":"B","date":"2018-04-11T06:32:02.000Z","volume":1000,"label":" ","price":4.1},{"type":"B","date":"2018-04-11T06:32:09.000Z","volume":1000,"label":" ","price":4.1},{"type":"B","date":"2018-04-11T06:33:43.000Z","volume":1000,"label":" ","price":4.1},{"type":"B","date":"2018-04-11T06:34:43.000Z","volume":1000,"label":" ","price":4.1},{"type":"B","date":"2018-04-11T06:36:33.000Z","volume":1000,"label":" ","price":4.1},{"type":"B","date":"2018-04-11T06:38:02.000Z","volume":1000,"label":" ","price":4.1},{"type":"B","date":"2018-04-11T06:39:07.000Z","volume":1000,"label":" ","price":4.1},{"type":"B","date":"2018-04-11T06:40:42.000Z","volume":1000,"label":" ","price":4.1},{"type":"B","date":"2018-04-11T06:42:42.000Z","volume":1000,"label":" ","price":4.1},{"type":"B","date":"2018-04-11T06:43:52.000Z","volume":1000,"label":" ","price":4.1},{"type":"B","date":"2018-04-11T06:44:34.000Z","volume":50000,"label":" ","price":4.1},{"type":"B","date":"2018-04-11T06:44:41.000Z","volume":3000,"label":" ","price":4.1},{"type":"B","date":"2018-04-11T06:45:10.000Z","volume":5000,"label":" ","price":4.1},{"type":"B","date":"2018-04-11T06:45:22.000Z","volume":1000,"label":" ","price":4.09},{"type":"B","date":"2018-04-11T06:45:22.000Z","volume":2000,"label":" ","price":4.09},{"type":"B","date":"2018-04-11T06:45:47.000Z","volume":1000,"label":" ","price":4.09},{"type":"B","date":"2018-04-11T06:46:59.000Z","volume":4000,"label":" ","price":4.09},{"type":"A","date":"2018-04-11T06:47:09.000Z","volume":30000,"label":" ","price":4.09},{"type":"A","date":"2018-04-11T06:47:40.000Z","volume":5000,"label":" ","price":4.09},{"type":"A","date":"2018-04-11T06:48:18.000Z","volume":5000,"label":" ","price":4.09},{"type":"B","date":"2018-04-11T06:52:23.000Z","volume":1000,"label":" ","price":4.08},{"type":"B","date":"2018-04-11T06:53:39.000Z","volume":1000,"label":" ","price":4.08},{"type":"B","date":"2018-04-11T06:54:37.000Z","volume":1000,"label":" ","price":4.08},{"type":"B","date":"2018-04-11T06:55:54.000Z","volume":1000,"label":" ","price":4.08},{"type":"B","date":"2018-04-11T06:57:15.000Z","volume":1000,"label":" ","price":4.08},{"type":"A","date":"2018-04-11T06:58:08.000Z","volume":4000,"label":" ","price":4.09},{"type":"A","date":"2018-04-11T06:59:17.000Z","volume":3000,"label":" ","price":4.09},{"type":"B","date":"2018-04-11T06:59:58.000Z","volume":11000,"label":" ","price":4.08},{"type":"A","date":"2018-04-11T07:00:12.000Z","volume":7000,"label":" ","price":4.09},{"type":"A","date":"2018-04-11T07:00:12.000Z","volume":3000,"label":" ","price":4.1},{"type":"A","date":"2018-04-11T07:02:42.000Z","volume":8000,"label":" ","price":4.11},{"type":"A","date":"2018-04-11T07:04:51.000Z","volume":3000,"label":" ","price":4.13},{"type":"A","date":"2018-04-11T07:06:07.000Z","volume":1000,"label":" ","price":4.13},{"type":"A","date":"2018-04-11T07:07:26.000Z","volume":3000,"label":" ","price":4.14},{"type":"B","date":"2018-04-11T07:08:18.000Z","volume":2000,"label":" ","price":4.13},{"type":"A","date":"2018-04-11T07:09:26.000Z","volume":2000,"label":" ","price":4.14},{"type":"A","date":"2018-04-11T07:10:55.000Z","volume":2000,"label":" ","price":4.14},{"type":"A","date":"2018-04-11T07:11:52.000Z","volume":2000,"label":" ","price":4.14},{"type":"A","date":"2018-04-11T07:13:01.000Z","volume":2000,"label":" ","price":4.15},{"type":"A","date":"2018-04-11T07:15:01.000Z","volume":2000,"label":" ","price":4.15},{"type":"B","date":"2018-04-11T07:15:01.000Z","volume":1000,"label":" ","price":4.15},{"type":"A","date":"2018-04-11T07:17:20.000Z","volume":4000,"label":" ","price":4.15},{"type":"A","date":"2018-04-11T07:17:20.000Z","volume":2000,"label":" ","price":4.16},{"type":"A","date":"2018-04-11T07:18:33.000Z","volume":2000,"label":" ","price":4.14},{"type":"A","date":"2018-04-11T07:18:33.000Z","volume":3000,"label":" ","price":4.15},{"type":"A","date":"2018-04-11T07:18:33.000Z","volume":10000,"label":" ","price":4.16},{"type":"A","date":"2018-04-11T07:19:45.000Z","volume":5000,"label":" ","price":4.16},{"type":"A","date":"2018-04-11T07:19:45.000Z","volume":1000,"label":" ","price":4.17},{"type":"A","date":"2018-04-11T07:20:43.000Z","volume":2000,"label":" ","price":4.17},{"type":"B","date":"2018-04-11T07:22:16.000Z","volume":4000,"label":" ","price":4.12},{"type":"A","date":"2018-04-11T07:24:12.000Z","volume":8000,"label":" ","price":4.16},{"type":"B","date":"2018-04-11T07:24:12.000Z","volume":2000,"label":" ","price":4.16},{"type":"A","date":"2018-04-11T07:25:14.000Z","volume":2000,"label":" ","price":4.16},{"type":"B","date":"2018-04-11T07:25:14.000Z","volume":1000,"label":" ","price":4.16},{"type":"A","date":"2018-04-11T07:27:49.000Z","volume":3000,"label":" ","price":4.17},{"type":"B","date":"2018-04-11T07:28:11.000Z","volume":2000,"label":" ","price":4.12},{"type":"A","date":"2018-04-11T07:28:44.000Z","volume":2000,"label":" ","price":4.16},{"type":"B","date":"2018-04-11T07:28:44.000Z","volume":1000,"label":" ","price":4.16},{"type":"A","date":"2018-04-11T07:29:39.000Z","volume":3000,"label":" ","price":4.17},{"type":"A","date":"2018-04-11T07:30:36.000Z","volume":3000,"label":" ","price":4.17},{"type":"A","date":"2018-04-11T07:31:54.000Z","volume":5000,"label":" ","price":4.17},{"type":"A","date":"2018-04-11T07:32:12.000Z","volume":3000,"label":" ","price":4.17},{"type":"A","date":"2018-04-11T07:33:13.000Z","volume":2000,"label":" ","price":4.18},{"type":"A","date":"2018-04-11T07:33:13.000Z","volume":2000,"label":" ","price":4.2},{"type":"B","date":"2018-04-11T07:33:18.000Z","volume":1000,"label":" ","price":4.2},{"type":"A","date":"2018-04-11T07:35:54.000Z","volume":20000,"label":" ","price":4.22},{"type":"A","date":"2018-04-11T07:36:43.000Z","volume":5000,"label":" ","price":4.21},{"type":"B","date":"2018-04-11T07:36:46.000Z","volume":22000,"label":" ","price":4.21},{"type":"A","date":"2018-04-11T07:39:06.000Z","volume":5000,"label":" ","price":4.19},{"type":"A","date":"2018-04-11T07:40:15.000Z","volume":6000,"label":" ","price":4.19},{"type":"A","date":"2018-04-11T07:41:37.000Z","volume":3000,"label":" ","price":4.19},{"type":"B","date":"2018-04-11T07:41:37.000Z","volume":1000,"label":" ","price":4.19},{"type":"B","date":"2018-04-11T07:41:55.000Z","volume":1000,"label":" ","price":4.19},{"type":"B","date":"2018-04-11T07:42:43.000Z","volume":4000,"label":" ","price":4.19},{"type":"B","date":"2018-04-11T07:43:08.000Z","volume":1000,"label":" ","price":4.19},{"type":"A","date":"2018-04-11T07:44:10.000Z","volume":6000,"label":" ","price":4.2},{"type":"B","date":"2018-04-11T07:45:04.000Z","volume":1000,"label":" ","price":4.15},{"type":"B","date":"2018-04-11T07:45:04.000Z","volume":8000,"label":" ","price":4.14},{"type":"B","date":"2018-04-11T07:45:04.000Z","volume":10000,"label":" ","price":4.13},{"type":"B","date":"2018-04-11T07:45:04.000Z","volume":11000,"label":" ","price":4.12},{"type":"A","date":"2018-04-11T07:45:04.000Z","volume":28000,"label":" ","price":4.12},{"type":"A","date":"2018-04-11T07:45:04.000Z","volume":17000,"label":" ","price":4.12},{"type":"A","date":"2018-04-11T07:45:14.000Z","volume":10000,"label":" ","price":4.12},{"type":"A","date":"2018-04-11T07:45:15.000Z","volume":4000,"label":" ","price":4.12},{"type":"A","date":"2018-04-11T07:45:21.000Z","volume":350000,"label":"Y","price":4.12},{"type":"A","date":"2018-04-11T07:45:22.000Z","volume":8000,"label":" ","price":4.12},{"type":"A","date":"2018-04-11T07:45:28.000Z","volume":4000,"label":" ","price":4.12},{"type":"B","date":"2018-04-11T07:45:50.000Z","volume":5000,"label":" ","price":4.11},{"type":"B","date":"2018-04-11T07:45:50.000Z","volume":2000,"label":" ","price":4.1},{"type":"A","date":"2018-04-11T07:46:16.000Z","volume":350000,"label":"Y","price":4.12},{"type":"B","date":"2018-04-11T07:46:43.000Z","volume":1000,"label":" ","price":4.1},{"type":"A","date":"2018-04-11T07:47:19.000Z","volume":2000,"label":"Y","price":4.12},{"type":"A","date":"2018-04-11T07:48:53.000Z","volume":2000,"label":"Y","price":4.12},{"type":"B","date":"2018-04-11T07:50:02.000Z","volume":1000,"label":" ","price":4.1},{"type":"B","date":"2018-04-11T07:50:02.000Z","volume":1000,"label":" ","price":4.1},{"type":"A","date":"2018-04-11T07:52:06.000Z","volume":295000,"label":"Y","price":4.12},{"type":"A","date":"2018-04-11T07:52:06.000Z","volume":21000,"label":" ","price":4.12},{"type":"A","date":"2018-04-11T07:52:37.000Z","volume":10000,"label":" ","price":4.17},{"type":"A","date":"2018-04-11T07:53:18.000Z","volume":7000,"label":" ","price":4.17},{"type":"A","date":"2018-04-11T07:53:18.000Z","volume":12000,"label":" ","price":4.18},{"type":"A","date":"2018-04-11T07:53:18.000Z","volume":1000,"label":" ","price":4.19},{"type":"B","date":"2018-04-11T07:54:36.000Z","volume":1000,"label":" ","price":4.12},{"type":"A","date":"2018-04-11T07:54:40.000Z","volume":3000,"label":" ","price":4.19},{"type":"A","date":"2018-04-11T07:56:57.000Z","volume":15000,"label":" ","price":4.19},{"type":"A","date":"2018-04-11T07:56:57.000Z","volume":7000,"label":" ","price":4.2},{"type":"A","date":"2018-04-11T07:57:41.000Z","volume":9000,"label":" ","price":4.2},{"type":"A","date":"2018-04-11T07:57:41.000Z","volume":4000,"label":" ","price":4.23},{"type":"A","date":"2018-04-11T07:57:41.000Z","volume":2000,"label":" ","price":4.25},{"type":"A","date":"2018-04-11T07:58:21.000Z","volume":2000,"label":" ","price":4.21},{"type":"A","date":"2018-04-11T07:58:49.000Z","volume":3000,"label":" ","price":4.21},{"type":"A","date":"2018-04-11T07:58:49.000Z","volume":8000,"label":" ","price":4.22},{"type":"A","date":"2018-04-11T07:58:49.000Z","volume":4000,"label":" ","price":4.23},{"type":"A","date":"2018-04-11T07:58:49.000Z","volume":5000,"label":" ","price":4.24},{"type":"A","date":"2018-04-11T07:59:21.000Z","volume":7000,"label":" ","price":4.18},{"type":"B","date":"2018-04-11T07:59:25.000Z","volume":1000,"label":" ","price":4.15},{"type":"B","date":"2018-04-11T07:59:30.000Z","volume":3000,"label":" ","price":4.15},{"type":"A","date":"2018-04-11T07:59:46.000Z","volume":6000,"label":" ","price":4.18},{"type":"A","date":"2018-04-11T07:59:46.000Z","volume":12000,"label":" ","price":4.25}]