[{"type":"A","date":"2018-04-20T01:30:31.000Z","volume":12000,"label":" ","price":4.17},{"type":"A","date":"2018-04-20T01:32:37.000Z","volume":6000,"label":" ","price":4.18},{"type":"A","date":"2018-04-20T01:34:10.000Z","volume":6000,"label":" ","price":4.17},{"type":"A","date":"2018-04-20T01:37:40.000Z","volume":6000,"label":" ","price":4.16},{"type":"A","date":"2018-04-20T01:38:07.000Z","volume":6000,"label":" ","price":4.16},{"type":"A","date":"2018-04-20T01:38:31.000Z","volume":12000,"label":" ","price":4.16},{"type":"A","date":"2018-04-20T01:38:31.000Z","volume":6000,"label":" ","price":4.17},{"type":"A","date":"2018-04-20T01:38:52.000Z","volume":6000,"label":" ","price":4.17},{"type":"A","date":"2018-04-20T01:39:12.000Z","volume":12000,"label":" ","price":4.18},{"type":"A","date":"2018-04-20T01:39:12.000Z","volume":6000,"label":" ","price":4.18},{"type":"A","date":"2018-04-20T01:40:51.000Z","volume":12000,"label":" ","price":4.18},{"type":"A","date":"2018-04-20T01:41:19.000Z","volume":6000,"label":" ","price":4.19},{"type":"A","date":"2018-04-20T01:42:00.000Z","volume":6000,"label":" ","price":4.2},{"type":"A","date":"2018-04-20T01:43:33.000Z","volume":6000,"label":" ","price":4.18},{"type":"A","date":"2018-04-20T01:45:18.000Z","volume":6000,"label":" ","price":4.18},{"type":"B","date":"2018-04-20T01:46:12.000Z","volume":12000,"label":" ","price":4.15},{"type":"A","date":"2018-04-20T01:46:25.000Z","volume":6000,"label":" ","price":4.17},{"type":"A","date":"2018-04-20T01:48:10.000Z","volume":6000,"label":" ","price":4.17},{"type":"B","date":"2018-04-20T01:50:23.000Z","volume":12000,"label":" ","price":4.14},{"type":"A","date":"2018-04-20T01:51:05.000Z","volume":12000,"label":" ","price":4.16},{"type":"A","date":"2018-04-20T01:53:17.000Z","volume":6000,"label":" ","price":4.16},{"type":"A","date":"2018-04-20T01:54:30.000Z","volume":6000,"label":" ","price":4.17},{"type":"A","date":"2018-04-20T01:56:13.000Z","volume":12000,"label":" ","price":4.18},{"type":"A","date":"2018-04-20T01:57:56.000Z","volume":6000,"label":" ","price":4.17},{"type":"A","date":"2018-04-20T01:59:33.000Z","volume":12000,"label":" ","price":4.17},{"type":"B","date":"2018-04-20T02:01:56.000Z","volume":6000,"label":" ","price":4.15},{"type":"A","date":"2018-04-20T02:02:54.000Z","volume":6000,"label":" ","price":4.16},{"type":"B","date":"2018-04-20T02:03:22.000Z","volume":6000,"label":" ","price":4.14},{"type":"B","date":"2018-04-20T02:04:07.000Z","volume":6000,"label":" ","price":4.13},{"type":"A","date":"2018-04-20T02:04:08.000Z","volume":6000,"label":" ","price":4.15},{"type":"U","date":"2018-04-20T02:06:28.000Z","volume":6000,"label":" ","price":4.14},{"type":"A","date":"2018-04-20T02:06:49.000Z","volume":6000,"label":" ","price":4.16},{"type":"U","date":"2018-04-20T02:07:01.000Z","volume":6000,"label":" ","price":4.14},{"type":"A","date":"2018-04-20T02:07:57.000Z","volume":12000,"label":" ","price":4.16},{"type":"A","date":"2018-04-20T02:09:57.000Z","volume":6000,"label":" ","price":4.15},{"type":"A","date":"2018-04-20T02:10:18.000Z","volume":6000,"label":" ","price":4.16},{"type":"A","date":"2018-04-20T02:10:57.000Z","volume":6000,"label":" ","price":4.17},{"type":"A","date":"2018-04-20T02:12:27.000Z","volume":6000,"label":" ","price":4.16},{"type":"A","date":"2018-04-20T02:15:05.000Z","volume":12000,"label":" ","price":4.16},{"type":"A","date":"2018-04-20T02:15:40.000Z","volume":6000,"label":" ","price":4.17},{"type":"A","date":"2018-04-20T02:16:50.000Z","volume":6000,"label":" ","price":4.17},{"type":"A","date":"2018-04-20T02:18:59.000Z","volume":12000,"label":" ","price":4.17},{"type":"A","date":"2018-04-20T02:19:08.000Z","volume":6000,"label":" ","price":4.18},{"type":"U","date":"2018-04-20T02:21:49.000Z","volume":6000,"label":" ","price":4.16},{"type":"A","date":"2018-04-20T02:22:56.000Z","volume":6000,"label":" ","price":4.17},{"type":"A","date":"2018-04-20T02:25:18.000Z","volume":12000,"label":" ","price":4.17},{"type":"A","date":"2018-04-20T02:27:16.000Z","volume":6000,"label":" ","price":4.17},{"type":"A","date":"2018-04-20T02:28:14.000Z","volume":6000,"label":" ","price":4.16},{"type":"A","date":"2018-04-20T02:30:49.000Z","volume":12000,"label":" ","price":4.17},{"type":"A","date":"2018-04-20T02:31:55.000Z","volume":6000,"label":" ","price":4.17},{"type":"B","date":"2018-04-20T02:33:53.000Z","volume":6000,"label":" ","price":4.14},{"type":"U","date":"2018-04-20T02:34:15.000Z","volume":6000,"label":" ","price":4.14},{"type":"B","date":"2018-04-20T02:36:03.000Z","volume":6000,"label":" ","price":4.13},{"type":"A","date":"2018-04-20T02:36:04.000Z","volume":6000,"label":" ","price":4.15},{"type":"A","date":"2018-04-20T02:38:51.000Z","volume":12000,"label":" ","price":4.16},{"type":"A","date":"2018-04-20T02:40:09.000Z","volume":6000,"label":" ","price":4.16},{"type":"A","date":"2018-04-20T02:43:12.000Z","volume":24000,"label":" ","price":4.16},{"type":"A","date":"2018-04-20T02:43:44.000Z","volume":6000,"label":" ","price":4.16},{"type":"A","date":"2018-04-20T02:43:58.000Z","volume":6000,"label":" ","price":4.17},{"type":"A","date":"2018-04-20T02:45:18.000Z","volume":6000,"label":" ","price":4.15},{"type":"A","date":"2018-04-20T02:45:52.000Z","volume":6000,"label":" ","price":4.15},{"type":"A","date":"2018-04-20T02:48:03.000Z","volume":12000,"label":" ","price":4.16},{"type":"A","date":"2018-04-20T02:48:05.000Z","volume":6000,"label":" ","price":4.16},{"type":"B","date":"2018-04-20T02:51:57.000Z","volume":12000,"label":" ","price":4.13},{"type":"A","date":"2018-04-20T02:53:11.000Z","volume":6000,"label":" ","price":4.15},{"type":"A","date":"2018-04-20T02:55:29.000Z","volume":6000,"label":" ","price":4.15},{"type":"A","date":"2018-04-20T02:57:53.000Z","volume":6000,"label":" ","price":4.16},{"type":"A","date":"2018-04-20T03:03:00.000Z","volume":12000,"label":" ","price":4.15},{"type":"A","date":"2018-04-20T03:08:51.000Z","volume":12000,"label":" ","price":4.15},{"type":"A","date":"2018-04-20T03:12:53.000Z","volume":6000,"label":" ","price":4.15},{"type":"A","date":"2018-04-20T03:15:50.000Z","volume":6000,"label":" ","price":4.16},{"type":"A","date":"2018-04-20T03:25:45.000Z","volume":6000,"label":" ","price":4.15},{"type":"A","date":"2018-04-20T03:28:35.000Z","volume":18000,"label":" ","price":4.15},{"type":"A","date":"2018-04-20T03:28:35.000Z","volume":6000,"label":" ","price":4.15},{"type":"B","date":"2018-04-20T03:28:45.000Z","volume":6000,"label":" ","price":4.13},{"type":"B","date":"2018-04-20T03:28:45.000Z","volume":30000,"label":" ","price":4.12},{"type":"B","date":"2018-04-20T03:28:45.000Z","volume":6000,"label":" ","price":4.11},{"type":"B","date":"2018-04-20T03:28:45.000Z","volume":6000,"label":" ","price":4.1},{"type":"A","date":"2018-04-20T03:28:45.000Z","volume":6000,"label":" ","price":4.1},{"type":"A","date":"2018-04-20T03:30:16.000Z","volume":6000,"label":" ","price":4.13},{"type":"A","date":"2018-04-20T03:31:09.000Z","volume":6000,"label":" ","price":4.13},{"type":"A","date":"2018-04-20T03:31:47.000Z","volume":6000,"label":" ","price":4.14},{"type":"A","date":"2018-04-20T03:32:55.000Z","volume":6000,"label":" ","price":4.13},{"type":"A","date":"2018-04-20T03:33:38.000Z","volume":6000,"label":" ","price":4.13},{"type":"A","date":"2018-04-20T03:34:45.000Z","volume":12000,"label":" ","price":4.14},{"type":"B","date":"2018-04-20T03:40:12.000Z","volume":6000,"label":" ","price":4.12},{"type":"A","date":"2018-04-20T03:42:24.000Z","volume":6000,"label":" ","price":4.14},{"type":"A","date":"2018-04-20T03:48:03.000Z","volume":12000,"label":" ","price":4.14},{"type":"A","date":"2018-04-20T03:48:03.000Z","volume":6000,"label":" ","price":4.15},{"type":"B","date":"2018-04-20T03:49:22.000Z","volume":12000,"label":" ","price":4.11},{"type":"B","date":"2018-04-20T03:50:01.000Z","volume":6000,"label":" ","price":4.1},{"type":"B","date":"2018-04-20T03:51:46.000Z","volume":12000,"label":" ","price":4.09},{"type":"A","date":"2018-04-20T03:54:18.000Z","volume":6000,"label":" ","price":4.09},{"type":"A","date":"2018-04-20T03:55:06.000Z","volume":6000,"label":" ","price":4.11},{"type":"A","date":"2018-04-20T03:58:30.000Z","volume":6000,"label":" ","price":4.12},{"type":"B","date":"2018-04-20T05:11:28.000Z","volume":6000,"label":" ","price":4.07},{"type":"B","date":"2018-04-20T05:11:46.000Z","volume":12000,"label":" ","price":4.07},{"type":"B","date":"2018-04-20T05:25:18.000Z","volume":6000,"label":" ","price":4.06},{"type":"B","date":"2018-04-20T05:26:08.000Z","volume":30000,"label":" ","price":4.05},{"type":"A","date":"2018-04-20T05:27:20.000Z","volume":6000,"label":" ","price":4.07},{"type":"U","date":"2018-04-20T05:28:37.000Z","volume":6000,"label":" ","price":4.06},{"type":"A","date":"2018-04-20T05:29:55.000Z","volume":6000,"label":" ","price":4.07},{"type":"A","date":"2018-04-20T05:32:28.000Z","volume":6000,"label":" ","price":4.07},{"type":"A","date":"2018-04-20T05:33:44.000Z","volume":6000,"label":" ","price":4.07},{"type":"A","date":"2018-04-20T05:34:23.000Z","volume":6000,"label":" ","price":4.07},{"type":"B","date":"2018-04-20T05:35:30.000Z","volume":6000,"label":"Y","price":4.04},{"type":"B","date":"2018-04-20T05:35:30.000Z","volume":12000,"label":" ","price":4.03},{"type":"B","date":"2018-04-20T05:35:30.000Z","volume":6000,"label":" ","price":4.02},{"type":"B","date":"2018-04-20T05:35:30.000Z","volume":12000,"label":" ","price":4.01},{"type":"B","date":"2018-04-20T05:35:30.000Z","volume":12000,"label":"Y","price":4},{"type":"A","date":"2018-04-20T05:35:51.000Z","volume":6000,"label":" ","price":4.07},{"type":"A","date":"2018-04-20T05:37:24.000Z","volume":6000,"label":" ","price":4.07},{"type":"A","date":"2018-04-20T05:39:16.000Z","volume":6000,"label":" ","price":4.06},{"type":"A","date":"2018-04-20T05:39:35.000Z","volume":6000,"label":" ","price":4.06},{"type":"A","date":"2018-04-20T05:40:09.000Z","volume":6000,"label":" ","price":4.07},{"type":"A","date":"2018-04-20T05:48:28.000Z","volume":6000,"label":" ","price":4.06},{"type":"A","date":"2018-04-20T05:51:40.000Z","volume":6000,"label":" ","price":4.06},{"type":"A","date":"2018-04-20T05:53:38.000Z","volume":6000,"label":" ","price":4.06},{"type":"A","date":"2018-04-20T05:55:09.000Z","volume":6000,"label":" ","price":4.07},{"type":"A","date":"2018-04-20T05:58:16.000Z","volume":6000,"label":" ","price":4.06},{"type":"A","date":"2018-04-20T06:01:12.000Z","volume":6000,"label":" ","price":4.06},{"type":"A","date":"2018-04-20T06:03:03.000Z","volume":6000,"label":" ","price":4.06},{"type":"A","date":"2018-04-20T06:04:02.000Z","volume":6000,"label":" ","price":4.06},{"type":"A","date":"2018-04-20T06:07:20.000Z","volume":12000,"label":" ","price":4.05},{"type":"A","date":"2018-04-20T06:12:42.000Z","volume":24000,"label":" ","price":4.06},{"type":"A","date":"2018-04-20T06:12:42.000Z","volume":18000,"label":" ","price":4.07},{"type":"A","date":"2018-04-20T06:12:42.000Z","volume":18000,"label":" ","price":4.08},{"type":"A","date":"2018-04-20T06:13:05.000Z","volume":114000,"label":" ","price":4.09},{"type":"A","date":"2018-04-20T06:13:53.000Z","volume":36000,"label":" ","price":4.1},{"type":"A","date":"2018-04-20T06:14:55.000Z","volume":42000,"label":" ","price":4.11},{"type":"A","date":"2018-04-20T06:14:55.000Z","volume":30000,"label":" ","price":4.12},{"type":"A","date":"2018-04-20T06:19:09.000Z","volume":30000,"label":" ","price":4.12},{"type":"A","date":"2018-04-20T06:20:21.000Z","volume":60000,"label":" ","price":4.12},{"type":"A","date":"2018-04-20T06:21:44.000Z","volume":18000,"label":" ","price":4.12},{"type":"A","date":"2018-04-20T06:37:06.000Z","volume":6000,"label":" ","price":4.13},{"type":"B","date":"2018-04-20T06:48:17.000Z","volume":6000,"label":" ","price":4.1},{"type":"A","date":"2018-04-20T06:50:05.000Z","volume":6000,"label":" ","price":4.12},{"type":"A","date":"2018-04-20T06:52:04.000Z","volume":12000,"label":" ","price":4.12},{"type":"A","date":"2018-04-20T06:54:10.000Z","volume":6000,"label":" ","price":4.1},{"type":"A","date":"2018-04-20T06:57:05.000Z","volume":18000,"label":" ","price":4.11},{"type":"A","date":"2018-04-20T07:00:33.000Z","volume":12000,"label":" ","price":4.12},{"type":"A","date":"2018-04-20T07:03:56.000Z","volume":6000,"label":" ","price":4.11},{"type":"A","date":"2018-04-20T07:06:57.000Z","volume":6000,"label":" ","price":4.11},{"type":"B","date":"2018-04-20T07:08:20.000Z","volume":6000,"label":" ","price":4.09},{"type":"A","date":"2018-04-20T07:09:48.000Z","volume":6000,"label":" ","price":4.1},{"type":"A","date":"2018-04-20T07:12:02.000Z","volume":12000,"label":" ","price":4.11},{"type":"A","date":"2018-04-20T07:16:15.000Z","volume":24000,"label":" ","price":4.11},{"type":"A","date":"2018-04-20T07:18:04.000Z","volume":6000,"label":" ","price":4.11},{"type":"A","date":"2018-04-20T07:18:04.000Z","volume":6000,"label":" ","price":4.12},{"type":"A","date":"2018-04-20T07:20:52.000Z","volume":6000,"label":" ","price":4.12},{"type":"A","date":"2018-04-20T07:23:12.000Z","volume":6000,"label":" ","price":4.12},{"type":"B","date":"2018-04-20T07:24:31.000Z","volume":12000,"label":" ","price":4.09},{"type":"A","date":"2018-04-20T07:24:55.000Z","volume":6000,"label":" ","price":4.1},{"type":"A","date":"2018-04-20T07:28:17.000Z","volume":6000,"label":" ","price":4.1},{"type":"B","date":"2018-04-20T07:31:40.000Z","volume":6000,"label":" ","price":4.08},{"type":"A","date":"2018-04-20T07:32:08.000Z","volume":12000,"label":" ","price":4.1},{"type":"A","date":"2018-04-20T07:34:20.000Z","volume":6000,"label":" ","price":4.11},{"type":"A","date":"2018-04-20T07:39:01.000Z","volume":12000,"label":" ","price":4.11},{"type":"A","date":"2018-04-20T07:40:06.000Z","volume":6000,"label":" ","price":4.11},{"type":"A","date":"2018-04-20T07:40:35.000Z","volume":6000,"label":" ","price":4.12},{"type":"B","date":"2018-04-20T07:41:41.000Z","volume":6000,"label":" ","price":4.08},{"type":"B","date":"2018-04-20T07:42:12.000Z","volume":6000,"label":" ","price":4.08},{"type":"A","date":"2018-04-20T07:42:13.000Z","volume":6000,"label":" ","price":4.1},{"type":"A","date":"2018-04-20T07:42:13.000Z","volume":6000,"label":" ","price":4.11},{"type":"A","date":"2018-04-20T07:45:16.000Z","volume":12000,"label":" ","price":4.11},{"type":"A","date":"2018-04-20T07:47:05.000Z","volume":6000,"label":" ","price":4.12},{"type":"A","date":"2018-04-20T07:50:16.000Z","volume":18000,"label":" ","price":4.12},{"type":"A","date":"2018-04-20T07:52:36.000Z","volume":6000,"label":" ","price":4.12},{"type":"A","date":"2018-04-20T07:55:06.000Z","volume":12000,"label":" ","price":4.12},{"type":"A","date":"2018-04-20T07:56:04.000Z","volume":12000,"label":" ","price":4.11},{"type":"A","date":"2018-04-20T07:56:04.000Z","volume":12000,"label":" ","price":4.12},{"type":"B","date":"2018-04-20T07:56:05.000Z","volume":6000,"label":" ","price":4.08},{"type":"A","date":"2018-04-20T07:56:17.000Z","volume":6000,"label":" ","price":4.12},{"type":"B","date":"2018-04-20T07:57:01.000Z","volume":12000,"label":" ","price":4.1},{"type":"B","date":"2018-04-20T07:57:57.000Z","volume":6000,"label":" ","price":4.09},{"type":"A","date":"2018-04-20T07:57:59.000Z","volume":6000,"label":" ","price":4.12},{"type":"A","date":"2018-04-20T07:58:53.000Z","volume":6000,"label":" ","price":4.12},{"type":"A","date":"2018-04-20T07:59:14.000Z","volume":6000,"label":" ","price":4.12},{"type":"A","date":"2018-04-20T07:59:22.000Z","volume":6000,"label":" ","price":4.12},{"type":"A","date":"2018-04-20T07:59:34.000Z","volume":6000,"label":" ","price":4.12},{"type":"A","date":"2018-04-20T07:59:46.000Z","volume":6000,"label":" ","price":4.12},{"type":"A","date":"2018-04-20T07:59:47.000Z","volume":6000,"label":" ","price":4.12}]