[{"type":"B","date":"2018-04-17T01:32:13.000Z","volume":100000,"label":" ","price":1.17},{"type":"B","date":"2018-04-17T01:32:13.000Z","volume":11000,"label":" ","price":1.17},{"type":"A","date":"2018-04-17T01:32:13.000Z","volume":1000,"label":" ","price":1.18},{"type":"A","date":"2018-04-17T01:38:51.000Z","volume":1000,"label":" ","price":1.18},{"type":"A","date":"2018-04-17T01:42:35.000Z","volume":1000,"label":" ","price":1.18},{"type":"B","date":"2018-04-17T01:42:35.000Z","volume":37000,"label":" ","price":1.17},{"type":"A","date":"2018-04-17T01:42:41.000Z","volume":12000,"label":" ","price":1.17},{"type":"A","date":"2018-04-17T01:52:21.000Z","volume":1000,"label":" ","price":1.18},{"type":"B","date":"2018-04-17T01:54:48.000Z","volume":5000,"label":" ","price":1.18},{"type":"B","date":"2018-04-17T02:01:32.000Z","volume":5000,"label":" ","price":1.18},{"type":"B","date":"2018-04-17T02:05:25.000Z","volume":10000,"label":" ","price":1.18},{"type":"B","date":"2018-04-17T02:19:08.000Z","volume":15000,"label":" ","price":1.17},{"type":"B","date":"2018-04-17T02:25:30.000Z","volume":5000,"label":" ","price":1.18},{"type":"A","date":"2018-04-17T02:28:24.000Z","volume":2000,"label":" ","price":1.18},{"type":"A","date":"2018-04-17T02:36:44.000Z","volume":15000,"label":" ","price":1.18},{"type":"A","date":"2018-04-17T02:39:15.000Z","volume":20000,"label":" ","price":1.18},{"type":"A","date":"2018-04-17T02:46:24.000Z","volume":1000,"label":" ","price":1.18},{"type":"A","date":"2018-04-17T02:48:27.000Z","volume":14000,"label":" ","price":1.18},{"type":"B","date":"2018-04-17T02:49:33.000Z","volume":2000,"label":" ","price":1.18},{"type":"A","date":"2018-04-17T02:51:57.000Z","volume":1000,"label":" ","price":1.19},{"type":"A","date":"2018-04-17T02:52:55.000Z","volume":1000,"label":" ","price":1.19},{"type":"A","date":"2018-04-17T02:56:50.000Z","volume":1000,"label":" ","price":1.19},{"type":"A","date":"2018-04-17T02:58:55.000Z","volume":1000,"label":" ","price":1.19},{"type":"A","date":"2018-04-17T03:01:56.000Z","volume":1000,"label":" ","price":1.19},{"type":"A","date":"2018-04-17T03:05:55.000Z","volume":1000,"label":" ","price":1.19},{"type":"A","date":"2018-04-17T03:07:07.000Z","volume":1000,"label":" ","price":1.19},{"type":"A","date":"2018-04-17T03:13:55.000Z","volume":1000,"label":" ","price":1.19},{"type":"A","date":"2018-04-17T03:21:26.000Z","volume":1000,"label":" ","price":1.19},{"type":"B","date":"2018-04-17T03:22:02.000Z","volume":1000,"label":" ","price":1.18},{"type":"A","date":"2018-04-17T03:28:26.000Z","volume":1000,"label":" ","price":1.19},{"type":"A","date":"2018-04-17T03:34:56.000Z","volume":1000,"label":" ","price":1.19},{"type":"B","date":"2018-04-17T03:48:44.000Z","volume":2000,"label":" ","price":1.18},{"type":"B","date":"2018-04-17T03:49:04.000Z","volume":2000,"label":" ","price":1.18},{"type":"A","date":"2018-04-17T03:49:07.000Z","volume":1000,"label":" ","price":1.19},{"type":"A","date":"2018-04-17T05:00:01.000Z","volume":1000,"label":"Y","price":1.18},{"type":"A","date":"2018-04-17T05:01:28.000Z","volume":1000,"label":"Y","price":1.18},{"type":"B","date":"2018-04-17T06:01:41.000Z","volume":3000,"label":" ","price":1.17},{"type":"B","date":"2018-04-17T06:30:37.000Z","volume":3000,"label":" ","price":1.17},{"type":"A","date":"2018-04-17T06:47:43.000Z","volume":200000,"label":" ","price":1.18},{"type":"A","date":"2018-04-17T06:47:43.000Z","volume":1000,"label":"Y","price":1.18},{"type":"A","date":"2018-04-17T06:47:43.000Z","volume":2000,"label":" ","price":1.18},{"type":"A","date":"2018-04-17T06:47:45.000Z","volume":18000,"label":" ","price":1.19},{"type":"A","date":"2018-04-17T06:50:01.000Z","volume":200000,"label":" ","price":1.19},{"type":"A","date":"2018-04-17T06:50:01.000Z","volume":5000,"label":" ","price":1.19},{"type":"A","date":"2018-04-17T06:50:01.000Z","volume":3000,"label":" ","price":1.2},{"type":"B","date":"2018-04-17T06:51:45.000Z","volume":6000,"label":"Y","price":1.18},{"type":"B","date":"2018-04-17T06:51:45.000Z","volume":20000,"label":" ","price":1.18},{"type":"B","date":"2018-04-17T06:51:45.000Z","volume":4000,"label":" ","price":1.17},{"type":"A","date":"2018-04-17T07:10:21.000Z","volume":7000,"label":" ","price":1.19},{"type":"A","date":"2018-04-17T07:21:22.000Z","volume":1000,"label":" ","price":1.19},{"type":"A","date":"2018-04-17T07:22:52.000Z","volume":1000,"label":" ","price":1.19},{"type":"B","date":"2018-04-17T07:23:43.000Z","volume":12000,"label":" ","price":1.18},{"type":"B","date":"2018-04-17T07:27:32.000Z","volume":75000,"label":" ","price":1.17},{"type":"A","date":"2018-04-17T07:27:32.000Z","volume":3000,"label":" ","price":1.17},{"type":"B","date":"2018-04-17T07:49:56.000Z","volume":40000,"label":" ","price":1.17},{"type":"A","date":"2018-04-17T07:51:11.000Z","volume":146000,"label":" ","price":1.18},{"type":"A","date":"2018-04-17T07:51:11.000Z","volume":4000,"label":" ","price":1.19},{"type":"A","date":"2018-04-17T07:51:11.000Z","volume":1000,"label":" ","price":1.18},{"type":"A","date":"2018-04-17T07:55:54.000Z","volume":1000,"label":" ","price":1.18},{"type":"A","date":"2018-04-17T07:56:58.000Z","volume":1000,"label":" ","price":1.18},{"type":"A","date":"2018-04-17T07:57:10.000Z","volume":1000,"label":" ","price":1.18},{"type":"A","date":"2018-04-17T07:57:14.000Z","volume":31000,"label":" ","price":1.18},{"type":"A","date":"2018-04-17T07:57:14.000Z","volume":9000,"label":" ","price":1.19},{"type":"A","date":"2018-04-17T07:57:30.000Z","volume":200000,"label":" ","price":1.19},{"type":"A","date":"2018-04-17T07:57:50.000Z","volume":3000,"label":" ","price":1.19},{"type":"A","date":"2018-04-17T07:57:57.000Z","volume":1000,"label":" ","price":1.19},{"type":"B","date":"2018-04-17T07:57:58.000Z","volume":6000,"label":" ","price":1.18},{"type":"A","date":"2018-04-17T07:58:35.000Z","volume":12000,"label":" ","price":1.19},{"type":"B","date":"2018-04-17T07:58:35.000Z","volume":8000,"label":" ","price":1.19},{"type":"A","date":"2018-04-17T07:59:24.000Z","volume":20000,"label":" ","price":1.2},{"type":"A","date":"2018-04-17T07:59:24.000Z","volume":1000,"label":" ","price":1.2},{"type":"B","date":"2018-04-17T07:59:51.000Z","volume":4000,"label":" ","price":1.19},{"type":"A","date":"2018-04-17T07:59:54.000Z","volume":1000,"label":" ","price":1.2},{"type":"A","date":"2018-04-17T07:59:54.000Z","volume":10000,"label":" ","price":1.2},{"type":"U","date":"2018-04-17T08:08:24.000Z","volume":13000,"label":"U","price":1.2}]