[{"type":"A","date":"2018-03-14T07:57:38.000Z","volume":64000,"price":4.16,"category":"ubbull"},{"type":"A","date":"2018-03-14T07:57:38.000Z","volume":56000,"price":4.16,"category":"ubbull"},{"type":"A","date":"2018-03-14T07:46:21.000Z","volume":76000,"price":4.16,"category":"ubbull"},{"type":"A","date":"2018-03-14T07:41:48.000Z","volume":50000,"price":4.16,"category":"ubbull"},{"type":"A","date":"2018-03-14T07:32:03.000Z","volume":68000,"price":4.15,"category":"ubbull"},{"type":"A","date":"2018-03-14T06:26:00.000Z","volume":65000,"price":4.15,"category":"ubbull"},{"type":"A","date":"2018-03-14T06:03:25.000Z","volume":100000,"price":4.14,"category":"ubbull"},{"type":"A","date":"2018-03-14T05:52:26.000Z","volume":64000,"price":4.14,"category":"ubbull"},{"type":"A","date":"2018-03-14T05:13:54.000Z","volume":74000,"price":4.15,"category":"ubbull"},{"type":"A","date":"2018-03-14T02:54:11.000Z","volume":50000,"price":4.2,"category":"ubbull"},{"type":"A","date":"2018-03-14T02:52:24.000Z","volume":54000,"price":4.19,"category":"ubbull"},{"type":"A","date":"2018-03-14T02:52:24.000Z","volume":49000,"price":4.19,"category":"ubbull"},{"type":"A","date":"2018-03-14T02:50:20.000Z","volume":38000,"price":4.18,"category":"ubbull"},{"type":"A","date":"2018-03-14T02:46:50.000Z","volume":60000,"price":4.17,"category":"ubbull"},{"type":"A","date":"2018-03-14T02:46:50.000Z","volume":128000,"price":4.16,"category":"ubbull"},{"type":"A","date":"2018-03-14T02:46:50.000Z","volume":484000,"price":4.16,"category":"ubbull"},{"type":"A","date":"2018-03-14T02:18:31.000Z","volume":39000,"price":4.18,"category":"ubbull"},{"type":"A","date":"2018-03-14T02:18:31.000Z","volume":70000,"price":4.17,"category":"ubbull"},{"type":"A","date":"2018-03-14T02:18:31.000Z","volume":71000,"price":4.16,"category":"ubbull"},{"type":"A","date":"2018-03-14T02:17:55.000Z","volume":45000,"price":4.15,"category":"ubbull"},{"type":"A","date":"2018-03-14T02:06:19.000Z","volume":58000,"price":4.17,"category":"ubbull"},{"type":"A","date":"2018-03-14T01:45:04.000Z","volume":50000,"price":4.17,"category":"ubbull"},{"type":"A","date":"2018-03-14T07:46:21.000Z","volume":31000,"price":4.16,"category":"bbull"},{"type":"A","date":"2018-03-14T07:46:05.000Z","volume":20000,"price":4.16,"category":"bbull"},{"type":"A","date":"2018-03-14T06:41:05.000Z","volume":16000,"price":4.15,"category":"bbull"},{"type":"A","date":"2018-03-14T06:12:00.000Z","volume":14000,"price":4.14,"category":"bbull"},{"type":"A","date":"2018-03-14T06:09:14.000Z","volume":17000,"price":4.14,"category":"bbull"},{"type":"A","date":"2018-03-14T05:25:09.000Z","volume":19000,"price":4.16,"category":"bbull"},{"type":"A","date":"2018-03-14T03:33:29.000Z","volume":30000,"price":4.14,"category":"bbull"},{"type":"A","date":"2018-03-14T03:12:21.000Z","volume":18000,"price":4.18,"category":"bbull"},{"type":"A","date":"2018-03-14T03:11:17.000Z","volume":26000,"price":4.18,"category":"bbull"},{"type":"A","date":"2018-03-14T03:02:17.000Z","volume":29000,"price":4.2,"category":"bbull"},{"type":"A","date":"2018-03-14T02:55:24.000Z","volume":30000,"price":4.2,"category":"bbull"},{"type":"A","date":"2018-03-14T02:50:20.000Z","volume":14000,"price":4.18,"category":"bbull"},{"type":"A","date":"2018-03-14T02:40:33.000Z","volume":15000,"price":4.15,"category":"bbull"},{"type":"A","date":"2018-03-14T02:36:35.000Z","volume":13000,"price":4.15,"category":"bbull"},{"type":"A","date":"2018-03-14T02:18:31.000Z","volume":20000,"price":4.15,"category":"bbull"},{"type":"A","date":"2018-03-14T02:04:53.000Z","volume":16000,"price":4.16,"category":"bbull"},{"type":"A","date":"2018-03-14T02:04:47.000Z","volume":14000,"price":4.16,"category":"bbull"},{"type":"A","date":"2018-03-14T02:01:06.000Z","volume":28000,"price":4.15,"category":"bbull"},{"type":"A","date":"2018-03-14T02:00:36.000Z","volume":20000,"price":4.15,"category":"bbull"},{"type":"A","date":"2018-03-14T01:49:46.000Z","volume":18000,"price":4.15,"category":"bbull"},{"type":"A","date":"2018-03-14T01:42:41.000Z","volume":17000,"price":4.15,"category":"bbull"},{"type":"A","date":"2018-03-14T01:42:10.000Z","volume":15000,"price":4.15,"category":"bbull"},{"type":"A","date":"2018-03-14T01:41:25.000Z","volume":30000,"price":4.15,"category":"bbull"},{"type":"A","date":"2018-03-14T01:39:48.000Z","volume":15000,"price":4.16,"category":"bbull"},{"type":"A","date":"2018-03-14T01:39:32.000Z","volume":14000,"price":4.16,"category":"bbull"},{"type":"A","date":"2018-03-14T01:36:48.000Z","volume":26000,"price":4.15,"category":"bbull"},{"type":"A","date":"2018-03-14T01:35:35.000Z","volume":30000,"price":4.14,"category":"bbull"},{"type":"A","date":"2018-03-14T07:59:30.000Z","volume":1000,"price":4.16,"category":"rbull"},{"type":"A","date":"2018-03-14T07:58:21.000Z","volume":1000,"price":4.16,"category":"rbull"},{"type":"A","date":"2018-03-14T07:57:21.000Z","volume":1000,"price":4.16,"category":"rbull"},{"type":"A","date":"2018-03-14T07:47:51.000Z","volume":1000,"price":4.16,"category":"rbull"},{"type":"A","date":"2018-03-14T07:46:51.000Z","volume":1000,"price":4.16,"category":"rbull"},{"type":"A","date":"2018-03-14T07:43:09.000Z","volume":1000,"price":4.16,"category":"rbull"},{"type":"A","date":"2018-03-14T07:42:51.000Z","volume":1000,"price":4.16,"category":"rbull"},{"type":"A","date":"2018-03-14T07:39:50.000Z","volume":1000,"price":4.16,"category":"rbull"},{"type":"A","date":"2018-03-14T06:16:22.000Z","volume":1000,"price":4.15,"category":"rbull"},{"type":"A","date":"2018-03-14T06:04:26.000Z","volume":1000,"price":4.14,"category":"rbull"},{"type":"A","date":"2018-03-14T05:34:57.000Z","volume":1000,"price":4.15,"category":"rbull"},{"type":"A","date":"2018-03-14T05:25:09.000Z","volume":1000,"price":4.15,"category":"rbull"},{"type":"A","date":"2018-03-14T05:09:09.000Z","volume":1000,"price":4.14,"category":"rbull"},{"type":"A","date":"2018-03-14T05:00:07.000Z","volume":1000,"price":4.14,"category":"rbull"},{"type":"A","date":"2018-03-14T03:30:17.000Z","volume":1000,"price":4.14,"category":"rbull"},{"type":"A","date":"2018-03-14T03:20:06.000Z","volume":1000,"price":4.16,"category":"rbull"},{"type":"A","date":"2018-03-14T03:02:17.000Z","volume":1000,"price":4.19,"category":"rbull"},{"type":"A","date":"2018-03-14T02:49:17.000Z","volume":1000,"price":4.17,"category":"rbull"},{"type":"A","date":"2018-03-14T02:18:31.000Z","volume":1000,"price":4.15,"category":"rbull"},{"type":"A","date":"2018-03-14T01:54:29.000Z","volume":1000,"price":4.15,"category":"rbull"},{"type":"A","date":"2018-03-14T01:44:11.000Z","volume":1000,"price":4.17,"category":"rbull"},{"type":"A","date":"2018-03-14T01:41:40.000Z","volume":1000,"price":4.15,"category":"rbull"},{"type":"A","date":"2018-03-14T01:39:48.000Z","volume":1000,"price":4.16,"category":"rbull"},{"type":"A","date":"2018-03-14T01:34:24.000Z","volume":1000,"price":4.13,"category":"rbull"},{"type":"A","date":"2018-03-14T01:31:54.000Z","volume":1000,"price":4.14,"category":"rbull"},{"type":"A","date":"2018-03-14T01:30:27.000Z","volume":1000,"price":4.16,"category":"rbull"},{"type":"A","date":"2018-03-14T01:30:13.000Z","volume":1000,"price":4.17,"category":"rbull"},{"type":"B","date":"2018-03-14T07:59:46.000Z","volume":1000,"price":4.15,"category":"rbear"},{"type":"B","date":"2018-03-14T07:57:38.000Z","volume":1000,"price":4.15,"category":"rbear"},{"type":"B","date":"2018-03-14T07:55:56.000Z","volume":1000,"price":4.15,"category":"rbear"},{"type":"B","date":"2018-03-14T07:53:59.000Z","volume":1000,"price":4.15,"category":"rbear"},{"type":"B","date":"2018-03-14T07:45:22.000Z","volume":1000,"price":4.15,"category":"rbear"},{"type":"B","date":"2018-03-14T07:43:24.000Z","volume":1000,"price":4.15,"category":"rbear"},{"type":"B","date":"2018-03-14T07:41:23.000Z","volume":1000,"price":4.15,"category":"rbear"},{"type":"B","date":"2018-03-14T07:40:26.000Z","volume":1000,"price":4.15,"category":"rbear"},{"type":"B","date":"2018-03-14T07:30:48.000Z","volume":1000,"price":4.14,"category":"rbear"},{"type":"B","date":"2018-03-14T07:27:53.000Z","volume":1000,"price":4.14,"category":"rbear"},{"type":"B","date":"2018-03-14T07:27:18.000Z","volume":1000,"price":4.14,"category":"rbear"},{"type":"B","date":"2018-03-14T07:25:27.000Z","volume":1000,"price":4.14,"category":"rbear"},{"type":"B","date":"2018-03-14T07:22:33.000Z","volume":1000,"price":4.14,"category":"rbear"},{"type":"B","date":"2018-03-14T07:20:33.000Z","volume":1000,"price":4.14,"category":"rbear"},{"type":"B","date":"2018-03-14T07:20:24.000Z","volume":1000,"price":4.14,"category":"rbear"},{"type":"B","date":"2018-03-14T07:15:21.000Z","volume":1000,"price":4.14,"category":"rbear"},{"type":"B","date":"2018-03-14T07:11:22.000Z","volume":1000,"price":4.14,"category":"rbear"},{"type":"B","date":"2018-03-14T07:07:32.000Z","volume":1000,"price":4.14,"category":"rbear"},{"type":"B","date":"2018-03-14T07:03:31.000Z","volume":1000,"price":4.14,"category":"rbear"},{"type":"B","date":"2018-03-14T06:43:02.000Z","volume":1000,"price":4.14,"category":"rbear"},{"type":"B","date":"2018-03-14T06:41:05.000Z","volume":1000,"price":4.14,"category":"rbear"},{"type":"B","date":"2018-03-14T06:34:19.000Z","volume":1000,"price":4.14,"category":"rbear"},{"type":"B","date":"2018-03-14T06:31:21.000Z","volume":1000,"price":4.14,"category":"rbear"},{"type":"B","date":"2018-03-14T06:26:00.000Z","volume":1000,"price":4.14,"category":"rbear"},{"type":"B","date":"2018-03-14T06:11:51.000Z","volume":1000,"price":4.13,"category":"rbear"},{"type":"B","date":"2018-03-14T06:01:25.000Z","volume":1000,"price":4.14,"category":"rbear"},{"type":"B","date":"2018-03-14T05:09:09.000Z","volume":1000,"price":4.14,"category":"rbear"},{"type":"B","date":"2018-03-14T03:43:25.000Z","volume":1000,"price":4.13,"category":"rbear"},{"type":"B","date":"2018-03-14T03:39:24.000Z","volume":1000,"price":4.13,"category":"rbear"},{"type":"B","date":"2018-03-14T03:36:18.000Z","volume":1000,"price":4.13,"category":"rbear"},{"type":"B","date":"2018-03-14T03:28:21.000Z","volume":1000,"price":4.13,"category":"rbear"},{"type":"B","date":"2018-03-14T03:16:13.000Z","volume":1000,"price":4.16,"category":"rbear"},{"type":"B","date":"2018-03-14T03:07:06.000Z","volume":1000,"price":4.18,"category":"rbear"},{"type":"B","date":"2018-03-14T02:56:46.000Z","volume":1000,"price":4.18,"category":"rbear"},{"type":"B","date":"2018-03-14T02:34:06.000Z","volume":1000,"price":4.14,"category":"rbear"},{"type":"B","date":"2018-03-14T02:28:16.000Z","volume":1000,"price":4.14,"category":"rbear"},{"type":"B","date":"2018-03-14T01:45:58.000Z","volume":1000,"price":4.15,"category":"rbear"},{"type":"B","date":"2018-03-14T01:42:30.000Z","volume":1000,"price":4.15,"category":"rbear"},{"type":"B","date":"2018-03-14T01:30:44.000Z","volume":1000,"price":4.13,"category":"rbear"},{"type":"B","date":"2018-03-14T07:59:02.000Z","volume":19000,"price":4.16,"category":"bbear"},{"type":"B","date":"2018-03-14T07:58:17.000Z","volume":14000,"price":4.16,"category":"bbear"},{"type":"B","date":"2018-03-14T07:56:05.000Z","volume":30000,"price":4.15,"category":"bbear"},{"type":"B","date":"2018-03-14T07:55:19.000Z","volume":20000,"price":4.15,"category":"bbear"},{"type":"B","date":"2018-03-14T07:54:15.000Z","volume":30000,"price":4.15,"category":"bbear"},{"type":"B","date":"2018-03-14T07:53:13.000Z","volume":30000,"price":4.15,"category":"bbear"},{"type":"B","date":"2018-03-14T07:52:44.000Z","volume":20000,"price":4.15,"category":"bbear"},{"type":"B","date":"2018-03-14T07:50:36.000Z","volume":20000,"price":4.15,"category":"bbear"},{"type":"B","date":"2018-03-14T07:49:42.000Z","volume":20000,"price":4.15,"category":"bbear"},{"type":"B","date":"2018-03-14T07:47:25.000Z","volume":32000,"price":4.15,"category":"bbear"},{"type":"B","date":"2018-03-14T07:44:16.000Z","volume":20000,"price":4.15,"category":"bbear"},{"type":"B","date":"2018-03-14T07:22:32.000Z","volume":18000,"price":4.14,"category":"bbear"},{"type":"B","date":"2018-03-14T06:53:58.000Z","volume":15000,"price":4.14,"category":"bbear"},{"type":"B","date":"2018-03-14T06:19:42.000Z","volume":25000,"price":4.15,"category":"bbear"},{"type":"B","date":"2018-03-14T05:36:51.000Z","volume":20000,"price":4.13,"category":"bbear"},{"type":"B","date":"2018-03-14T05:35:41.000Z","volume":17000,"price":4.13,"category":"bbear"},{"type":"B","date":"2018-03-14T05:32:36.000Z","volume":34000,"price":4.14,"category":"bbear"},{"type":"B","date":"2018-03-14T05:14:22.000Z","volume":13000,"price":4.15,"category":"bbear"},{"type":"B","date":"2018-03-14T03:44:00.000Z","volume":28000,"price":4.13,"category":"bbear"},{"type":"B","date":"2018-03-14T03:38:39.000Z","volume":20000,"price":4.13,"category":"bbear"},{"type":"B","date":"2018-03-14T03:23:15.000Z","volume":16000,"price":4.15,"category":"bbear"},{"type":"B","date":"2018-03-14T03:13:46.000Z","volume":30000,"price":4.17,"category":"bbear"},{"type":"B","date":"2018-03-14T03:08:02.000Z","volume":15000,"price":4.18,"category":"bbear"},{"type":"B","date":"2018-03-14T03:08:02.000Z","volume":20000,"price":4.18,"category":"bbear"},{"type":"B","date":"2018-03-14T03:07:18.000Z","volume":20000,"price":4.18,"category":"bbear"},{"type":"B","date":"2018-03-14T02:45:39.000Z","volume":20000,"price":4.15,"category":"bbear"},{"type":"B","date":"2018-03-14T02:19:10.000Z","volume":30000,"price":4.15,"category":"bbear"},{"type":"B","date":"2018-03-14T02:14:52.000Z","volume":21000,"price":4.14,"category":"bbear"},{"type":"B","date":"2018-03-14T02:14:37.000Z","volume":30000,"price":4.15,"category":"bbear"},{"type":"B","date":"2018-03-14T02:00:47.000Z","volume":31000,"price":4.14,"category":"bbear"},{"type":"B","date":"2018-03-14T01:51:53.000Z","volume":35000,"price":4.14,"category":"bbear"},{"type":"B","date":"2018-03-14T01:51:53.000Z","volume":30000,"price":4.14,"category":"bbear"},{"type":"B","date":"2018-03-14T01:50:05.000Z","volume":16000,"price":4.15,"category":"bbear"},{"type":"B","date":"2018-03-14T01:49:27.000Z","volume":17000,"price":4.15,"category":"bbear"},{"type":"B","date":"2018-03-14T01:49:27.000Z","volume":16000,"price":4.15,"category":"bbear"},{"type":"B","date":"2018-03-14T01:41:18.000Z","volume":15000,"price":4.15,"category":"bbear"},{"type":"B","date":"2018-03-14T01:36:44.000Z","volume":14000,"price":4.14,"category":"bbear"},{"type":"B","date":"2018-03-14T01:32:43.000Z","volume":21000,"price":4.12,"category":"bbear"},{"type":"B","date":"2018-03-14T01:32:43.000Z","volume":25000,"price":4.12,"category":"bbear"},{"type":"B","date":"2018-03-14T01:32:07.000Z","volume":15000,"price":4.13,"category":"bbear"},{"type":"B","date":"2018-03-14T01:32:07.000Z","volume":18000,"price":4.13,"category":"bbear"},{"type":"B","date":"2018-03-14T01:30:01.000Z","volume":26000,"price":4.13,"category":"bbear"},{"type":"B","date":"2018-03-14T06:45:04.000Z","volume":58000,"price":4.14,"category":"ubbear"},{"type":"B","date":"2018-03-14T06:41:05.000Z","volume":60000,"price":4.14,"category":"ubbear"},{"type":"B","date":"2018-03-14T06:22:23.000Z","volume":50000,"price":4.14,"category":"ubbear"},{"type":"B","date":"2018-03-14T05:50:19.000Z","volume":40000,"price":4.14,"category":"ubbear"},{"type":"B","date":"2018-03-14T05:49:05.000Z","volume":41000,"price":4.14,"category":"ubbear"},{"type":"B","date":"2018-03-14T03:56:57.000Z","volume":56000,"price":4.13,"category":"ubbear"},{"type":"B","date":"2018-03-14T03:43:29.000Z","volume":50000,"price":4.13,"category":"ubbear"},{"type":"B","date":"2018-03-14T03:27:28.000Z","volume":40000,"price":4.14,"category":"ubbear"},{"type":"B","date":"2018-03-14T03:27:28.000Z","volume":197000,"price":4.14,"category":"ubbear"},{"type":"B","date":"2018-03-14T03:26:47.000Z","volume":69000,"price":4.15,"category":"ubbear"},{"type":"B","date":"2018-03-14T03:23:15.000Z","volume":184000,"price":4.15,"category":"ubbear"},{"type":"B","date":"2018-03-14T03:15:15.000Z","volume":50000,"price":4.16,"category":"ubbear"},{"type":"B","date":"2018-03-14T02:14:52.000Z","volume":141000,"price":4.14,"category":"ubbear"},{"type":"B","date":"2018-03-14T01:54:52.000Z","volume":40000,"price":4.14,"category":"ubbear"}]