[{"type":"U","date":"2018-03-20T01:20:00.000Z","volume":9000,"label":"U","price":5.28},{"type":"U","date":"2018-03-20T01:30:02.000Z","volume":3000,"label":" ","price":5.28},{"type":"U","date":"2018-03-20T01:30:04.000Z","volume":1000,"label":" ","price":5.22},{"type":"A","date":"2018-03-20T01:30:15.000Z","volume":17000,"label":" ","price":5.22},{"type":"B","date":"2018-03-20T01:30:19.000Z","volume":1000,"label":" ","price":5.23},{"type":"B","date":"2018-03-20T01:30:19.000Z","volume":1000,"label":" ","price":5.23},{"type":"B","date":"2018-03-20T01:30:20.000Z","volume":1000,"label":" ","price":5.22},{"type":"A","date":"2018-03-20T01:30:20.000Z","volume":3000,"label":" ","price":5.23},{"type":"A","date":"2018-03-20T01:30:29.000Z","volume":2000,"label":" ","price":5.24},{"type":"A","date":"2018-03-20T01:30:35.000Z","volume":1000,"label":" ","price":5.24},{"type":"B","date":"2018-03-20T01:31:43.000Z","volume":22000,"label":" ","price":5.22},{"type":"B","date":"2018-03-20T01:31:43.000Z","volume":12000,"label":" ","price":5.22},{"type":"B","date":"2018-03-20T01:31:43.000Z","volume":2000,"label":" ","price":5.22},{"type":"B","date":"2018-03-20T01:31:43.000Z","volume":5000,"label":" ","price":5.21},{"type":"A","date":"2018-03-20T01:31:43.000Z","volume":1000,"label":" ","price":5.22},{"type":"B","date":"2018-03-20T01:32:35.000Z","volume":4000,"label":" ","price":5.2},{"type":"A","date":"2018-03-20T01:33:14.000Z","volume":1000,"label":" ","price":5.23},{"type":"A","date":"2018-03-20T01:33:35.000Z","volume":6000,"label":"Y","price":5.23},{"type":"A","date":"2018-03-20T01:33:35.000Z","volume":3000,"label":" ","price":5.23},{"type":"A","date":"2018-03-20T01:34:19.000Z","volume":1000,"label":" ","price":5.24},{"type":"A","date":"2018-03-20T01:34:20.000Z","volume":1000,"label":" ","price":5.24},{"type":"B","date":"2018-03-20T01:34:29.000Z","volume":8000,"label":" ","price":5.23},{"type":"B","date":"2018-03-20T01:34:30.000Z","volume":1000,"label":" ","price":5.23},{"type":"B","date":"2018-03-20T01:34:51.000Z","volume":2000,"label":" ","price":5.23},{"type":"B","date":"2018-03-20T01:34:54.000Z","volume":4000,"label":" ","price":5.23},{"type":"B","date":"2018-03-20T01:34:55.000Z","volume":1000,"label":" ","price":5.23},{"type":"B","date":"2018-03-20T01:34:57.000Z","volume":2000,"label":" ","price":5.23},{"type":"B","date":"2018-03-20T01:35:24.000Z","volume":1000,"label":" ","price":5.22},{"type":"A","date":"2018-03-20T01:35:29.000Z","volume":7000,"label":" ","price":5.24},{"type":"B","date":"2018-03-20T01:35:30.000Z","volume":1000,"label":" ","price":5.23},{"type":"A","date":"2018-03-20T01:35:30.000Z","volume":5000,"label":" ","price":5.24},{"type":"A","date":"2018-03-20T01:36:04.000Z","volume":1000,"label":"Y","price":5.25},{"type":"B","date":"2018-03-20T01:36:07.000Z","volume":2000,"label":" ","price":5.25},{"type":"A","date":"2018-03-20T01:37:19.000Z","volume":7000,"label":" ","price":5.25},{"type":"B","date":"2018-03-20T01:37:24.000Z","volume":94000,"label":" ","price":5.25},{"type":"B","date":"2018-03-20T01:37:24.000Z","volume":2000,"label":" ","price":5.24},{"type":"B","date":"2018-03-20T01:37:25.000Z","volume":9000,"label":" ","price":5.24},{"type":"B","date":"2018-03-20T01:37:25.000Z","volume":1000,"label":" ","price":5.23},{"type":"B","date":"2018-03-20T01:37:25.000Z","volume":1000,"label":" ","price":5.23},{"type":"B","date":"2018-03-20T01:37:25.000Z","volume":1000,"label":" ","price":5.23},{"type":"B","date":"2018-03-20T01:37:25.000Z","volume":1000,"label":" ","price":5.23},{"type":"B","date":"2018-03-20T01:37:25.000Z","volume":2000,"label":" ","price":5.23},{"type":"B","date":"2018-03-20T01:37:25.000Z","volume":1000,"label":" ","price":5.23},{"type":"B","date":"2018-03-20T01:37:25.000Z","volume":1000,"label":" ","price":5.23},{"type":"B","date":"2018-03-20T01:37:32.000Z","volume":1000,"label":" ","price":5.23},{"type":"A","date":"2018-03-20T01:37:32.000Z","volume":24000,"label":" ","price":5.25},{"type":"A","date":"2018-03-20T01:37:32.000Z","volume":20000,"label":" ","price":5.26},{"type":"A","date":"2018-03-20T01:37:32.000Z","volume":32000,"label":" ","price":5.27},{"type":"A","date":"2018-03-20T01:37:32.000Z","volume":88000,"label":" ","price":5.28},{"type":"A","date":"2018-03-20T01:37:32.000Z","volume":36000,"label":" ","price":5.29},{"type":"A","date":"2018-03-20T01:38:11.000Z","volume":30000,"label":" ","price":5.28},{"type":"A","date":"2018-03-20T01:38:11.000Z","volume":27000,"label":" ","price":5.29},{"type":"A","date":"2018-03-20T01:38:11.000Z","volume":34000,"label":" ","price":5.3},{"type":"A","date":"2018-03-20T01:38:11.000Z","volume":9000,"label":" ","price":5.3},{"type":"A","date":"2018-03-20T01:38:12.000Z","volume":18000,"label":" ","price":5.3},{"type":"B","date":"2018-03-20T01:38:17.000Z","volume":182000,"label":" ","price":5.3},{"type":"A","date":"2018-03-20T01:39:11.000Z","volume":45000,"label":" ","price":5.29},{"type":"A","date":"2018-03-20T01:39:11.000Z","volume":32000,"label":" ","price":5.3},{"type":"A","date":"2018-03-20T01:39:11.000Z","volume":23000,"label":" ","price":5.3},{"type":"B","date":"2018-03-20T01:39:11.000Z","volume":1000,"label":" ","price":5.3},{"type":"U","date":"2018-03-20T01:40:11.000Z","volume":1000,"label":"X","price":5.29},{"type":"B","date":"2018-03-20T01:40:11.000Z","volume":1000,"label":" ","price":5.27},{"type":"B","date":"2018-03-20T01:40:15.000Z","volume":3000,"label":" ","price":5.29},{"type":"A","date":"2018-03-20T01:40:16.000Z","volume":1000,"label":" ","price":5.3},{"type":"B","date":"2018-03-20T01:40:19.000Z","volume":1000,"label":"Y","price":5.26},{"type":"A","date":"2018-03-20T01:40:25.000Z","volume":30000,"label":" ","price":5.29},{"type":"A","date":"2018-03-20T01:40:25.000Z","volume":25000,"label":" ","price":5.3},{"type":"A","date":"2018-03-20T01:40:25.000Z","volume":45000,"label":" ","price":5.32},{"type":"U","date":"2018-03-20T01:40:25.000Z","volume":2000,"label":" ","price":5.31},{"type":"B","date":"2018-03-20T01:40:48.000Z","volume":2000,"label":" ","price":5.28},{"type":"B","date":"2018-03-20T01:40:48.000Z","volume":58000,"label":" ","price":5.27},{"type":"A","date":"2018-03-20T01:40:52.000Z","volume":45000,"label":" ","price":5.27},{"type":"A","date":"2018-03-20T01:40:52.000Z","volume":1000,"label":" ","price":5.28},{"type":"B","date":"2018-03-20T01:41:07.000Z","volume":10000,"label":" ","price":5.28},{"type":"A","date":"2018-03-20T01:41:19.000Z","volume":13000,"label":" ","price":5.31},{"type":"A","date":"2018-03-20T01:41:19.000Z","volume":4000,"label":"Y","price":5.32},{"type":"A","date":"2018-03-20T01:41:19.000Z","volume":23000,"label":" ","price":5.32},{"type":"A","date":"2018-03-20T01:41:19.000Z","volume":3000,"label":" ","price":5.33},{"type":"A","date":"2018-03-20T01:41:19.000Z","volume":11000,"label":" ","price":5.34},{"type":"U","date":"2018-03-20T01:41:19.000Z","volume":1000,"label":" ","price":5.29},{"type":"A","date":"2018-03-20T01:41:26.000Z","volume":6000,"label":" ","price":5.32},{"type":"B","date":"2018-03-20T01:41:48.000Z","volume":51000,"label":" ","price":5.32},{"type":"B","date":"2018-03-20T01:41:48.000Z","volume":6000,"label":" ","price":5.32},{"type":"B","date":"2018-03-20T01:41:48.000Z","volume":1000,"label":" ","price":5.31},{"type":"U","date":"2018-03-20T01:42:08.000Z","volume":22000,"label":" ","price":5.31},{"type":"A","date":"2018-03-20T01:42:09.000Z","volume":1000,"label":" ","price":5.31},{"type":"A","date":"2018-03-20T01:42:09.000Z","volume":5000,"label":" ","price":5.32},{"type":"A","date":"2018-03-20T01:42:49.000Z","volume":69000,"label":" ","price":5.32},{"type":"A","date":"2018-03-20T01:42:49.000Z","volume":1000,"label":" ","price":5.32},{"type":"A","date":"2018-03-20T01:42:50.000Z","volume":7000,"label":" ","price":5.33},{"type":"A","date":"2018-03-20T01:42:50.000Z","volume":10000,"label":" ","price":5.34},{"type":"B","date":"2018-03-20T01:43:04.000Z","volume":2000,"label":" ","price":5.32},{"type":"B","date":"2018-03-20T01:43:28.000Z","volume":75000,"label":" ","price":5.32},{"type":"B","date":"2018-03-20T01:43:28.000Z","volume":3000,"label":" ","price":5.32},{"type":"A","date":"2018-03-20T01:43:28.000Z","volume":11000,"label":" ","price":5.33},{"type":"B","date":"2018-03-20T01:44:12.000Z","volume":1000,"label":" ","price":5.31},{"type":"B","date":"2018-03-20T01:44:13.000Z","volume":4000,"label":" ","price":5.31},{"type":"U","date":"2018-03-20T01:44:13.000Z","volume":7000,"label":"X","price":5.315},{"type":"A","date":"2018-03-20T01:44:16.000Z","volume":22000,"label":" ","price":5.32},{"type":"A","date":"2018-03-20T01:44:17.000Z","volume":6000,"label":" ","price":5.33},{"type":"U","date":"2018-03-20T01:44:44.000Z","volume":4000,"label":"X","price":5.325},{"type":"U","date":"2018-03-20T01:45:17.000Z","volume":4000,"label":"X","price":5.325},{"type":"B","date":"2018-03-20T01:46:12.000Z","volume":33000,"label":" ","price":5.32},{"type":"B","date":"2018-03-20T01:46:12.000Z","volume":23000,"label":" ","price":5.32},{"type":"B","date":"2018-03-20T01:46:12.000Z","volume":29000,"label":" ","price":5.32},{"type":"B","date":"2018-03-20T01:46:12.000Z","volume":4000,"label":"Y","price":5.32},{"type":"B","date":"2018-03-20T01:46:12.000Z","volume":52000,"label":" ","price":5.32},{"type":"B","date":"2018-03-20T01:46:12.000Z","volume":21000,"label":" ","price":5.32},{"type":"B","date":"2018-03-20T01:46:12.000Z","volume":5000,"label":" ","price":5.32},{"type":"A","date":"2018-03-20T01:46:12.000Z","volume":7000,"label":" ","price":5.33},{"type":"B","date":"2018-03-20T01:46:12.000Z","volume":4000,"label":" ","price":5.31},{"type":"B","date":"2018-03-20T01:46:12.000Z","volume":4000,"label":" ","price":5.31},{"type":"A","date":"2018-03-20T01:46:16.000Z","volume":1000,"label":" ","price":5.32},{"type":"B","date":"2018-03-20T01:46:34.000Z","volume":2000,"label":" ","price":5.31},{"type":"U","date":"2018-03-20T01:46:34.000Z","volume":7000,"label":"X","price":5.315},{"type":"A","date":"2018-03-20T01:46:48.000Z","volume":1000,"label":" ","price":5.32},{"type":"B","date":"2018-03-20T01:47:54.000Z","volume":100000,"label":" ","price":5.31},{"type":"B","date":"2018-03-20T01:47:54.000Z","volume":11000,"label":" ","price":5.31},{"type":"B","date":"2018-03-20T01:47:54.000Z","volume":12000,"label":" ","price":5.3},{"type":"U","date":"2018-03-20T01:47:56.000Z","volume":5000,"label":"X","price":5.305},{"type":"U","date":"2018-03-20T01:48:05.000Z","volume":1000,"label":"X","price":5.305},{"type":"B","date":"2018-03-20T01:48:13.000Z","volume":2000,"label":" ","price":5.3},{"type":"B","date":"2018-03-20T01:48:21.000Z","volume":45000,"label":" ","price":5.3},{"type":"U","date":"2018-03-20T01:48:21.000Z","volume":1000,"label":"X","price":5.305},{"type":"A","date":"2018-03-20T01:48:22.000Z","volume":16000,"label":" ","price":5.31},{"type":"B","date":"2018-03-20T01:48:45.000Z","volume":5000,"label":" ","price":5.3},{"type":"B","date":"2018-03-20T01:48:45.000Z","volume":50000,"label":" ","price":5.3},{"type":"B","date":"2018-03-20T01:48:45.000Z","volume":2000,"label":" ","price":5.3},{"type":"B","date":"2018-03-20T01:48:45.000Z","volume":5000,"label":" ","price":5.3},{"type":"U","date":"2018-03-20T01:48:45.000Z","volume":1000,"label":"X","price":5.3},{"type":"B","date":"2018-03-20T01:48:45.000Z","volume":2000,"label":" ","price":5.29},{"type":"U","date":"2018-03-20T01:48:45.000Z","volume":2000,"label":"X","price":5.3},{"type":"U","date":"2018-03-20T01:48:45.000Z","volume":1000,"label":"X","price":5.3},{"type":"U","date":"2018-03-20T01:48:46.000Z","volume":3000,"label":"X","price":5.295},{"type":"B","date":"2018-03-20T01:49:13.000Z","volume":2000,"label":" ","price":5.29},{"type":"A","date":"2018-03-20T01:49:28.000Z","volume":30000,"label":" ","price":5.3},{"type":"B","date":"2018-03-20T01:49:28.000Z","volume":3000,"label":" ","price":5.3},{"type":"U","date":"2018-03-20T01:49:28.000Z","volume":1000,"label":"X","price":5.305},{"type":"A","date":"2018-03-20T01:49:41.000Z","volume":31000,"label":" ","price":5.31},{"type":"A","date":"2018-03-20T01:49:42.000Z","volume":16000,"label":" ","price":5.32},{"type":"B","date":"2018-03-20T01:50:02.000Z","volume":4000,"label":" ","price":5.31},{"type":"U","date":"2018-03-20T01:50:20.000Z","volume":1000,"label":"X","price":5.3},{"type":"B","date":"2018-03-20T01:51:39.000Z","volume":4000,"label":" ","price":5.3},{"type":"B","date":"2018-03-20T01:51:49.000Z","volume":7000,"label":" ","price":5.3},{"type":"U","date":"2018-03-20T01:51:49.000Z","volume":10000,"label":"X","price":5.3},{"type":"A","date":"2018-03-20T01:51:51.000Z","volume":34000,"label":" ","price":5.31},{"type":"A","date":"2018-03-20T01:51:51.000Z","volume":66000,"label":" ","price":5.32},{"type":"B","date":"2018-03-20T01:51:51.000Z","volume":1000,"label":" ","price":5.3},{"type":"A","date":"2018-03-20T01:51:52.000Z","volume":12000,"label":" ","price":5.32},{"type":"A","date":"2018-03-20T01:51:52.000Z","volume":17000,"label":" ","price":5.33},{"type":"B","date":"2018-03-20T01:51:53.000Z","volume":3000,"label":" ","price":5.3},{"type":"A","date":"2018-03-20T01:52:24.000Z","volume":4000,"label":" ","price":5.33},{"type":"B","date":"2018-03-20T01:52:24.000Z","volume":1000,"label":" ","price":5.31},{"type":"A","date":"2018-03-20T01:52:30.000Z","volume":15000,"label":" ","price":5.33},{"type":"B","date":"2018-03-20T01:52:33.000Z","volume":2000,"label":" ","price":5.31},{"type":"B","date":"2018-03-20T01:52:55.000Z","volume":1000,"label":" ","price":5.32},{"type":"A","date":"2018-03-20T01:52:59.000Z","volume":9000,"label":" ","price":5.33},{"type":"A","date":"2018-03-20T01:52:59.000Z","volume":1000,"label":" ","price":5.33},{"type":"B","date":"2018-03-20T01:53:47.000Z","volume":10000,"label":" ","price":5.32},{"type":"B","date":"2018-03-20T01:54:11.000Z","volume":1000,"label":" ","price":5.32},{"type":"A","date":"2018-03-20T01:54:25.000Z","volume":4000,"label":" ","price":5.33},{"type":"B","date":"2018-03-20T01:55:19.000Z","volume":6000,"label":" ","price":5.32},{"type":"U","date":"2018-03-20T01:55:19.000Z","volume":7000,"label":"X","price":5.32},{"type":"B","date":"2018-03-20T01:55:24.000Z","volume":100000,"label":" ","price":5.32},{"type":"B","date":"2018-03-20T01:55:24.000Z","volume":16000,"label":" ","price":5.32},{"type":"U","date":"2018-03-20T01:55:24.000Z","volume":4000,"label":" ","price":5.32},{"type":"B","date":"2018-03-20T01:55:30.000Z","volume":1000,"label":"Y","price":5.32},{"type":"U","date":"2018-03-20T01:55:34.000Z","volume":7000,"label":"X","price":5.32},{"type":"B","date":"2018-03-20T01:55:35.000Z","volume":29000,"label":" ","price":5.31},{"type":"U","date":"2018-03-20T01:55:45.000Z","volume":7000,"label":"X","price":5.31},{"type":"B","date":"2018-03-20T01:56:28.000Z","volume":4000,"label":" ","price":5.31},{"type":"U","date":"2018-03-20T01:56:28.000Z","volume":7000,"label":"X","price":5.31},{"type":"B","date":"2018-03-20T01:56:40.000Z","volume":34000,"label":" ","price":5.31},{"type":"A","date":"2018-03-20T01:56:41.000Z","volume":7000,"label":" ","price":5.32},{"type":"A","date":"2018-03-20T01:56:41.000Z","volume":1000,"label":" ","price":5.32},{"type":"A","date":"2018-03-20T01:56:41.000Z","volume":1000,"label":" ","price":5.32},{"type":"A","date":"2018-03-20T01:56:41.000Z","volume":3000,"label":"Y","price":5.32},{"type":"A","date":"2018-03-20T01:56:41.000Z","volume":4000,"label":" ","price":5.32},{"type":"A","date":"2018-03-20T01:56:41.000Z","volume":9000,"label":" ","price":5.32},{"type":"B","date":"2018-03-20T01:56:41.000Z","volume":8000,"label":" ","price":5.31},{"type":"U","date":"2018-03-20T01:56:41.000Z","volume":1000,"label":" ","price":5.32},{"type":"U","date":"2018-03-20T01:56:41.000Z","volume":1000,"label":"X","price":5.32},{"type":"B","date":"2018-03-20T01:57:16.000Z","volume":8000,"label":" ","price":5.32},{"type":"B","date":"2018-03-20T01:57:16.000Z","volume":1000,"label":"Y","price":5.32},{"type":"B","date":"2018-03-20T01:57:16.000Z","volume":12000,"label":" ","price":5.32},{"type":"B","date":"2018-03-20T01:57:31.000Z","volume":8000,"label":" ","price":5.32},{"type":"B","date":"2018-03-20T01:57:31.000Z","volume":3000,"label":" ","price":5.31},{"type":"B","date":"2018-03-20T01:57:31.000Z","volume":29000,"label":" ","price":5.31},{"type":"B","date":"2018-03-20T01:57:33.000Z","volume":29000,"label":" ","price":5.31},{"type":"U","date":"2018-03-20T01:57:45.000Z","volume":7000,"label":"X","price":5.31},{"type":"B","date":"2018-03-20T01:58:15.000Z","volume":4000,"label":" ","price":5.31},{"type":"A","date":"2018-03-20T01:58:26.000Z","volume":2000,"label":" ","price":5.32},{"type":"A","date":"2018-03-20T01:58:26.000Z","volume":14000,"label":" ","price":5.32},{"type":"U","date":"2018-03-20T01:58:26.000Z","volume":6000,"label":"X","price":5.31},{"type":"U","date":"2018-03-20T01:59:08.000Z","volume":3000,"label":"X","price":5.31},{"type":"B","date":"2018-03-20T01:59:35.000Z","volume":5000,"label":" ","price":5.31},{"type":"U","date":"2018-03-20T01:59:36.000Z","volume":7000,"label":"X","price":5.31},{"type":"U","date":"2018-03-20T01:59:36.000Z","volume":1000,"label":"X","price":5.31},{"type":"B","date":"2018-03-20T01:59:43.000Z","volume":46000,"label":" ","price":5.31},{"type":"B","date":"2018-03-20T01:59:51.000Z","volume":2000,"label":" ","price":5.31},{"type":"A","date":"2018-03-20T02:00:03.000Z","volume":30000,"label":" ","price":5.32},{"type":"A","date":"2018-03-20T02:00:11.000Z","volume":3000,"label":" ","price":5.32},{"type":"A","date":"2018-03-20T02:00:11.000Z","volume":17000,"label":" ","price":5.32},{"type":"A","date":"2018-03-20T02:00:11.000Z","volume":1000,"label":" ","price":5.32},{"type":"B","date":"2018-03-20T02:00:16.000Z","volume":5000,"label":" ","price":5.31},{"type":"A","date":"2018-03-20T02:00:16.000Z","volume":2000,"label":" ","price":5.32},{"type":"B","date":"2018-03-20T02:00:35.000Z","volume":5000,"label":" ","price":5.31},{"type":"B","date":"2018-03-20T02:00:35.000Z","volume":5000,"label":" ","price":5.31},{"type":"A","date":"2018-03-20T02:00:43.000Z","volume":4000,"label":" ","price":5.32},{"type":"B","date":"2018-03-20T02:01:02.000Z","volume":36000,"label":" ","price":5.31},{"type":"B","date":"2018-03-20T02:01:02.000Z","volume":29000,"label":" ","price":5.31},{"type":"B","date":"2018-03-20T02:01:11.000Z","volume":29000,"label":" ","price":5.31},{"type":"B","date":"2018-03-20T02:01:11.000Z","volume":1000,"label":" ","price":5.31},{"type":"A","date":"2018-03-20T02:01:11.000Z","volume":16000,"label":" ","price":5.32},{"type":"B","date":"2018-03-20T02:01:11.000Z","volume":1000,"label":"Y","price":5.31},{"type":"B","date":"2018-03-20T02:01:20.000Z","volume":1000,"label":"Y","price":5.31},{"type":"B","date":"2018-03-20T02:01:20.000Z","volume":4000,"label":" ","price":5.31},{"type":"B","date":"2018-03-20T02:01:20.000Z","volume":4000,"label":" ","price":5.31},{"type":"B","date":"2018-03-20T02:01:20.000Z","volume":6000,"label":" ","price":5.3},{"type":"B","date":"2018-03-20T02:02:18.000Z","volume":6000,"label":" ","price":5.3},{"type":"B","date":"2018-03-20T02:03:07.000Z","volume":85000,"label":" ","price":5.3},{"type":"B","date":"2018-03-20T02:03:07.000Z","volume":29000,"label":" ","price":5.3},{"type":"B","date":"2018-03-20T02:03:07.000Z","volume":29000,"label":" ","price":5.3},{"type":"B","date":"2018-03-20T02:03:07.000Z","volume":49000,"label":" ","price":5.3},{"type":"B","date":"2018-03-20T02:03:07.000Z","volume":6000,"label":" ","price":5.29},{"type":"B","date":"2018-03-20T02:03:10.000Z","volume":7000,"label":" ","price":5.29},{"type":"B","date":"2018-03-20T02:03:10.000Z","volume":1000,"label":" ","price":5.29},{"type":"U","date":"2018-03-20T02:03:15.000Z","volume":7000,"label":"X","price":5.29},{"type":"B","date":"2018-03-20T02:03:20.000Z","volume":3000,"label":" ","price":5.29},{"type":"U","date":"2018-03-20T02:03:20.000Z","volume":1000,"label":"X","price":5.29},{"type":"U","date":"2018-03-20T02:03:34.000Z","volume":2000,"label":"X","price":5.29},{"type":"A","date":"2018-03-20T02:03:38.000Z","volume":4000,"label":" ","price":5.3},{"type":"B","date":"2018-03-20T02:04:06.000Z","volume":9000,"label":" ","price":5.29},{"type":"B","date":"2018-03-20T02:04:33.000Z","volume":1000,"label":" ","price":5.29},{"type":"A","date":"2018-03-20T02:04:43.000Z","volume":4000,"label":" ","price":5.3},{"type":"B","date":"2018-03-20T02:05:08.000Z","volume":6000,"label":" ","price":5.29},{"type":"U","date":"2018-03-20T02:05:15.000Z","volume":10000,"label":"X","price":5.29},{"type":"A","date":"2018-03-20T02:05:18.000Z","volume":10000,"label":" ","price":5.3},{"type":"A","date":"2018-03-20T02:05:22.000Z","volume":10000,"label":" ","price":5.3},{"type":"A","date":"2018-03-20T02:05:25.000Z","volume":10000,"label":" ","price":5.3},{"type":"B","date":"2018-03-20T02:05:25.000Z","volume":1000,"label":" ","price":5.29},{"type":"A","date":"2018-03-20T02:05:28.000Z","volume":10000,"label":" ","price":5.3},{"type":"A","date":"2018-03-20T02:05:30.000Z","volume":10000,"label":" ","price":5.3},{"type":"A","date":"2018-03-20T02:05:35.000Z","volume":10000,"label":" ","price":5.3},{"type":"A","date":"2018-03-20T02:05:40.000Z","volume":10000,"label":" ","price":5.3},{"type":"A","date":"2018-03-20T02:05:41.000Z","volume":3000,"label":" ","price":5.3},{"type":"B","date":"2018-03-20T02:05:49.000Z","volume":3000,"label":" ","price":5.29},{"type":"A","date":"2018-03-20T02:05:50.000Z","volume":10000,"label":" ","price":5.3},{"type":"A","date":"2018-03-20T02:05:51.000Z","volume":3000,"label":" ","price":5.3},{"type":"A","date":"2018-03-20T02:05:54.000Z","volume":10000,"label":" ","price":5.3},{"type":"A","date":"2018-03-20T02:06:01.000Z","volume":3000,"label":" ","price":5.3},{"type":"A","date":"2018-03-20T02:06:07.000Z","volume":10000,"label":" ","price":5.3},{"type":"A","date":"2018-03-20T02:06:07.000Z","volume":28000,"label":" ","price":5.3},{"type":"B","date":"2018-03-20T02:06:20.000Z","volume":1000,"label":" ","price":5.3},{"type":"B","date":"2018-03-20T02:06:31.000Z","volume":8000,"label":" ","price":5.3},{"type":"B","date":"2018-03-20T02:06:31.000Z","volume":2000,"label":" ","price":5.29},{"type":"B","date":"2018-03-20T02:07:00.000Z","volume":40000,"label":" ","price":5.3},{"type":"B","date":"2018-03-20T02:07:00.000Z","volume":29000,"label":" ","price":5.3},{"type":"B","date":"2018-03-20T02:07:00.000Z","volume":29000,"label":" ","price":5.3},{"type":"B","date":"2018-03-20T02:07:00.000Z","volume":1000,"label":" ","price":5.3},{"type":"A","date":"2018-03-20T02:07:03.000Z","volume":40000,"label":" ","price":5.31},{"type":"B","date":"2018-03-20T02:07:03.000Z","volume":6000,"label":" ","price":5.31},{"type":"B","date":"2018-03-20T02:07:08.000Z","volume":53000,"label":" ","price":5.31},{"type":"B","date":"2018-03-20T02:07:08.000Z","volume":1000,"label":" ","price":5.31},{"type":"U","date":"2018-03-20T02:07:15.000Z","volume":15000,"label":"X","price":5.3},{"type":"B","date":"2018-03-20T02:07:43.000Z","volume":1000,"label":" ","price":5.3},{"type":"B","date":"2018-03-20T02:07:56.000Z","volume":5000,"label":" ","price":5.3},{"type":"B","date":"2018-03-20T02:08:20.000Z","volume":3000,"label":" ","price":5.3},{"type":"A","date":"2018-03-20T02:08:31.000Z","volume":3000,"label":" ","price":5.3},{"type":"A","date":"2018-03-20T02:08:43.000Z","volume":3000,"label":" ","price":5.3},{"type":"A","date":"2018-03-20T02:08:56.000Z","volume":3000,"label":" ","price":5.3},{"type":"A","date":"2018-03-20T02:09:10.000Z","volume":3000,"label":" ","price":5.3},{"type":"A","date":"2018-03-20T02:09:19.000Z","volume":3000,"label":" ","price":5.3},{"type":"A","date":"2018-03-20T02:09:27.000Z","volume":3000,"label":" ","price":5.3},{"type":"A","date":"2018-03-20T02:09:37.000Z","volume":3000,"label":" ","price":5.3},{"type":"B","date":"2018-03-20T02:09:40.000Z","volume":164000,"label":" ","price":5.29},{"type":"B","date":"2018-03-20T02:09:40.000Z","volume":3000,"label":" ","price":5.28},{"type":"B","date":"2018-03-20T02:09:40.000Z","volume":29000,"label":" ","price":5.28},{"type":"B","date":"2018-03-20T02:09:45.000Z","volume":29000,"label":" ","price":5.28},{"type":"A","date":"2018-03-20T02:09:48.000Z","volume":3000,"label":" ","price":5.29},{"type":"B","date":"2018-03-20T02:09:52.000Z","volume":19000,"label":" ","price":5.28},{"type":"A","date":"2018-03-20T02:09:57.000Z","volume":100000,"label":" ","price":5.29},{"type":"A","date":"2018-03-20T02:10:04.000Z","volume":3000,"label":" ","price":5.29},{"type":"B","date":"2018-03-20T02:10:07.000Z","volume":6000,"label":" ","price":5.28},{"type":"A","date":"2018-03-20T02:10:08.000Z","volume":1000,"label":" ","price":5.29},{"type":"B","date":"2018-03-20T02:10:20.000Z","volume":1000,"label":" ","price":5.28},{"type":"A","date":"2018-03-20T02:10:27.000Z","volume":3000,"label":" ","price":5.29},{"type":"A","date":"2018-03-20T02:10:40.000Z","volume":3000,"label":" ","price":5.29},{"type":"A","date":"2018-03-20T02:10:55.000Z","volume":3000,"label":" ","price":5.29},{"type":"A","date":"2018-03-20T02:11:14.000Z","volume":3000,"label":" ","price":5.29},{"type":"A","date":"2018-03-20T02:11:41.000Z","volume":17000,"label":" ","price":5.29},{"type":"B","date":"2018-03-20T02:11:42.000Z","volume":2000,"label":" ","price":5.29},{"type":"A","date":"2018-03-20T02:12:58.000Z","volume":4000,"label":" ","price":5.3},{"type":"A","date":"2018-03-20T02:13:02.000Z","volume":3000,"label":" ","price":5.3},{"type":"B","date":"2018-03-20T02:13:12.000Z","volume":2000,"label":" ","price":5.29},{"type":"A","date":"2018-03-20T02:13:17.000Z","volume":3000,"label":" ","price":5.3},{"type":"A","date":"2018-03-20T02:13:31.000Z","volume":3000,"label":" ","price":5.3},{"type":"B","date":"2018-03-20T02:13:42.000Z","volume":1000,"label":" ","price":5.29},{"type":"B","date":"2018-03-20T02:14:07.000Z","volume":2000,"label":" ","price":5.29},{"type":"U","date":"2018-03-20T02:14:07.000Z","volume":5000,"label":"X","price":5.29},{"type":"B","date":"2018-03-20T02:14:09.000Z","volume":29000,"label":" ","price":5.29},{"type":"U","date":"2018-03-20T02:14:15.000Z","volume":1000,"label":"X","price":5.29},{"type":"U","date":"2018-03-20T02:14:15.000Z","volume":10000,"label":"X","price":5.29},{"type":"B","date":"2018-03-20T02:14:19.000Z","volume":22000,"label":" ","price":5.29},{"type":"B","date":"2018-03-20T02:14:19.000Z","volume":1000,"label":"Y","price":5.29},{"type":"B","date":"2018-03-20T02:14:19.000Z","volume":28000,"label":" ","price":5.29},{"type":"B","date":"2018-03-20T02:14:20.000Z","volume":1000,"label":"Y","price":5.29},{"type":"B","date":"2018-03-20T02:14:20.000Z","volume":1000,"label":" ","price":5.29},{"type":"U","date":"2018-03-20T02:14:34.000Z","volume":2000,"label":"X","price":5.28},{"type":"A","date":"2018-03-20T02:14:37.000Z","volume":52000,"label":" ","price":5.29},{"type":"U","date":"2018-03-20T02:14:45.000Z","volume":1000,"label":"X","price":5.29},{"type":"A","date":"2018-03-20T02:15:12.000Z","volume":27000,"label":" ","price":5.3},{"type":"B","date":"2018-03-20T02:15:24.000Z","volume":3000,"label":" ","price":5.29},{"type":"B","date":"2018-03-20T02:16:20.000Z","volume":3000,"label":" ","price":5.29},{"type":"U","date":"2018-03-20T02:16:34.000Z","volume":2000,"label":"X","price":5.29},{"type":"A","date":"2018-03-20T02:17:04.000Z","volume":4000,"label":" ","price":5.3},{"type":"B","date":"2018-03-20T02:17:59.000Z","volume":40000,"label":" ","price":5.29},{"type":"B","date":"2018-03-20T02:17:59.000Z","volume":3000,"label":" ","price":5.29},{"type":"U","date":"2018-03-20T02:17:59.000Z","volume":8000,"label":"X","price":5.29},{"type":"B","date":"2018-03-20T02:17:59.000Z","volume":1000,"label":" ","price":5.29},{"type":"B","date":"2018-03-20T02:18:02.000Z","volume":5000,"label":" ","price":5.29},{"type":"U","date":"2018-03-20T02:18:15.000Z","volume":2000,"label":"X","price":5.29},{"type":"A","date":"2018-03-20T02:18:24.000Z","volume":42000,"label":" ","price":5.29},{"type":"A","date":"2018-03-20T02:18:24.000Z","volume":3000,"label":" ","price":5.29},{"type":"A","date":"2018-03-20T02:18:33.000Z","volume":31000,"label":" ","price":5.3},{"type":"A","date":"2018-03-20T02:18:33.000Z","volume":14000,"label":" ","price":5.31},{"type":"A","date":"2018-03-20T02:18:33.000Z","volume":55000,"label":" ","price":5.32},{"type":"U","date":"2018-03-20T02:18:45.000Z","volume":1000,"label":"X","price":5.295},{"type":"U","date":"2018-03-20T02:19:04.000Z","volume":2000,"label":"X","price":5.29},{"type":"B","date":"2018-03-20T02:19:54.000Z","volume":13000,"label":" ","price":5.29},{"type":"U","date":"2018-03-20T02:19:54.000Z","volume":7000,"label":"X","price":5.29},{"type":"B","date":"2018-03-20T02:20:02.000Z","volume":20000,"label":" ","price":5.29},{"type":"A","date":"2018-03-20T02:21:12.000Z","volume":2000,"label":"Y","price":5.3},{"type":"A","date":"2018-03-20T02:21:12.000Z","volume":1000,"label":" ","price":5.3},{"type":"U","date":"2018-03-20T02:21:39.000Z","volume":1000,"label":"X","price":5.295},{"type":"A","date":"2018-03-20T02:22:05.000Z","volume":1000,"label":" ","price":5.3},{"type":"B","date":"2018-03-20T02:22:08.000Z","volume":9000,"label":" ","price":5.29},{"type":"B","date":"2018-03-20T02:22:58.000Z","volume":20000,"label":" ","price":5.29},{"type":"B","date":"2018-03-20T02:22:58.000Z","volume":29000,"label":" ","price":5.28},{"type":"B","date":"2018-03-20T02:22:58.000Z","volume":4000,"label":" ","price":5.28},{"type":"B","date":"2018-03-20T02:22:58.000Z","volume":29000,"label":" ","price":5.28},{"type":"U","date":"2018-03-20T02:23:05.000Z","volume":2000,"label":"X","price":5.28},{"type":"U","date":"2018-03-20T02:23:46.000Z","volume":1000,"label":"X","price":5.28},{"type":"A","date":"2018-03-20T02:24:05.000Z","volume":100000,"label":" ","price":5.29},{"type":"A","date":"2018-03-20T02:24:26.000Z","volume":35000,"label":" ","price":5.29},{"type":"B","date":"2018-03-20T02:24:26.000Z","volume":3000,"label":" ","price":5.29},{"type":"B","date":"2018-03-20T02:24:26.000Z","volume":3000,"label":" ","price":5.29},{"type":"U","date":"2018-03-20T02:24:26.000Z","volume":1000,"label":"X","price":5.295},{"type":"B","date":"2018-03-20T02:24:26.000Z","volume":1000,"label":" ","price":5.29},{"type":"U","date":"2018-03-20T02:24:46.000Z","volume":1000,"label":"X","price":5.29},{"type":"A","date":"2018-03-20T02:24:49.000Z","volume":1000,"label":" ","price":5.3},{"type":"A","date":"2018-03-20T02:25:21.000Z","volume":4000,"label":" ","price":5.3},{"type":"A","date":"2018-03-20T02:27:15.000Z","volume":5000,"label":" ","price":5.3},{"type":"B","date":"2018-03-20T02:27:16.000Z","volume":3000,"label":" ","price":5.29},{"type":"A","date":"2018-03-20T02:29:00.000Z","volume":1000,"label":" ","price":5.3},{"type":"B","date":"2018-03-20T02:29:00.000Z","volume":1000,"label":" ","price":5.29},{"type":"U","date":"2018-03-20T02:29:00.000Z","volume":7000,"label":"X","price":5.29},{"type":"B","date":"2018-03-20T02:29:05.000Z","volume":10000,"label":" ","price":5.29},{"type":"B","date":"2018-03-20T02:29:05.000Z","volume":56000,"label":" ","price":5.29},{"type":"B","date":"2018-03-20T02:29:05.000Z","volume":29000,"label":" ","price":5.29},{"type":"B","date":"2018-03-20T02:29:05.000Z","volume":29000,"label":" ","price":5.29},{"type":"B","date":"2018-03-20T02:29:05.000Z","volume":24000,"label":" ","price":5.29},{"type":"B","date":"2018-03-20T02:29:05.000Z","volume":26000,"label":" ","price":5.29},{"type":"B","date":"2018-03-20T02:29:10.000Z","volume":1000,"label":" ","price":5.28},{"type":"U","date":"2018-03-20T02:29:16.000Z","volume":1000,"label":"X","price":5.29},{"type":"B","date":"2018-03-20T02:29:35.000Z","volume":3000,"label":" ","price":5.28},{"type":"B","date":"2018-03-20T02:29:35.000Z","volume":1000,"label":" ","price":5.28},{"type":"A","date":"2018-03-20T02:29:36.000Z","volume":30000,"label":" ","price":5.29},{"type":"A","date":"2018-03-20T02:29:36.000Z","volume":2000,"label":" ","price":5.29},{"type":"U","date":"2018-03-20T02:29:46.000Z","volume":7000,"label":"X","price":5.28},{"type":"U","date":"2018-03-20T02:29:49.000Z","volume":1000,"label":"X","price":5.295},{"type":"B","date":"2018-03-20T02:30:34.000Z","volume":9000,"label":" ","price":5.29},{"type":"B","date":"2018-03-20T02:31:08.000Z","volume":8000,"label":" ","price":5.29},{"type":"U","date":"2018-03-20T02:31:32.000Z","volume":6000,"label":"X","price":5.29},{"type":"B","date":"2018-03-20T02:31:33.000Z","volume":10000,"label":" ","price":5.29},{"type":"B","date":"2018-03-20T02:32:10.000Z","volume":30000,"label":" ","price":5.29},{"type":"U","date":"2018-03-20T02:32:16.000Z","volume":2000,"label":"X","price":5.29},{"type":"B","date":"2018-03-20T02:32:20.000Z","volume":4000,"label":" ","price":5.29},{"type":"B","date":"2018-03-20T02:32:20.000Z","volume":4000,"label":" ","price":5.29},{"type":"B","date":"2018-03-20T02:32:20.000Z","volume":3000,"label":" ","price":5.29},{"type":"B","date":"2018-03-20T02:32:20.000Z","volume":1000,"label":" ","price":5.29},{"type":"B","date":"2018-03-20T02:32:20.000Z","volume":2000,"label":" ","price":5.28},{"type":"B","date":"2018-03-20T02:32:22.000Z","volume":3000,"label":" ","price":5.28},{"type":"U","date":"2018-03-20T02:32:22.000Z","volume":1000,"label":"X","price":5.28},{"type":"B","date":"2018-03-20T02:32:22.000Z","volume":4000,"label":" ","price":5.28},{"type":"A","date":"2018-03-20T02:32:41.000Z","volume":32000,"label":" ","price":5.29},{"type":"U","date":"2018-03-20T02:33:05.000Z","volume":1000,"label":"X","price":5.29},{"type":"U","date":"2018-03-20T02:33:35.000Z","volume":1000,"label":"X","price":5.29},{"type":"B","date":"2018-03-20T02:35:10.000Z","volume":4000,"label":" ","price":5.29},{"type":"B","date":"2018-03-20T02:35:20.000Z","volume":1000,"label":" ","price":5.29},{"type":"B","date":"2018-03-20T02:35:21.000Z","volume":7000,"label":" ","price":5.29},{"type":"B","date":"2018-03-20T02:35:21.000Z","volume":29000,"label":" ","price":5.29},{"type":"B","date":"2018-03-20T02:35:21.000Z","volume":21000,"label":" ","price":5.29},{"type":"B","date":"2018-03-20T02:35:21.000Z","volume":7000,"label":" ","price":5.29},{"type":"B","date":"2018-03-20T02:35:21.000Z","volume":1000,"label":" ","price":5.29},{"type":"U","date":"2018-03-20T02:35:35.000Z","volume":1000,"label":"X","price":5.28},{"type":"A","date":"2018-03-20T02:35:44.000Z","volume":30000,"label":" ","price":5.29},{"type":"A","date":"2018-03-20T02:35:44.000Z","volume":4000,"label":" ","price":5.29},{"type":"U","date":"2018-03-20T02:36:05.000Z","volume":2000,"label":"X","price":5.29},{"type":"B","date":"2018-03-20T02:36:08.000Z","volume":66000,"label":" ","price":5.29},{"type":"B","date":"2018-03-20T02:36:09.000Z","volume":1000,"label":" ","price":5.28},{"type":"U","date":"2018-03-20T02:36:15.000Z","volume":4000,"label":"X","price":5.28},{"type":"U","date":"2018-03-20T02:36:16.000Z","volume":3000,"label":"X","price":5.28},{"type":"A","date":"2018-03-20T02:36:35.000Z","volume":9000,"label":" ","price":5.29},{"type":"B","date":"2018-03-20T02:36:49.000Z","volume":1000,"label":" ","price":5.29},{"type":"A","date":"2018-03-20T02:37:25.000Z","volume":10000,"label":" ","price":5.3},{"type":"A","date":"2018-03-20T02:37:26.000Z","volume":10000,"label":" ","price":5.3},{"type":"A","date":"2018-03-20T02:37:28.000Z","volume":10000,"label":" ","price":5.3},{"type":"B","date":"2018-03-20T02:37:28.000Z","volume":2000,"label":" ","price":5.29},{"type":"U","date":"2018-03-20T02:37:28.000Z","volume":3000,"label":"X","price":5.29},{"type":"A","date":"2018-03-20T02:37:32.000Z","volume":10000,"label":" ","price":5.3},{"type":"A","date":"2018-03-20T02:37:35.000Z","volume":10000,"label":" ","price":5.3},{"type":"A","date":"2018-03-20T02:37:47.000Z","volume":28000,"label":" ","price":5.3},{"type":"A","date":"2018-03-20T02:38:00.000Z","volume":1000,"label":" ","price":5.31},{"type":"A","date":"2018-03-20T02:38:03.000Z","volume":13000,"label":" ","price":5.31},{"type":"A","date":"2018-03-20T02:38:31.000Z","volume":4000,"label":" ","price":5.32},{"type":"A","date":"2018-03-20T02:38:36.000Z","volume":5000,"label":" ","price":5.32},{"type":"A","date":"2018-03-20T02:38:41.000Z","volume":4000,"label":" ","price":5.32},{"type":"A","date":"2018-03-20T02:38:46.000Z","volume":4000,"label":" ","price":5.32},{"type":"A","date":"2018-03-20T02:38:51.000Z","volume":4000,"label":" ","price":5.32},{"type":"A","date":"2018-03-20T02:38:58.000Z","volume":4000,"label":" ","price":5.32},{"type":"A","date":"2018-03-20T02:39:04.000Z","volume":3000,"label":" ","price":5.32},{"type":"A","date":"2018-03-20T02:40:16.000Z","volume":4000,"label":" ","price":5.32},{"type":"A","date":"2018-03-20T02:40:21.000Z","volume":5000,"label":" ","price":5.32},{"type":"A","date":"2018-03-20T02:40:26.000Z","volume":6000,"label":" ","price":5.32},{"type":"B","date":"2018-03-20T02:40:26.000Z","volume":1000,"label":" ","price":5.31},{"type":"B","date":"2018-03-20T02:40:40.000Z","volume":391000,"label":" ","price":5.31},{"type":"B","date":"2018-03-20T02:40:40.000Z","volume":109000,"label":" ","price":5.3},{"type":"B","date":"2018-03-20T02:40:40.000Z","volume":13000,"label":" ","price":5.3},{"type":"B","date":"2018-03-20T02:40:40.000Z","volume":29000,"label":" ","price":5.3},{"type":"B","date":"2018-03-20T02:40:41.000Z","volume":1000,"label":"Y","price":5.3},{"type":"B","date":"2018-03-20T02:40:41.000Z","volume":28000,"label":" ","price":5.3},{"type":"B","date":"2018-03-20T02:40:41.000Z","volume":6000,"label":" ","price":5.3},{"type":"B","date":"2018-03-20T02:40:42.000Z","volume":1000,"label":" ","price":5.3},{"type":"B","date":"2018-03-20T02:40:42.000Z","volume":2000,"label":" ","price":5.3},{"type":"B","date":"2018-03-20T02:40:42.000Z","volume":2000,"label":" ","price":5.29},{"type":"B","date":"2018-03-20T02:40:42.000Z","volume":16000,"label":" ","price":5.29},{"type":"A","date":"2018-03-20T02:40:48.000Z","volume":1000,"label":" ","price":5.3},{"type":"U","date":"2018-03-20T02:41:05.000Z","volume":1000,"label":"X","price":5.3},{"type":"U","date":"2018-03-20T02:41:05.000Z","volume":7000,"label":"X","price":5.3},{"type":"A","date":"2018-03-20T02:41:17.000Z","volume":1000,"label":" ","price":5.3},{"type":"U","date":"2018-03-20T02:42:33.000Z","volume":9000,"label":"X","price":5.29},{"type":"B","date":"2018-03-20T02:42:38.000Z","volume":30000,"label":" ","price":5.29},{"type":"U","date":"2018-03-20T02:42:46.000Z","volume":1000,"label":"X","price":5.29},{"type":"B","date":"2018-03-20T02:43:16.000Z","volume":4000,"label":" ","price":5.29},{"type":"B","date":"2018-03-20T02:43:57.000Z","volume":50000,"label":" ","price":5.29},{"type":"U","date":"2018-03-20T02:43:57.000Z","volume":4000,"label":"X","price":5.29},{"type":"U","date":"2018-03-20T02:44:05.000Z","volume":1000,"label":"X","price":5.29},{"type":"B","date":"2018-03-20T02:44:14.000Z","volume":4000,"label":" ","price":5.29},{"type":"B","date":"2018-03-20T02:44:15.000Z","volume":50000,"label":" ","price":5.29},{"type":"U","date":"2018-03-20T02:44:35.000Z","volume":1000,"label":"X","price":5.29},{"type":"U","date":"2018-03-20T02:44:35.000Z","volume":2000,"label":"X","price":5.29},{"type":"B","date":"2018-03-20T02:44:46.000Z","volume":3000,"label":" ","price":5.29},{"type":"B","date":"2018-03-20T02:45:05.000Z","volume":3000,"label":" ","price":5.29},{"type":"B","date":"2018-03-20T02:45:05.000Z","volume":3000,"label":" ","price":5.29},{"type":"B","date":"2018-03-20T02:45:11.000Z","volume":100000,"label":" ","price":5.29},{"type":"B","date":"2018-03-20T02:45:11.000Z","volume":4000,"label":" ","price":5.29},{"type":"B","date":"2018-03-20T02:45:11.000Z","volume":3000,"label":" ","price":5.28},{"type":"U","date":"2018-03-20T02:45:14.000Z","volume":2000,"label":"X","price":5.28},{"type":"B","date":"2018-03-20T02:45:14.000Z","volume":3000,"label":" ","price":5.28},{"type":"U","date":"2018-03-20T02:45:35.000Z","volume":1000,"label":"X","price":5.28},{"type":"U","date":"2018-03-20T02:45:35.000Z","volume":1000,"label":"X","price":5.28},{"type":"A","date":"2018-03-20T02:45:39.000Z","volume":30000,"label":" ","price":5.29},{"type":"B","date":"2018-03-20T02:45:49.000Z","volume":1000,"label":" ","price":5.29},{"type":"B","date":"2018-03-20T02:45:58.000Z","volume":50000,"label":" ","price":5.29},{"type":"B","date":"2018-03-20T02:45:58.000Z","volume":20000,"label":" ","price":5.29},{"type":"B","date":"2018-03-20T02:45:58.000Z","volume":3000,"label":" ","price":5.28},{"type":"B","date":"2018-03-20T02:45:58.000Z","volume":2000,"label":" ","price":5.28},{"type":"A","date":"2018-03-20T02:46:25.000Z","volume":14000,"label":" ","price":5.29},{"type":"U","date":"2018-03-20T02:46:35.000Z","volume":1000,"label":"X","price":5.29},{"type":"U","date":"2018-03-20T02:46:35.000Z","volume":1000,"label":"X","price":5.29},{"type":"B","date":"2018-03-20T02:46:41.000Z","volume":60000,"label":" ","price":5.29},{"type":"B","date":"2018-03-20T02:46:41.000Z","volume":24000,"label":" ","price":5.29},{"type":"B","date":"2018-03-20T02:46:42.000Z","volume":2000,"label":" ","price":5.29},{"type":"B","date":"2018-03-20T02:46:42.000Z","volume":4000,"label":" ","price":5.28},{"type":"U","date":"2018-03-20T02:47:39.000Z","volume":6000,"label":"X","price":5.28},{"type":"B","date":"2018-03-20T02:47:40.000Z","volume":10000,"label":" ","price":5.28},{"type":"B","date":"2018-03-20T02:48:30.000Z","volume":2000,"label":" ","price":5.28},{"type":"U","date":"2018-03-20T02:48:35.000Z","volume":2000,"label":"X","price":5.28},{"type":"B","date":"2018-03-20T02:49:39.000Z","volume":2000,"label":" ","price":5.28},{"type":"U","date":"2018-03-20T02:49:39.000Z","volume":7000,"label":"X","price":5.28},{"type":"B","date":"2018-03-20T02:49:44.000Z","volume":109000,"label":" ","price":5.28},{"type":"B","date":"2018-03-20T02:49:44.000Z","volume":50000,"label":" ","price":5.28},{"type":"B","date":"2018-03-20T02:49:45.000Z","volume":24000,"label":" ","price":5.27},{"type":"B","date":"2018-03-20T02:49:45.000Z","volume":82000,"label":" ","price":5.27},{"type":"B","date":"2018-03-20T02:49:45.000Z","volume":8000,"label":" ","price":5.26},{"type":"B","date":"2018-03-20T02:49:45.000Z","volume":6000,"label":" ","price":5.26},{"type":"B","date":"2018-03-20T02:49:49.000Z","volume":24000,"label":" ","price":5.26},{"type":"B","date":"2018-03-20T02:49:57.000Z","volume":1000,"label":" ","price":5.26},{"type":"U","date":"2018-03-20T02:50:05.000Z","volume":2000,"label":"X","price":5.27},{"type":"U","date":"2018-03-20T02:50:05.000Z","volume":1000,"label":"X","price":5.26},{"type":"B","date":"2018-03-20T02:50:05.000Z","volume":3000,"label":" ","price":5.26},{"type":"B","date":"2018-03-20T02:50:05.000Z","volume":2000,"label":" ","price":5.26},{"type":"U","date":"2018-03-20T02:50:13.000Z","volume":2000,"label":"X","price":5.25},{"type":"B","date":"2018-03-20T02:50:23.000Z","volume":20000,"label":" ","price":5.25},{"type":"B","date":"2018-03-20T02:50:25.000Z","volume":10000,"label":" ","price":5.25},{"type":"B","date":"2018-03-20T02:50:25.000Z","volume":25000,"label":" ","price":5.25},{"type":"B","date":"2018-03-20T02:50:25.000Z","volume":3000,"label":" ","price":5.24},{"type":"B","date":"2018-03-20T02:50:41.000Z","volume":48000,"label":" ","price":5.24},{"type":"B","date":"2018-03-20T02:51:31.000Z","volume":1000,"label":" ","price":5.23},{"type":"A","date":"2018-03-20T02:51:35.000Z","volume":1000,"label":" ","price":5.24},{"type":"B","date":"2018-03-20T02:53:06.000Z","volume":6000,"label":" ","price":5.23},{"type":"U","date":"2018-03-20T02:53:06.000Z","volume":5000,"label":"X","price":5.23},{"type":"A","date":"2018-03-20T02:53:08.000Z","volume":10000,"label":" ","price":5.24},{"type":"B","date":"2018-03-20T02:54:34.000Z","volume":3000,"label":" ","price":5.23},{"type":"B","date":"2018-03-20T02:55:05.000Z","volume":3000,"label":" ","price":5.23},{"type":"B","date":"2018-03-20T02:55:16.000Z","volume":13000,"label":" ","price":5.23},{"type":"B","date":"2018-03-20T02:56:05.000Z","volume":3000,"label":" ","price":5.23},{"type":"B","date":"2018-03-20T02:56:33.000Z","volume":1000,"label":" ","price":5.23},{"type":"B","date":"2018-03-20T02:57:16.000Z","volume":1000,"label":" ","price":5.23},{"type":"B","date":"2018-03-20T02:57:35.000Z","volume":3000,"label":" ","price":5.23},{"type":"B","date":"2018-03-20T02:57:45.000Z","volume":2000,"label":" ","price":5.23},{"type":"B","date":"2018-03-20T02:57:59.000Z","volume":10000,"label":" ","price":5.23},{"type":"A","date":"2018-03-20T02:58:28.000Z","volume":1000,"label":" ","price":5.24},{"type":"U","date":"2018-03-20T02:58:49.000Z","volume":10000,"label":"X","price":5.23},{"type":"U","date":"2018-03-20T02:58:49.000Z","volume":6000,"label":"X","price":5.23},{"type":"B","date":"2018-03-20T02:58:49.000Z","volume":2000,"label":" ","price":5.23},{"type":"B","date":"2018-03-20T02:58:50.000Z","volume":3000,"label":" ","price":5.23},{"type":"U","date":"2018-03-20T02:59:30.000Z","volume":3000,"label":"X","price":5.23},{"type":"B","date":"2018-03-20T03:00:00.000Z","volume":3000,"label":" ","price":5.23},{"type":"B","date":"2018-03-20T03:00:02.000Z","volume":3000,"label":" ","price":5.23},{"type":"U","date":"2018-03-20T03:00:16.000Z","volume":7000,"label":"X","price":5.23},{"type":"B","date":"2018-03-20T03:00:20.000Z","volume":3000,"label":" ","price":5.23},{"type":"B","date":"2018-03-20T03:00:31.000Z","volume":1000,"label":" ","price":5.23},{"type":"A","date":"2018-03-20T03:00:44.000Z","volume":1000,"label":" ","price":5.24},{"type":"B","date":"2018-03-20T03:02:05.000Z","volume":2000,"label":" ","price":5.23},{"type":"B","date":"2018-03-20T03:02:57.000Z","volume":1000,"label":" ","price":5.23},{"type":"B","date":"2018-03-20T03:02:57.000Z","volume":2000,"label":" ","price":5.23},{"type":"A","date":"2018-03-20T03:03:00.000Z","volume":1000,"label":" ","price":5.24},{"type":"A","date":"2018-03-20T03:03:00.000Z","volume":1000,"label":" ","price":5.24},{"type":"B","date":"2018-03-20T03:03:05.000Z","volume":1000,"label":" ","price":5.23},{"type":"B","date":"2018-03-20T03:03:05.000Z","volume":3000,"label":" ","price":5.23},{"type":"A","date":"2018-03-20T03:04:00.000Z","volume":1000,"label":" ","price":5.24},{"type":"A","date":"2018-03-20T03:04:16.000Z","volume":4000,"label":" ","price":5.24},{"type":"U","date":"2018-03-20T03:04:16.000Z","volume":3000,"label":"X","price":5.23},{"type":"A","date":"2018-03-20T03:04:42.000Z","volume":3000,"label":" ","price":5.24},{"type":"B","date":"2018-03-20T03:04:49.000Z","volume":3000,"label":" ","price":5.23},{"type":"A","date":"2018-03-20T03:04:56.000Z","volume":1000,"label":" ","price":5.24},{"type":"B","date":"2018-03-20T03:05:00.000Z","volume":2000,"label":" ","price":5.23},{"type":"A","date":"2018-03-20T03:05:16.000Z","volume":1000,"label":" ","price":5.24},{"type":"B","date":"2018-03-20T03:05:49.000Z","volume":3000,"label":" ","price":5.23},{"type":"A","date":"2018-03-20T03:05:57.000Z","volume":10000,"label":" ","price":5.24},{"type":"B","date":"2018-03-20T03:06:20.000Z","volume":3000,"label":" ","price":5.23},{"type":"A","date":"2018-03-20T03:06:53.000Z","volume":2000,"label":" ","price":5.24},{"type":"B","date":"2018-03-20T03:07:05.000Z","volume":1000,"label":" ","price":5.23},{"type":"A","date":"2018-03-20T03:07:09.000Z","volume":15000,"label":" ","price":5.24},{"type":"B","date":"2018-03-20T03:07:09.000Z","volume":1000,"label":" ","price":5.23},{"type":"A","date":"2018-03-20T03:07:31.000Z","volume":1000,"label":" ","price":5.24},{"type":"B","date":"2018-03-20T03:07:50.000Z","volume":3000,"label":" ","price":5.23},{"type":"A","date":"2018-03-20T03:08:36.000Z","volume":7000,"label":" ","price":5.24},{"type":"A","date":"2018-03-20T03:08:36.000Z","volume":1000,"label":" ","price":5.24},{"type":"U","date":"2018-03-20T03:08:36.000Z","volume":1000,"label":"X","price":5.235},{"type":"B","date":"2018-03-20T03:08:36.000Z","volume":1000,"label":" ","price":5.23},{"type":"B","date":"2018-03-20T03:08:58.000Z","volume":20000,"label":" ","price":5.23},{"type":"B","date":"2018-03-20T03:09:05.000Z","volume":3000,"label":" ","price":5.23},{"type":"B","date":"2018-03-20T03:10:04.000Z","volume":2000,"label":" ","price":5.23},{"type":"B","date":"2018-03-20T03:10:20.000Z","volume":4000,"label":" ","price":5.23},{"type":"U","date":"2018-03-20T03:12:07.000Z","volume":7000,"label":"X","price":5.23},{"type":"B","date":"2018-03-20T03:12:13.000Z","volume":1000,"label":" ","price":5.23},{"type":"B","date":"2018-03-20T03:12:13.000Z","volume":3000,"label":" ","price":5.23},{"type":"B","date":"2018-03-20T03:12:34.000Z","volume":3000,"label":" ","price":5.23},{"type":"B","date":"2018-03-20T03:14:14.000Z","volume":2000,"label":" ","price":5.23},{"type":"U","date":"2018-03-20T03:14:14.000Z","volume":2000,"label":"X","price":5.23},{"type":"B","date":"2018-03-20T03:14:14.000Z","volume":2000,"label":" ","price":5.23},{"type":"B","date":"2018-03-20T03:14:35.000Z","volume":3000,"label":" ","price":5.23},{"type":"B","date":"2018-03-20T03:16:08.000Z","volume":10000,"label":" ","price":5.23},{"type":"B","date":"2018-03-20T03:16:29.000Z","volume":1000,"label":" ","price":5.23},{"type":"B","date":"2018-03-20T03:16:29.000Z","volume":2000,"label":" ","price":5.23},{"type":"A","date":"2018-03-20T03:16:36.000Z","volume":1000,"label":" ","price":5.24},{"type":"B","date":"2018-03-20T03:17:20.000Z","volume":4000,"label":" ","price":5.23},{"type":"A","date":"2018-03-20T03:17:30.000Z","volume":1000,"label":" ","price":5.24},{"type":"A","date":"2018-03-20T03:17:36.000Z","volume":7000,"label":" ","price":5.24},{"type":"A","date":"2018-03-20T03:18:52.000Z","volume":1000,"label":" ","price":5.24},{"type":"B","date":"2018-03-20T03:19:40.000Z","volume":2000,"label":" ","price":5.23},{"type":"B","date":"2018-03-20T03:19:50.000Z","volume":4000,"label":" ","price":5.23},{"type":"U","date":"2018-03-20T03:20:10.000Z","volume":4000,"label":"X","price":5.23},{"type":"A","date":"2018-03-20T03:20:30.000Z","volume":1000,"label":" ","price":5.24},{"type":"A","date":"2018-03-20T03:20:58.000Z","volume":1000,"label":" ","price":5.24},{"type":"A","date":"2018-03-20T03:21:08.000Z","volume":1000,"label":" ","price":5.24},{"type":"B","date":"2018-03-20T03:21:20.000Z","volume":3000,"label":" ","price":5.23},{"type":"A","date":"2018-03-20T03:22:17.000Z","volume":1000,"label":" ","price":5.24},{"type":"B","date":"2018-03-20T03:22:17.000Z","volume":2000,"label":" ","price":5.23},{"type":"B","date":"2018-03-20T03:22:17.000Z","volume":3000,"label":" ","price":5.23},{"type":"B","date":"2018-03-20T03:22:27.000Z","volume":1000,"label":" ","price":5.23},{"type":"A","date":"2018-03-20T03:22:32.000Z","volume":1000,"label":" ","price":5.24},{"type":"B","date":"2018-03-20T03:23:06.000Z","volume":1000,"label":" ","price":5.23},{"type":"A","date":"2018-03-20T03:23:09.000Z","volume":30000,"label":" ","price":5.24},{"type":"B","date":"2018-03-20T03:23:20.000Z","volume":3000,"label":" ","price":5.23},{"type":"A","date":"2018-03-20T03:23:24.000Z","volume":1000,"label":" ","price":5.24},{"type":"B","date":"2018-03-20T03:25:05.000Z","volume":3000,"label":" ","price":5.23},{"type":"U","date":"2018-03-20T03:25:06.000Z","volume":1000,"label":"X","price":5.235},{"type":"B","date":"2018-03-20T03:25:06.000Z","volume":1000,"label":" ","price":5.23},{"type":"A","date":"2018-03-20T03:25:36.000Z","volume":1000,"label":" ","price":5.24},{"type":"A","date":"2018-03-20T03:25:40.000Z","volume":1000,"label":" ","price":5.24},{"type":"B","date":"2018-03-20T03:26:05.000Z","volume":3000,"label":" ","price":5.23},{"type":"B","date":"2018-03-20T03:27:09.000Z","volume":5000,"label":" ","price":5.23},{"type":"B","date":"2018-03-20T03:27:55.000Z","volume":2000,"label":" ","price":5.23},{"type":"B","date":"2018-03-20T03:28:05.000Z","volume":2000,"label":" ","price":5.23},{"type":"B","date":"2018-03-20T03:29:00.000Z","volume":2000,"label":" ","price":5.23},{"type":"B","date":"2018-03-20T03:29:05.000Z","volume":3000,"label":" ","price":5.23},{"type":"B","date":"2018-03-20T03:30:05.000Z","volume":3000,"label":" ","price":5.23},{"type":"A","date":"2018-03-20T03:30:12.000Z","volume":1000,"label":" ","price":5.24},{"type":"B","date":"2018-03-20T03:31:35.000Z","volume":3000,"label":" ","price":5.23},{"type":"B","date":"2018-03-20T03:31:36.000Z","volume":2000,"label":" ","price":5.23},{"type":"A","date":"2018-03-20T03:32:27.000Z","volume":1000,"label":" ","price":5.24},{"type":"B","date":"2018-03-20T03:32:27.000Z","volume":1000,"label":" ","price":5.23},{"type":"B","date":"2018-03-20T03:32:27.000Z","volume":2000,"label":" ","price":5.23},{"type":"B","date":"2018-03-20T03:33:05.000Z","volume":2000,"label":" ","price":5.23},{"type":"B","date":"2018-03-20T03:33:06.000Z","volume":3000,"label":" ","price":5.23},{"type":"B","date":"2018-03-20T03:33:40.000Z","volume":2000,"label":" ","price":5.23},{"type":"A","date":"2018-03-20T03:34:00.000Z","volume":1000,"label":" ","price":5.24},{"type":"B","date":"2018-03-20T03:34:05.000Z","volume":2000,"label":" ","price":5.23},{"type":"A","date":"2018-03-20T03:34:44.000Z","volume":1000,"label":" ","price":5.24},{"type":"B","date":"2018-03-20T03:34:44.000Z","volume":2000,"label":" ","price":5.23},{"type":"B","date":"2018-03-20T03:35:01.000Z","volume":1000,"label":" ","price":5.23},{"type":"B","date":"2018-03-20T03:35:35.000Z","volume":2000,"label":" ","price":5.23},{"type":"B","date":"2018-03-20T03:36:23.000Z","volume":2000,"label":" ","price":5.23},{"type":"A","date":"2018-03-20T03:37:00.000Z","volume":1000,"label":" ","price":5.24},{"type":"A","date":"2018-03-20T03:38:04.000Z","volume":9000,"label":"Y","price":5.24},{"type":"A","date":"2018-03-20T03:38:04.000Z","volume":88000,"label":" ","price":5.24},{"type":"B","date":"2018-03-20T03:38:15.000Z","volume":50000,"label":" ","price":5.23},{"type":"A","date":"2018-03-20T03:38:22.000Z","volume":9000,"label":" ","price":5.24},{"type":"B","date":"2018-03-20T03:38:42.000Z","volume":1000,"label":" ","price":5.23},{"type":"B","date":"2018-03-20T03:38:43.000Z","volume":2000,"label":" ","price":5.23},{"type":"B","date":"2018-03-20T03:39:09.000Z","volume":1000,"label":" ","price":5.23},{"type":"A","date":"2018-03-20T03:39:16.000Z","volume":1000,"label":" ","price":5.24},{"type":"B","date":"2018-03-20T03:39:24.000Z","volume":3000,"label":" ","price":5.23},{"type":"A","date":"2018-03-20T03:39:24.000Z","volume":1000,"label":" ","price":5.24},{"type":"A","date":"2018-03-20T03:39:34.000Z","volume":1000,"label":" ","price":5.24},{"type":"B","date":"2018-03-20T03:40:05.000Z","volume":2000,"label":" ","price":5.23},{"type":"B","date":"2018-03-20T03:40:05.000Z","volume":3000,"label":" ","price":5.23},{"type":"B","date":"2018-03-20T03:41:31.000Z","volume":1000,"label":" ","price":5.23},{"type":"A","date":"2018-03-20T03:41:31.000Z","volume":1000,"label":" ","price":5.24},{"type":"B","date":"2018-03-20T03:42:05.000Z","volume":2000,"label":" ","price":5.23},{"type":"B","date":"2018-03-20T03:42:27.000Z","volume":3000,"label":" ","price":5.23},{"type":"B","date":"2018-03-20T03:42:50.000Z","volume":3000,"label":" ","price":5.23},{"type":"A","date":"2018-03-20T03:43:46.000Z","volume":1000,"label":" ","price":5.24},{"type":"B","date":"2018-03-20T03:43:50.000Z","volume":2000,"label":" ","price":5.23},{"type":"B","date":"2018-03-20T03:43:59.000Z","volume":2000,"label":" ","price":5.23},{"type":"B","date":"2018-03-20T03:44:35.000Z","volume":2000,"label":" ","price":5.23},{"type":"A","date":"2018-03-20T03:44:43.000Z","volume":155000,"label":" ","price":5.24},{"type":"A","date":"2018-03-20T03:44:43.000Z","volume":4000,"label":" ","price":5.24},{"type":"A","date":"2018-03-20T03:44:43.000Z","volume":4000,"label":" ","price":5.24},{"type":"A","date":"2018-03-20T03:44:43.000Z","volume":4000,"label":" ","price":5.24},{"type":"A","date":"2018-03-20T03:46:02.000Z","volume":1000,"label":" ","price":5.25},{"type":"A","date":"2018-03-20T03:48:18.000Z","volume":1000,"label":" ","price":5.25},{"type":"A","date":"2018-03-20T03:49:00.000Z","volume":1000,"label":" ","price":5.25},{"type":"A","date":"2018-03-20T03:49:19.000Z","volume":2000,"label":" ","price":5.25},{"type":"A","date":"2018-03-20T03:50:14.000Z","volume":39000,"label":" ","price":5.25},{"type":"A","date":"2018-03-20T03:50:14.000Z","volume":15000,"label":" ","price":5.26},{"type":"A","date":"2018-03-20T03:50:14.000Z","volume":11000,"label":" ","price":5.27},{"type":"A","date":"2018-03-20T03:50:14.000Z","volume":35000,"label":" ","price":5.28},{"type":"B","date":"2018-03-20T03:50:14.000Z","volume":15000,"label":" ","price":5.24},{"type":"B","date":"2018-03-20T03:50:26.000Z","volume":3000,"label":" ","price":5.24},{"type":"A","date":"2018-03-20T03:50:34.000Z","volume":1000,"label":" ","price":5.28},{"type":"A","date":"2018-03-20T03:52:50.000Z","volume":1000,"label":" ","price":5.28},{"type":"U","date":"2018-03-20T03:54:43.000Z","volume":3000,"label":"X","price":5.25},{"type":"B","date":"2018-03-20T03:54:58.000Z","volume":1000,"label":" ","price":5.25},{"type":"A","date":"2018-03-20T03:55:06.000Z","volume":1000,"label":" ","price":5.28},{"type":"B","date":"2018-03-20T03:56:06.000Z","volume":1000,"label":" ","price":5.25},{"type":"B","date":"2018-03-20T03:56:21.000Z","volume":2000,"label":" ","price":5.25},{"type":"B","date":"2018-03-20T03:57:06.000Z","volume":2000,"label":" ","price":5.25},{"type":"A","date":"2018-03-20T03:57:22.000Z","volume":1000,"label":" ","price":5.28},{"type":"B","date":"2018-03-20T03:57:50.000Z","volume":1000,"label":" ","price":5.25},{"type":"B","date":"2018-03-20T03:57:50.000Z","volume":1000,"label":" ","price":5.25},{"type":"B","date":"2018-03-20T03:57:51.000Z","volume":2000,"label":" ","price":5.25},{"type":"U","date":"2018-03-20T03:57:52.000Z","volume":2000,"label":"X","price":5.24},{"type":"B","date":"2018-03-20T03:59:40.000Z","volume":21000,"label":" ","price":5.24},{"type":"B","date":"2018-03-20T03:59:40.000Z","volume":19000,"label":" ","price":5.23},{"type":"B","date":"2018-03-20T03:59:41.000Z","volume":4000,"label":" ","price":5.23},{"type":"B","date":"2018-03-20T03:59:51.000Z","volume":1000,"label":" ","price":5.23},{"type":"B","date":"2018-03-20T03:59:59.000Z","volume":1000,"label":" ","price":5.23},{"type":"A","date":"2018-03-20T05:00:04.000Z","volume":1000,"label":" ","price":5.26},{"type":"B","date":"2018-03-20T05:00:05.000Z","volume":3000,"label":" ","price":5.23},{"type":"A","date":"2018-03-20T05:01:25.000Z","volume":1000,"label":" ","price":5.26},{"type":"U","date":"2018-03-20T05:01:34.000Z","volume":7000,"label":"X","price":5.23},{"type":"B","date":"2018-03-20T05:01:34.000Z","volume":2000,"label":" ","price":5.23},{"type":"B","date":"2018-03-20T05:02:17.000Z","volume":8000,"label":" ","price":5.23},{"type":"B","date":"2018-03-20T05:04:17.000Z","volume":1000,"label":" ","price":5.24},{"type":"B","date":"2018-03-20T05:04:17.000Z","volume":1000,"label":" ","price":5.24},{"type":"B","date":"2018-03-20T05:04:17.000Z","volume":2000,"label":" ","price":5.24},{"type":"U","date":"2018-03-20T05:05:20.000Z","volume":2000,"label":"X","price":5.23},{"type":"A","date":"2018-03-20T05:06:23.000Z","volume":5000,"label":" ","price":5.25},{"type":"U","date":"2018-03-20T05:06:58.000Z","volume":1000,"label":"X","price":5.23},{"type":"A","date":"2018-03-20T05:07:24.000Z","volume":13000,"label":" ","price":5.25},{"type":"A","date":"2018-03-20T05:08:37.000Z","volume":1000,"label":" ","price":5.25},{"type":"A","date":"2018-03-20T05:09:31.000Z","volume":20000,"label":" ","price":5.25},{"type":"B","date":"2018-03-20T05:09:31.000Z","volume":1000,"label":" ","price":5.23},{"type":"U","date":"2018-03-20T05:09:31.000Z","volume":1000,"label":"X","price":5.23},{"type":"B","date":"2018-03-20T05:09:47.000Z","volume":3000,"label":" ","price":5.23},{"type":"A","date":"2018-03-20T05:10:52.000Z","volume":1000,"label":" ","price":5.25},{"type":"B","date":"2018-03-20T05:12:02.000Z","volume":3000,"label":" ","price":5.23},{"type":"A","date":"2018-03-20T05:13:08.000Z","volume":1000,"label":" ","price":5.25},{"type":"B","date":"2018-03-20T05:14:47.000Z","volume":3000,"label":" ","price":5.23},{"type":"A","date":"2018-03-20T05:14:47.000Z","volume":1000,"label":" ","price":5.24},{"type":"A","date":"2018-03-20T05:14:47.000Z","volume":1000,"label":" ","price":5.24},{"type":"B","date":"2018-03-20T05:15:17.000Z","volume":7000,"label":" ","price":5.23},{"type":"A","date":"2018-03-20T05:16:00.000Z","volume":1000,"label":" ","price":5.24},{"type":"B","date":"2018-03-20T05:18:37.000Z","volume":1000,"label":" ","price":5.23},{"type":"B","date":"2018-03-20T05:18:45.000Z","volume":189000,"label":" ","price":5.23},{"type":"B","date":"2018-03-20T05:18:45.000Z","volume":3000,"label":" ","price":5.23},{"type":"B","date":"2018-03-20T05:18:45.000Z","volume":4000,"label":" ","price":5.22},{"type":"U","date":"2018-03-20T05:20:33.000Z","volume":3000,"label":"X","price":5.22},{"type":"B","date":"2018-03-20T05:21:47.000Z","volume":2000,"label":" ","price":5.22},{"type":"B","date":"2018-03-20T05:22:46.000Z","volume":50000,"label":" ","price":5.22},{"type":"B","date":"2018-03-20T05:22:46.000Z","volume":14000,"label":" ","price":5.22},{"type":"B","date":"2018-03-20T05:22:46.000Z","volume":2000,"label":" ","price":5.21},{"type":"B","date":"2018-03-20T05:22:47.000Z","volume":2000,"label":" ","price":5.21},{"type":"B","date":"2018-03-20T05:23:35.000Z","volume":1000,"label":" ","price":5.21},{"type":"U","date":"2018-03-20T05:23:35.000Z","volume":2000,"label":"X","price":5.21},{"type":"B","date":"2018-03-20T05:23:47.000Z","volume":2000,"label":" ","price":5.21},{"type":"U","date":"2018-03-20T05:24:07.000Z","volume":7000,"label":"X","price":5.21},{"type":"A","date":"2018-03-20T05:24:30.000Z","volume":2000,"label":"Y","price":5.23},{"type":"B","date":"2018-03-20T05:25:02.000Z","volume":2000,"label":" ","price":5.21},{"type":"U","date":"2018-03-20T05:25:10.000Z","volume":5000,"label":"X","price":5.21},{"type":"B","date":"2018-03-20T05:26:02.000Z","volume":3000,"label":" ","price":5.21},{"type":"U","date":"2018-03-20T05:26:02.000Z","volume":1000,"label":"X","price":5.21},{"type":"U","date":"2018-03-20T05:26:07.000Z","volume":2000,"label":"X","price":5.21},{"type":"A","date":"2018-03-20T05:26:15.000Z","volume":10000,"label":" ","price":5.22},{"type":"A","date":"2018-03-20T05:26:26.000Z","volume":1000,"label":" ","price":5.22},{"type":"A","date":"2018-03-20T05:26:26.000Z","volume":1000,"label":" ","price":5.22},{"type":"A","date":"2018-03-20T05:26:29.000Z","volume":2000,"label":"Y","price":5.22},{"type":"A","date":"2018-03-20T05:26:29.000Z","volume":50000,"label":" ","price":5.22},{"type":"U","date":"2018-03-20T05:26:29.000Z","volume":2000,"label":"X","price":5.21},{"type":"A","date":"2018-03-20T05:27:00.000Z","volume":1000,"label":" ","price":5.22},{"type":"U","date":"2018-03-20T05:29:15.000Z","volume":2000,"label":"X","price":5.21},{"type":"A","date":"2018-03-20T05:31:16.000Z","volume":1000,"label":" ","price":5.22},{"type":"A","date":"2018-03-20T05:31:26.000Z","volume":1000,"label":" ","price":5.22},{"type":"U","date":"2018-03-20T05:31:26.000Z","volume":1000,"label":"X","price":5.21},{"type":"B","date":"2018-03-20T05:31:26.000Z","volume":2000,"label":" ","price":5.21},{"type":"A","date":"2018-03-20T05:31:52.000Z","volume":10000,"label":" ","price":5.22},{"type":"A","date":"2018-03-20T05:31:52.000Z","volume":1000,"label":"Y","price":5.22},{"type":"U","date":"2018-03-20T05:32:19.000Z","volume":6000,"label":"X","price":5.21},{"type":"A","date":"2018-03-20T05:32:32.000Z","volume":20000,"label":" ","price":5.22},{"type":"U","date":"2018-03-20T05:34:22.000Z","volume":1000,"label":"X","price":5.22},{"type":"B","date":"2018-03-20T05:34:22.000Z","volume":1000,"label":" ","price":5.21},{"type":"A","date":"2018-03-20T05:35:48.000Z","volume":1000,"label":" ","price":5.23},{"type":"B","date":"2018-03-20T05:37:18.000Z","volume":2000,"label":" ","price":5.21},{"type":"B","date":"2018-03-20T05:37:18.000Z","volume":2000,"label":" ","price":5.21},{"type":"B","date":"2018-03-20T05:37:47.000Z","volume":2000,"label":" ","price":5.21},{"type":"B","date":"2018-03-20T05:37:56.000Z","volume":1000,"label":" ","price":5.21},{"type":"A","date":"2018-03-20T05:38:04.000Z","volume":1000,"label":" ","price":5.23},{"type":"A","date":"2018-03-20T05:38:04.000Z","volume":42000,"label":" ","price":5.23},{"type":"A","date":"2018-03-20T05:38:04.000Z","volume":1000,"label":" ","price":5.23},{"type":"B","date":"2018-03-20T05:38:20.000Z","volume":13000,"label":" ","price":5.21},{"type":"B","date":"2018-03-20T05:38:36.000Z","volume":4000,"label":" ","price":5.21},{"type":"B","date":"2018-03-20T05:38:52.000Z","volume":1000,"label":" ","price":5.21},{"type":"B","date":"2018-03-20T05:39:02.000Z","volume":2000,"label":" ","price":5.21},{"type":"B","date":"2018-03-20T05:39:09.000Z","volume":1000,"label":" ","price":5.21},{"type":"U","date":"2018-03-20T05:40:13.000Z","volume":1000,"label":"X","price":5.21},{"type":"B","date":"2018-03-20T05:40:20.000Z","volume":1000,"label":" ","price":5.21},{"type":"B","date":"2018-03-20T05:40:47.000Z","volume":3000,"label":" ","price":5.22},{"type":"B","date":"2018-03-20T05:41:01.000Z","volume":1000,"label":" ","price":5.22},{"type":"U","date":"2018-03-20T05:41:01.000Z","volume":4000,"label":"X","price":5.22},{"type":"B","date":"2018-03-20T05:41:10.000Z","volume":1000,"label":" ","price":5.22},{"type":"B","date":"2018-03-20T05:41:18.000Z","volume":1000,"label":" ","price":5.22},{"type":"B","date":"2018-03-20T05:41:41.000Z","volume":9000,"label":" ","price":5.22},{"type":"B","date":"2018-03-20T05:41:41.000Z","volume":2000,"label":" ","price":5.21},{"type":"A","date":"2018-03-20T05:41:51.000Z","volume":64000,"label":" ","price":5.22},{"type":"B","date":"2018-03-20T05:41:51.000Z","volume":2000,"label":" ","price":5.22},{"type":"B","date":"2018-03-20T05:41:51.000Z","volume":2000,"label":" ","price":5.22},{"type":"B","date":"2018-03-20T05:41:57.000Z","volume":3000,"label":" ","price":5.22},{"type":"B","date":"2018-03-20T05:42:06.000Z","volume":21000,"label":" ","price":5.22},{"type":"B","date":"2018-03-20T05:42:14.000Z","volume":7000,"label":" ","price":5.22},{"type":"B","date":"2018-03-20T05:42:14.000Z","volume":2000,"label":" ","price":5.22},{"type":"B","date":"2018-03-20T05:42:22.000Z","volume":3000,"label":" ","price":5.21},{"type":"B","date":"2018-03-20T05:42:37.000Z","volume":1000,"label":" ","price":5.21},{"type":"A","date":"2018-03-20T05:43:26.000Z","volume":1000,"label":" ","price":5.23},{"type":"A","date":"2018-03-20T05:43:50.000Z","volume":4000,"label":" ","price":5.23},{"type":"U","date":"2018-03-20T05:45:10.000Z","volume":6000,"label":"X","price":5.22},{"type":"B","date":"2018-03-20T05:45:19.000Z","volume":3000,"label":" ","price":5.22},{"type":"A","date":"2018-03-20T05:48:07.000Z","volume":142000,"label":" ","price":5.23},{"type":"A","date":"2018-03-20T05:48:07.000Z","volume":1000,"label":" ","price":5.23},{"type":"B","date":"2018-03-20T05:48:07.000Z","volume":3000,"label":" ","price":5.23},{"type":"B","date":"2018-03-20T05:48:07.000Z","volume":1000,"label":" ","price":5.23},{"type":"B","date":"2018-03-20T05:48:22.000Z","volume":44000,"label":" ","price":5.23},{"type":"B","date":"2018-03-20T05:48:22.000Z","volume":2000,"label":" ","price":5.23},{"type":"B","date":"2018-03-20T05:48:37.000Z","volume":14000,"label":" ","price":5.23},{"type":"B","date":"2018-03-20T05:48:37.000Z","volume":2000,"label":" ","price":5.22},{"type":"B","date":"2018-03-20T05:48:45.000Z","volume":5000,"label":" ","price":5.22},{"type":"B","date":"2018-03-20T05:48:54.000Z","volume":1000,"label":" ","price":5.22},{"type":"A","date":"2018-03-20T05:49:03.000Z","volume":3000,"label":" ","price":5.23},{"type":"B","date":"2018-03-20T05:49:09.000Z","volume":1000,"label":" ","price":5.22},{"type":"B","date":"2018-03-20T05:49:17.000Z","volume":1000,"label":" ","price":5.22},{"type":"A","date":"2018-03-20T05:50:14.000Z","volume":5000,"label":" ","price":5.23},{"type":"B","date":"2018-03-20T05:50:21.000Z","volume":2000,"label":" ","price":5.22},{"type":"A","date":"2018-03-20T05:50:57.000Z","volume":1000,"label":" ","price":5.23},{"type":"A","date":"2018-03-20T05:51:12.000Z","volume":1000,"label":" ","price":5.23},{"type":"B","date":"2018-03-20T05:51:25.000Z","volume":1000,"label":" ","price":5.22},{"type":"A","date":"2018-03-20T05:52:08.000Z","volume":3000,"label":" ","price":5.23},{"type":"B","date":"2018-03-20T05:52:21.000Z","volume":1000,"label":" ","price":5.22},{"type":"B","date":"2018-03-20T05:52:27.000Z","volume":6000,"label":" ","price":5.23},{"type":"B","date":"2018-03-20T05:52:27.000Z","volume":4000,"label":" ","price":5.22},{"type":"B","date":"2018-03-20T05:52:45.000Z","volume":3000,"label":" ","price":5.22},{"type":"A","date":"2018-03-20T05:52:56.000Z","volume":1000,"label":" ","price":5.23},{"type":"B","date":"2018-03-20T05:53:01.000Z","volume":1000,"label":" ","price":5.23},{"type":"A","date":"2018-03-20T05:53:11.000Z","volume":18000,"label":" ","price":5.24},{"type":"B","date":"2018-03-20T05:53:17.000Z","volume":1000,"label":" ","price":5.23},{"type":"B","date":"2018-03-20T05:53:25.000Z","volume":5000,"label":" ","price":5.23},{"type":"B","date":"2018-03-20T05:53:32.000Z","volume":2000,"label":" ","price":5.23},{"type":"B","date":"2018-03-20T05:53:33.000Z","volume":2000,"label":" ","price":5.23},{"type":"B","date":"2018-03-20T05:53:42.000Z","volume":1000,"label":" ","price":5.23},{"type":"A","date":"2018-03-20T05:53:52.000Z","volume":116000,"label":" ","price":5.24},{"type":"A","date":"2018-03-20T05:53:54.000Z","volume":154000,"label":" ","price":5.24},{"type":"A","date":"2018-03-20T05:53:54.000Z","volume":303000,"label":" ","price":5.25},{"type":"A","date":"2018-03-20T05:53:54.000Z","volume":13000,"label":" ","price":5.25},{"type":"B","date":"2018-03-20T05:53:58.000Z","volume":30000,"label":" ","price":5.25},{"type":"B","date":"2018-03-20T05:54:06.000Z","volume":1000,"label":" ","price":5.24},{"type":"A","date":"2018-03-20T05:54:12.000Z","volume":79000,"label":" ","price":5.24},{"type":"A","date":"2018-03-20T05:54:12.000Z","volume":29000,"label":" ","price":5.24},{"type":"B","date":"2018-03-20T05:54:14.000Z","volume":9000,"label":" ","price":5.23},{"type":"B","date":"2018-03-20T05:54:22.000Z","volume":3000,"label":" ","price":5.23},{"type":"B","date":"2018-03-20T05:54:22.000Z","volume":32000,"label":" ","price":5.23},{"type":"B","date":"2018-03-20T05:54:22.000Z","volume":3000,"label":" ","price":5.23},{"type":"B","date":"2018-03-20T05:54:22.000Z","volume":2000,"label":" ","price":5.23},{"type":"B","date":"2018-03-20T05:54:30.000Z","volume":12000,"label":" ","price":5.23},{"type":"B","date":"2018-03-20T05:54:38.000Z","volume":4000,"label":" ","price":5.23},{"type":"B","date":"2018-03-20T05:54:46.000Z","volume":1000,"label":" ","price":5.23},{"type":"A","date":"2018-03-20T05:54:49.000Z","volume":2000,"label":" ","price":5.25},{"type":"B","date":"2018-03-20T05:54:54.000Z","volume":1000,"label":" ","price":5.24},{"type":"A","date":"2018-03-20T05:55:59.000Z","volume":1000,"label":" ","price":5.25},{"type":"A","date":"2018-03-20T05:55:59.000Z","volume":24000,"label":" ","price":5.25},{"type":"B","date":"2018-03-20T05:56:06.000Z","volume":8000,"label":" ","price":5.24},{"type":"B","date":"2018-03-20T05:56:14.000Z","volume":2000,"label":" ","price":5.24},{"type":"B","date":"2018-03-20T05:56:22.000Z","volume":1000,"label":" ","price":5.24},{"type":"A","date":"2018-03-20T05:57:05.000Z","volume":14000,"label":" ","price":5.26},{"type":"B","date":"2018-03-20T05:57:10.000Z","volume":4000,"label":" ","price":5.25},{"type":"B","date":"2018-03-20T05:57:18.000Z","volume":2000,"label":" ","price":5.26},{"type":"A","date":"2018-03-20T05:58:20.000Z","volume":23000,"label":" ","price":5.27},{"type":"B","date":"2018-03-20T05:58:38.000Z","volume":7000,"label":" ","price":5.27},{"type":"A","date":"2018-03-20T05:58:52.000Z","volume":10000,"label":" ","price":5.28},{"type":"B","date":"2018-03-20T05:58:54.000Z","volume":2000,"label":" ","price":5.27},{"type":"B","date":"2018-03-20T05:59:02.000Z","volume":3000,"label":" ","price":5.27},{"type":"B","date":"2018-03-20T05:59:10.000Z","volume":1000,"label":" ","price":5.27},{"type":"B","date":"2018-03-20T05:59:18.000Z","volume":1000,"label":" ","price":5.27},{"type":"U","date":"2018-03-20T05:59:24.000Z","volume":1000,"label":"X","price":5.27},{"type":"A","date":"2018-03-20T05:59:30.000Z","volume":5000,"label":" ","price":5.28},{"type":"B","date":"2018-03-20T05:59:30.000Z","volume":1000,"label":" ","price":5.28},{"type":"B","date":"2018-03-20T05:59:34.000Z","volume":2000,"label":" ","price":5.28},{"type":"B","date":"2018-03-20T05:59:42.000Z","volume":1000,"label":" ","price":5.28},{"type":"U","date":"2018-03-20T06:01:15.000Z","volume":1000,"label":"X","price":5.28},{"type":"B","date":"2018-03-20T06:01:15.000Z","volume":1000,"label":" ","price":5.28},{"type":"B","date":"2018-03-20T06:01:19.000Z","volume":1000,"label":" ","price":5.28},{"type":"A","date":"2018-03-20T06:01:28.000Z","volume":19000,"label":" ","price":5.29},{"type":"A","date":"2018-03-20T06:01:34.000Z","volume":1000,"label":" ","price":5.3},{"type":"B","date":"2018-03-20T06:01:35.000Z","volume":6000,"label":" ","price":5.29},{"type":"B","date":"2018-03-20T06:01:43.000Z","volume":2000,"label":" ","price":5.29},{"type":"A","date":"2018-03-20T06:01:57.000Z","volume":2000,"label":" ","price":5.3},{"type":"B","date":"2018-03-20T06:01:59.000Z","volume":1000,"label":" ","price":5.29},{"type":"A","date":"2018-03-20T06:02:04.000Z","volume":2000,"label":" ","price":5.3},{"type":"A","date":"2018-03-20T06:02:08.000Z","volume":4000,"label":" ","price":5.3},{"type":"A","date":"2018-03-20T06:02:12.000Z","volume":3000,"label":" ","price":5.3},{"type":"B","date":"2018-03-20T06:02:15.000Z","volume":2000,"label":" ","price":5.29},{"type":"A","date":"2018-03-20T06:02:18.000Z","volume":3000,"label":" ","price":5.3},{"type":"A","date":"2018-03-20T06:02:23.000Z","volume":4000,"label":" ","price":5.3},{"type":"A","date":"2018-03-20T06:02:27.000Z","volume":2000,"label":" ","price":5.3},{"type":"B","date":"2018-03-20T06:02:31.000Z","volume":3000,"label":" ","price":5.29},{"type":"A","date":"2018-03-20T06:02:33.000Z","volume":1000,"label":" ","price":5.3},{"type":"B","date":"2018-03-20T06:02:39.000Z","volume":2000,"label":" ","price":5.29},{"type":"A","date":"2018-03-20T06:02:42.000Z","volume":2000,"label":" ","price":5.3},{"type":"B","date":"2018-03-20T06:02:47.000Z","volume":2000,"label":" ","price":5.29},{"type":"A","date":"2018-03-20T06:02:52.000Z","volume":1000,"label":" ","price":5.3},{"type":"B","date":"2018-03-20T06:03:03.000Z","volume":1000,"label":" ","price":5.29},{"type":"A","date":"2018-03-20T06:03:24.000Z","volume":4000,"label":" ","price":5.3},{"type":"B","date":"2018-03-20T06:03:27.000Z","volume":1000,"label":" ","price":5.29},{"type":"A","date":"2018-03-20T06:03:31.000Z","volume":30000,"label":" ","price":5.3},{"type":"A","date":"2018-03-20T06:03:39.000Z","volume":2000,"label":" ","price":5.3},{"type":"A","date":"2018-03-20T06:03:45.000Z","volume":1000,"label":" ","price":5.3},{"type":"B","date":"2018-03-20T06:03:52.000Z","volume":11000,"label":" ","price":5.29},{"type":"A","date":"2018-03-20T06:04:00.000Z","volume":2000,"label":" ","price":5.3},{"type":"U","date":"2018-03-20T06:04:00.000Z","volume":1000,"label":"X","price":5.29},{"type":"B","date":"2018-03-20T06:04:07.000Z","volume":4000,"label":" ","price":5.29},{"type":"B","date":"2018-03-20T06:04:17.000Z","volume":150000,"label":" ","price":5.29},{"type":"B","date":"2018-03-20T06:04:17.000Z","volume":191000,"label":" ","price":5.28},{"type":"B","date":"2018-03-20T06:04:17.000Z","volume":159000,"label":" ","price":5.27},{"type":"B","date":"2018-03-20T06:04:17.000Z","volume":15000,"label":" ","price":5.27},{"type":"B","date":"2018-03-20T06:04:23.000Z","volume":1000,"label":" ","price":5.26},{"type":"B","date":"2018-03-20T06:04:39.000Z","volume":2000,"label":" ","price":5.28},{"type":"B","date":"2018-03-20T06:04:39.000Z","volume":3000,"label":" ","price":5.27},{"type":"B","date":"2018-03-20T06:04:39.000Z","volume":61000,"label":" ","price":5.27},{"type":"U","date":"2018-03-20T06:04:39.000Z","volume":1000,"label":" ","price":5.27},{"type":"B","date":"2018-03-20T06:04:52.000Z","volume":1000,"label":" ","price":5.27},{"type":"B","date":"2018-03-20T06:04:52.000Z","volume":1000,"label":" ","price":5.27},{"type":"B","date":"2018-03-20T06:05:02.000Z","volume":2000,"label":" ","price":5.27},{"type":"U","date":"2018-03-20T06:05:03.000Z","volume":2000,"label":" ","price":5.27},{"type":"B","date":"2018-03-20T06:05:47.000Z","volume":1000,"label":" ","price":5.28},{"type":"A","date":"2018-03-20T06:05:51.000Z","volume":12000,"label":" ","price":5.28},{"type":"U","date":"2018-03-20T06:06:31.000Z","volume":2000,"label":"X","price":5.28},{"type":"B","date":"2018-03-20T06:08:07.000Z","volume":30000,"label":" ","price":5.28},{"type":"B","date":"2018-03-20T06:08:07.000Z","volume":4000,"label":" ","price":5.28},{"type":"B","date":"2018-03-20T06:09:17.000Z","volume":1000,"label":" ","price":5.28},{"type":"A","date":"2018-03-20T06:09:21.000Z","volume":3000,"label":" ","price":5.28},{"type":"A","date":"2018-03-20T06:09:21.000Z","volume":2000,"label":" ","price":5.28},{"type":"U","date":"2018-03-20T06:10:15.000Z","volume":1000,"label":"X","price":5.28},{"type":"B","date":"2018-03-20T06:10:22.000Z","volume":2000,"label":" ","price":5.28},{"type":"B","date":"2018-03-20T06:11:15.000Z","volume":3000,"label":" ","price":5.28},{"type":"A","date":"2018-03-20T06:14:42.000Z","volume":27000,"label":" ","price":5.28},{"type":"B","date":"2018-03-20T06:14:42.000Z","volume":2000,"label":" ","price":5.28},{"type":"B","date":"2018-03-20T06:19:42.000Z","volume":50000,"label":" ","price":5.28},{"type":"B","date":"2018-03-20T06:19:42.000Z","volume":1000,"label":" ","price":5.28},{"type":"A","date":"2018-03-20T06:19:47.000Z","volume":1000,"label":" ","price":5.28},{"type":"U","date":"2018-03-20T06:20:10.000Z","volume":1000,"label":"X","price":5.27},{"type":"A","date":"2018-03-20T06:21:14.000Z","volume":30000,"label":" ","price":5.28},{"type":"A","date":"2018-03-20T06:21:14.000Z","volume":9000,"label":" ","price":5.28},{"type":"B","date":"2018-03-20T06:21:40.000Z","volume":14000,"label":" ","price":5.28},{"type":"U","date":"2018-03-20T06:21:40.000Z","volume":16000,"label":"X","price":5.28},{"type":"B","date":"2018-03-20T06:21:48.000Z","volume":29000,"label":" ","price":5.28},{"type":"A","date":"2018-03-20T06:22:02.000Z","volume":7000,"label":" ","price":5.28},{"type":"A","date":"2018-03-20T06:22:48.000Z","volume":10000,"label":" ","price":5.28},{"type":"B","date":"2018-03-20T06:23:18.000Z","volume":1000,"label":" ","price":5.27},{"type":"A","date":"2018-03-20T06:23:31.000Z","volume":9000,"label":" ","price":5.28},{"type":"B","date":"2018-03-20T06:24:46.000Z","volume":71000,"label":"Y","price":5.28},{"type":"B","date":"2018-03-20T06:24:46.000Z","volume":1000,"label":" ","price":5.28},{"type":"U","date":"2018-03-20T06:28:48.000Z","volume":1000,"label":"X","price":5.27},{"type":"B","date":"2018-03-20T06:30:17.000Z","volume":3000,"label":" ","price":5.27},{"type":"U","date":"2018-03-20T06:32:11.000Z","volume":7000,"label":"X","price":5.27},{"type":"U","date":"2018-03-20T06:32:31.000Z","volume":2000,"label":"X","price":5.27},{"type":"B","date":"2018-03-20T06:33:02.000Z","volume":2000,"label":" ","price":5.27},{"type":"B","date":"2018-03-20T06:33:02.000Z","volume":2000,"label":" ","price":5.27},{"type":"U","date":"2018-03-20T06:33:25.000Z","volume":6000,"label":"X","price":5.27},{"type":"A","date":"2018-03-20T06:34:31.000Z","volume":1000,"label":" ","price":5.28},{"type":"U","date":"2018-03-20T06:35:34.000Z","volume":9000,"label":"X","price":5.27},{"type":"A","date":"2018-03-20T06:36:30.000Z","volume":1000,"label":" ","price":5.28},{"type":"A","date":"2018-03-20T06:36:46.000Z","volume":1000,"label":" ","price":5.28},{"type":"U","date":"2018-03-20T06:37:03.000Z","volume":2000,"label":"X","price":5.27},{"type":"B","date":"2018-03-20T06:37:16.000Z","volume":44000,"label":" ","price":5.27},{"type":"U","date":"2018-03-20T06:37:16.000Z","volume":6000,"label":"X","price":5.27},{"type":"B","date":"2018-03-20T06:37:31.000Z","volume":2000,"label":" ","price":5.27},{"type":"B","date":"2018-03-20T06:37:34.000Z","volume":25000,"label":" ","price":5.27},{"type":"U","date":"2018-03-20T06:37:34.000Z","volume":22000,"label":"X","price":5.27},{"type":"B","date":"2018-03-20T06:37:34.000Z","volume":42000,"label":" ","price":5.27},{"type":"B","date":"2018-03-20T06:37:34.000Z","volume":32000,"label":" ","price":5.27},{"type":"B","date":"2018-03-20T06:37:34.000Z","volume":3000,"label":" ","price":5.26},{"type":"A","date":"2018-03-20T06:37:34.000Z","volume":1000,"label":" ","price":5.27},{"type":"B","date":"2018-03-20T06:38:02.000Z","volume":2000,"label":" ","price":5.26},{"type":"B","date":"2018-03-20T06:38:02.000Z","volume":2000,"label":" ","price":5.26},{"type":"B","date":"2018-03-20T06:38:02.000Z","volume":3000,"label":" ","price":5.26},{"type":"A","date":"2018-03-20T06:38:04.000Z","volume":60000,"label":" ","price":5.27},{"type":"A","date":"2018-03-20T06:38:04.000Z","volume":2000,"label":" ","price":5.27},{"type":"U","date":"2018-03-20T06:40:23.000Z","volume":1000,"label":"X","price":5.27},{"type":"B","date":"2018-03-20T06:42:39.000Z","volume":131000,"label":" ","price":5.27},{"type":"B","date":"2018-03-20T06:42:39.000Z","volume":6000,"label":" ","price":5.27},{"type":"B","date":"2018-03-20T06:42:47.000Z","volume":3000,"label":" ","price":5.27},{"type":"B","date":"2018-03-20T06:42:47.000Z","volume":1000,"label":" ","price":5.27},{"type":"B","date":"2018-03-20T06:42:47.000Z","volume":5000,"label":" ","price":5.26},{"type":"B","date":"2018-03-20T06:44:05.000Z","volume":1000,"label":" ","price":5.26},{"type":"B","date":"2018-03-20T06:44:17.000Z","volume":3000,"label":" ","price":5.26},{"type":"B","date":"2018-03-20T06:45:07.000Z","volume":3000,"label":" ","price":5.26},{"type":"B","date":"2018-03-20T06:45:07.000Z","volume":1000,"label":" ","price":5.26},{"type":"A","date":"2018-03-20T06:45:11.000Z","volume":38000,"label":" ","price":5.26},{"type":"U","date":"2018-03-20T06:47:32.000Z","volume":7000,"label":"X","price":5.25},{"type":"U","date":"2018-03-20T06:48:26.000Z","volume":5000,"label":"X","price":5.25},{"type":"B","date":"2018-03-20T06:48:57.000Z","volume":5000,"label":" ","price":5.25},{"type":"B","date":"2018-03-20T06:49:01.000Z","volume":117000,"label":" ","price":5.25},{"type":"B","date":"2018-03-20T06:49:01.000Z","volume":2000,"label":" ","price":5.24},{"type":"B","date":"2018-03-20T06:49:44.000Z","volume":1000,"label":" ","price":5.24},{"type":"U","date":"2018-03-20T06:49:44.000Z","volume":4000,"label":"X","price":5.24},{"type":"B","date":"2018-03-20T06:50:02.000Z","volume":1000,"label":" ","price":5.24},{"type":"B","date":"2018-03-20T06:50:02.000Z","volume":3000,"label":" ","price":5.24},{"type":"B","date":"2018-03-20T06:50:02.000Z","volume":4000,"label":" ","price":5.24},{"type":"U","date":"2018-03-20T06:51:01.000Z","volume":1000,"label":"X","price":5.23},{"type":"U","date":"2018-03-20T06:51:32.000Z","volume":8000,"label":"X","price":5.23},{"type":"B","date":"2018-03-20T06:52:02.000Z","volume":2000,"label":" ","price":5.24},{"type":"B","date":"2018-03-20T06:52:04.000Z","volume":2000,"label":" ","price":5.23},{"type":"U","date":"2018-03-20T06:52:04.000Z","volume":2000,"label":"X","price":5.23},{"type":"A","date":"2018-03-20T06:52:07.000Z","volume":14000,"label":"Y","price":5.24},{"type":"A","date":"2018-03-20T06:52:07.000Z","volume":42000,"label":" ","price":5.24},{"type":"A","date":"2018-03-20T06:52:07.000Z","volume":25000,"label":" ","price":5.24},{"type":"B","date":"2018-03-20T06:53:32.000Z","volume":1000,"label":" ","price":5.24},{"type":"A","date":"2018-03-20T06:53:33.000Z","volume":4000,"label":" ","price":5.24},{"type":"B","date":"2018-03-20T06:55:45.000Z","volume":2000,"label":" ","price":5.23},{"type":"B","date":"2018-03-20T06:55:47.000Z","volume":1000,"label":" ","price":5.24},{"type":"A","date":"2018-03-20T06:55:47.000Z","volume":1000,"label":" ","price":5.24},{"type":"U","date":"2018-03-20T06:56:32.000Z","volume":1000,"label":"X","price":5.23},{"type":"B","date":"2018-03-20T06:56:32.000Z","volume":1000,"label":" ","price":5.23},{"type":"A","date":"2018-03-20T06:56:51.000Z","volume":1000,"label":" ","price":5.24},{"type":"B","date":"2018-03-20T06:56:59.000Z","volume":9000,"label":" ","price":5.23},{"type":"B","date":"2018-03-20T06:56:59.000Z","volume":1000,"label":" ","price":5.23},{"type":"U","date":"2018-03-20T06:56:59.000Z","volume":7000,"label":"X","price":5.23},{"type":"A","date":"2018-03-20T06:57:37.000Z","volume":60000,"label":" ","price":5.24},{"type":"A","date":"2018-03-20T06:57:37.000Z","volume":26000,"label":" ","price":5.25},{"type":"U","date":"2018-03-20T06:59:01.000Z","volume":5000,"label":"X","price":5.24},{"type":"U","date":"2018-03-20T06:59:22.000Z","volume":3000,"label":"X","price":5.24},{"type":"U","date":"2018-03-20T06:59:22.000Z","volume":1000,"label":"X","price":5.24},{"type":"U","date":"2018-03-20T06:59:28.000Z","volume":1000,"label":"X","price":5.24},{"type":"U","date":"2018-03-20T06:59:28.000Z","volume":2000,"label":"X","price":5.24},{"type":"U","date":"2018-03-20T07:02:50.000Z","volume":1000,"label":"X","price":5.25},{"type":"U","date":"2018-03-20T07:02:50.000Z","volume":1000,"label":"X","price":5.24},{"type":"A","date":"2018-03-20T07:03:40.000Z","volume":1000,"label":" ","price":5.26},{"type":"B","date":"2018-03-20T07:05:02.000Z","volume":2000,"label":" ","price":5.24},{"type":"U","date":"2018-03-20T07:05:02.000Z","volume":2000,"label":"X","price":5.24},{"type":"A","date":"2018-03-20T07:05:52.000Z","volume":1000,"label":" ","price":5.26},{"type":"B","date":"2018-03-20T07:06:17.000Z","volume":2000,"label":" ","price":5.24},{"type":"A","date":"2018-03-20T07:07:07.000Z","volume":2000,"label":" ","price":5.26},{"type":"B","date":"2018-03-20T07:07:30.000Z","volume":1000,"label":" ","price":5.24},{"type":"B","date":"2018-03-20T07:07:32.000Z","volume":3000,"label":" ","price":5.24},{"type":"A","date":"2018-03-20T07:08:06.000Z","volume":1000,"label":" ","price":5.26},{"type":"U","date":"2018-03-20T07:08:06.000Z","volume":2000,"label":"X","price":5.24},{"type":"B","date":"2018-03-20T07:08:17.000Z","volume":1000,"label":" ","price":5.25},{"type":"B","date":"2018-03-20T07:08:17.000Z","volume":2000,"label":" ","price":5.25},{"type":"B","date":"2018-03-20T07:08:17.000Z","volume":2000,"label":" ","price":5.25},{"type":"U","date":"2018-03-20T07:10:12.000Z","volume":2000,"label":"X","price":5.24},{"type":"U","date":"2018-03-20T07:11:08.000Z","volume":2000,"label":"X","price":5.24},{"type":"B","date":"2018-03-20T07:11:08.000Z","volume":1000,"label":" ","price":5.24},{"type":"B","date":"2018-03-20T07:12:17.000Z","volume":3000,"label":" ","price":5.24},{"type":"B","date":"2018-03-20T07:13:57.000Z","volume":1000,"label":" ","price":5.24},{"type":"B","date":"2018-03-20T07:13:57.000Z","volume":3000,"label":" ","price":5.24},{"type":"B","date":"2018-03-20T07:14:07.000Z","volume":3000,"label":" ","price":5.24},{"type":"B","date":"2018-03-20T07:15:17.000Z","volume":2000,"label":" ","price":5.24},{"type":"B","date":"2018-03-20T07:15:17.000Z","volume":3000,"label":" ","price":5.24},{"type":"B","date":"2018-03-20T07:16:02.000Z","volume":3000,"label":" ","price":5.24},{"type":"U","date":"2018-03-20T07:16:44.000Z","volume":3000,"label":"X","price":5.24},{"type":"A","date":"2018-03-20T07:17:02.000Z","volume":1000,"label":" ","price":5.25},{"type":"B","date":"2018-03-20T07:17:32.000Z","volume":2000,"label":" ","price":5.24},{"type":"A","date":"2018-03-20T07:17:38.000Z","volume":24000,"label":" ","price":5.25},{"type":"A","date":"2018-03-20T07:19:16.000Z","volume":1000,"label":" ","price":5.25},{"type":"B","date":"2018-03-20T07:19:16.000Z","volume":5000,"label":" ","price":5.24},{"type":"U","date":"2018-03-20T07:19:16.000Z","volume":1000,"label":"X","price":5.245},{"type":"B","date":"2018-03-20T07:19:16.000Z","volume":1000,"label":" ","price":5.24},{"type":"U","date":"2018-03-20T07:20:13.000Z","volume":1000,"label":"X","price":5.24},{"type":"B","date":"2018-03-20T07:21:02.000Z","volume":3000,"label":" ","price":5.24},{"type":"A","date":"2018-03-20T07:21:30.000Z","volume":1000,"label":" ","price":5.25},{"type":"U","date":"2018-03-20T07:22:21.000Z","volume":1000,"label":"X","price":5.245},{"type":"B","date":"2018-03-20T07:22:21.000Z","volume":2000,"label":" ","price":5.24},{"type":"B","date":"2018-03-20T07:22:35.000Z","volume":1000,"label":" ","price":5.24},{"type":"B","date":"2018-03-20T07:23:17.000Z","volume":3000,"label":" ","price":5.24},{"type":"A","date":"2018-03-20T07:23:44.000Z","volume":1000,"label":" ","price":5.25},{"type":"A","date":"2018-03-20T07:24:57.000Z","volume":3000,"label":" ","price":5.25},{"type":"U","date":"2018-03-20T07:24:57.000Z","volume":1000,"label":"X","price":5.245},{"type":"U","date":"2018-03-20T07:25:17.000Z","volume":2000,"label":"X","price":5.24},{"type":"A","date":"2018-03-20T07:25:58.000Z","volume":1000,"label":" ","price":5.25},{"type":"B","date":"2018-03-20T07:26:02.000Z","volume":2000,"label":" ","price":5.24},{"type":"B","date":"2018-03-20T07:27:02.000Z","volume":2000,"label":" ","price":5.24},{"type":"A","date":"2018-03-20T07:27:12.000Z","volume":20000,"label":" ","price":5.25},{"type":"U","date":"2018-03-20T07:27:20.000Z","volume":4000,"label":"X","price":5.24},{"type":"U","date":"2018-03-20T07:27:20.000Z","volume":3000,"label":"X","price":5.24},{"type":"A","date":"2018-03-20T07:27:33.000Z","volume":20000,"label":" ","price":5.25},{"type":"B","date":"2018-03-20T07:27:47.000Z","volume":3000,"label":" ","price":5.24},{"type":"A","date":"2018-03-20T07:28:02.000Z","volume":1000,"label":" ","price":5.25},{"type":"A","date":"2018-03-20T07:28:12.000Z","volume":20000,"label":" ","price":5.25},{"type":"B","date":"2018-03-20T07:28:32.000Z","volume":2000,"label":" ","price":5.24},{"type":"A","date":"2018-03-20T07:29:10.000Z","volume":20000,"label":" ","price":5.25},{"type":"B","date":"2018-03-20T07:29:17.000Z","volume":3000,"label":" ","price":5.24},{"type":"A","date":"2018-03-20T07:29:33.000Z","volume":8000,"label":" ","price":5.25},{"type":"A","date":"2018-03-20T07:30:14.000Z","volume":20000,"label":" ","price":5.25},{"type":"U","date":"2018-03-20T07:30:21.000Z","volume":1000,"label":"X","price":5.245},{"type":"U","date":"2018-03-20T07:30:21.000Z","volume":3000,"label":"X","price":5.24},{"type":"A","date":"2018-03-20T07:31:05.000Z","volume":20000,"label":" ","price":5.25},{"type":"A","date":"2018-03-20T07:31:18.000Z","volume":60000,"label":" ","price":5.25},{"type":"A","date":"2018-03-20T07:31:31.000Z","volume":1000,"label":" ","price":5.25},{"type":"A","date":"2018-03-20T07:31:55.000Z","volume":10000,"label":" ","price":5.25},{"type":"A","date":"2018-03-20T07:32:50.000Z","volume":10000,"label":" ","price":5.25},{"type":"A","date":"2018-03-20T07:33:13.000Z","volume":10000,"label":" ","price":5.25},{"type":"A","date":"2018-03-20T07:33:32.000Z","volume":3000,"label":" ","price":5.25},{"type":"A","date":"2018-03-20T07:33:32.000Z","volume":1000,"label":" ","price":5.25},{"type":"A","date":"2018-03-20T07:33:54.000Z","volume":4000,"label":" ","price":5.25},{"type":"A","date":"2018-03-20T07:34:33.000Z","volume":30000,"label":" ","price":5.26},{"type":"B","date":"2018-03-20T07:35:26.000Z","volume":1000,"label":" ","price":5.25},{"type":"A","date":"2018-03-20T07:35:27.000Z","volume":40000,"label":" ","price":5.26},{"type":"A","date":"2018-03-20T07:37:07.000Z","volume":1000,"label":" ","price":5.26},{"type":"U","date":"2018-03-20T07:38:04.000Z","volume":2000,"label":"X","price":5.25},{"type":"A","date":"2018-03-20T07:39:20.000Z","volume":1000,"label":" ","price":5.26},{"type":"A","date":"2018-03-20T07:39:26.000Z","volume":1000,"label":" ","price":5.26},{"type":"U","date":"2018-03-20T07:40:11.000Z","volume":1000,"label":"X","price":5.25},{"type":"A","date":"2018-03-20T07:40:32.000Z","volume":100000,"label":" ","price":5.26},{"type":"U","date":"2018-03-20T07:40:32.000Z","volume":7000,"label":"X","price":5.25},{"type":"A","date":"2018-03-20T07:40:32.000Z","volume":1000,"label":" ","price":5.26},{"type":"A","date":"2018-03-20T07:40:32.000Z","volume":1000,"label":"Y","price":5.26},{"type":"U","date":"2018-03-20T07:40:57.000Z","volume":1000,"label":"X","price":5.255},{"type":"A","date":"2018-03-20T07:41:34.000Z","volume":1000,"label":" ","price":5.26},{"type":"A","date":"2018-03-20T07:42:32.000Z","volume":30000,"label":" ","price":5.26},{"type":"A","date":"2018-03-20T07:42:32.000Z","volume":1000,"label":" ","price":5.26},{"type":"A","date":"2018-03-20T07:43:21.000Z","volume":30000,"label":" ","price":5.26},{"type":"A","date":"2018-03-20T07:43:23.000Z","volume":1000,"label":" ","price":5.26},{"type":"A","date":"2018-03-20T07:43:44.000Z","volume":6000,"label":" ","price":5.26},{"type":"A","date":"2018-03-20T07:43:48.000Z","volume":1000,"label":" ","price":5.26},{"type":"A","date":"2018-03-20T07:44:30.000Z","volume":1000,"label":" ","price":5.26},{"type":"B","date":"2018-03-20T07:44:32.000Z","volume":3000,"label":" ","price":5.25},{"type":"B","date":"2018-03-20T07:44:32.000Z","volume":1000,"label":" ","price":5.25},{"type":"B","date":"2018-03-20T07:45:19.000Z","volume":4000,"label":" ","price":5.25},{"type":"U","date":"2018-03-20T07:45:19.000Z","volume":5000,"label":"X","price":5.25},{"type":"B","date":"2018-03-20T07:45:52.000Z","volume":3000,"label":" ","price":5.25},{"type":"U","date":"2018-03-20T07:45:58.000Z","volume":3000,"label":"X","price":5.25},{"type":"B","date":"2018-03-20T07:46:37.000Z","volume":4000,"label":" ","price":5.25},{"type":"U","date":"2018-03-20T07:49:22.000Z","volume":2000,"label":"X","price":5.25},{"type":"B","date":"2018-03-20T07:49:22.000Z","volume":1000,"label":" ","price":5.25},{"type":"B","date":"2018-03-20T07:50:02.000Z","volume":3000,"label":" ","price":5.25},{"type":"B","date":"2018-03-20T07:50:02.000Z","volume":3000,"label":" ","price":5.25},{"type":"B","date":"2018-03-20T07:50:07.000Z","volume":5000,"label":" ","price":5.25},{"type":"B","date":"2018-03-20T07:50:07.000Z","volume":1000,"label":" ","price":5.25},{"type":"B","date":"2018-03-20T07:50:19.000Z","volume":1000,"label":" ","price":5.25},{"type":"B","date":"2018-03-20T07:50:19.000Z","volume":6000,"label":" ","price":5.24},{"type":"U","date":"2018-03-20T07:51:49.000Z","volume":1000,"label":"X","price":5.245},{"type":"B","date":"2018-03-20T07:51:49.000Z","volume":2000,"label":" ","price":5.24},{"type":"A","date":"2018-03-20T07:52:57.000Z","volume":12000,"label":" ","price":5.25},{"type":"B","date":"2018-03-20T07:53:02.000Z","volume":5000,"label":" ","price":5.24},{"type":"B","date":"2018-03-20T07:53:02.000Z","volume":4000,"label":" ","price":5.24},{"type":"A","date":"2018-03-20T07:54:16.000Z","volume":36000,"label":" ","price":5.25},{"type":"B","date":"2018-03-20T07:54:29.000Z","volume":2000,"label":" ","price":5.24},{"type":"B","date":"2018-03-20T07:55:13.000Z","volume":10000,"label":" ","price":5.24},{"type":"U","date":"2018-03-20T07:55:13.000Z","volume":1000,"label":"X","price":5.245},{"type":"B","date":"2018-03-20T07:56:17.000Z","volume":1000,"label":" ","price":5.24},{"type":"B","date":"2018-03-20T07:56:52.000Z","volume":1000,"label":" ","price":5.24},{"type":"B","date":"2018-03-20T07:57:27.000Z","volume":1000,"label":" ","price":5.24},{"type":"B","date":"2018-03-20T07:58:02.000Z","volume":1000,"label":" ","price":5.24},{"type":"B","date":"2018-03-20T07:58:17.000Z","volume":2000,"label":" ","price":5.24},{"type":"B","date":"2018-03-20T07:58:32.000Z","volume":4000,"label":" ","price":5.24},{"type":"A","date":"2018-03-20T07:58:45.000Z","volume":1000,"label":" ","price":5.25},{"type":"B","date":"2018-03-20T07:58:51.000Z","volume":1000,"label":" ","price":5.24},{"type":"A","date":"2018-03-20T07:58:51.000Z","volume":1000,"label":" ","price":5.25},{"type":"A","date":"2018-03-20T07:58:51.000Z","volume":6000,"label":" ","price":5.25},{"type":"B","date":"2018-03-20T07:58:51.000Z","volume":1000,"label":" ","price":5.24},{"type":"B","date":"2018-03-20T07:59:02.000Z","volume":3000,"label":" ","price":5.24},{"type":"B","date":"2018-03-20T07:59:10.000Z","volume":1000,"label":" ","price":5.24},{"type":"A","date":"2018-03-20T07:59:26.000Z","volume":1000,"label":"Y","price":5.25},{"type":"B","date":"2018-03-20T07:59:27.000Z","volume":1000,"label":" ","price":5.24},{"type":"B","date":"2018-03-20T07:59:30.000Z","volume":1000,"label":" ","price":5.24},{"type":"B","date":"2018-03-20T07:59:32.000Z","volume":1000,"label":" ","price":5.24},{"type":"B","date":"2018-03-20T07:59:38.000Z","volume":2000,"label":" ","price":5.24},{"type":"B","date":"2018-03-20T07:59:39.000Z","volume":1000,"label":" ","price":5.24},{"type":"B","date":"2018-03-20T07:59:47.000Z","volume":1000,"label":" ","price":5.24},{"type":"B","date":"2018-03-20T07:59:48.000Z","volume":1000,"label":" ","price":5.24},{"type":"A","date":"2018-03-20T07:59:48.000Z","volume":10000,"label":" ","price":5.25},{"type":"A","date":"2018-03-20T07:59:57.000Z","volume":14000,"label":" ","price":5.26},{"type":"A","date":"2018-03-20T07:59:57.000Z","volume":6000,"label":" ","price":5.26},{"type":"U","date":"2018-03-20T08:08:31.000Z","volume":554000,"label":"U","price":5.27}]