[{"type":"A","date":"2018-03-14T07:56:55.000Z","volume":300000,"price":0.33,"category":"ubbull"},{"type":"A","date":"2018-03-14T07:19:13.000Z","volume":200000,"price":0.33,"category":"ubbull"},{"type":"A","date":"2018-03-14T06:49:31.000Z","volume":200000,"price":0.33,"category":"ubbull"},{"type":"A","date":"2018-03-14T06:16:43.000Z","volume":600000,"price":0.34,"category":"ubbull"},{"type":"A","date":"2018-03-14T06:16:42.000Z","volume":440000,"price":0.34,"category":"ubbull"},{"type":"A","date":"2018-03-14T06:16:42.000Z","volume":300000,"price":0.34,"category":"ubbull"},{"type":"A","date":"2018-03-14T06:16:41.000Z","volume":225000,"price":0.34,"category":"ubbull"},{"type":"A","date":"2018-03-14T06:16:41.000Z","volume":490000,"price":0.34,"category":"ubbull"},{"type":"A","date":"2018-03-14T06:14:01.000Z","volume":560000,"price":0.335,"category":"ubbull"},{"type":"A","date":"2018-03-14T06:14:01.000Z","volume":210000,"price":0.335,"category":"ubbull"},{"type":"A","date":"2018-03-14T06:11:01.000Z","volume":480000,"price":0.335,"category":"ubbull"},{"type":"A","date":"2018-03-14T06:11:00.000Z","volume":500000,"price":0.335,"category":"ubbull"},{"type":"A","date":"2018-03-14T06:10:12.000Z","volume":300000,"price":0.33,"category":"ubbull"},{"type":"A","date":"2018-03-14T06:10:10.000Z","volume":500000,"price":0.33,"category":"ubbull"},{"type":"A","date":"2018-03-14T06:07:03.000Z","volume":525000,"price":0.325,"category":"ubbull"},{"type":"A","date":"2018-03-14T05:51:44.000Z","volume":265000,"price":0.32,"category":"ubbull"},{"type":"A","date":"2018-03-14T03:53:45.000Z","volume":500000,"price":0.31,"category":"ubbull"},{"type":"A","date":"2018-03-14T07:58:06.000Z","volume":100000,"price":0.335,"category":"bbull"},{"type":"A","date":"2018-03-14T07:54:50.000Z","volume":100000,"price":0.33,"category":"bbull"},{"type":"A","date":"2018-03-14T07:42:30.000Z","volume":100000,"price":0.33,"category":"bbull"},{"type":"A","date":"2018-03-14T07:17:48.000Z","volume":100000,"price":0.33,"category":"bbull"},{"type":"A","date":"2018-03-14T06:49:31.000Z","volume":160000,"price":0.325,"category":"bbull"},{"type":"A","date":"2018-03-14T06:45:39.000Z","volume":145000,"price":0.32,"category":"bbull"},{"type":"A","date":"2018-03-14T06:43:16.000Z","volume":100000,"price":0.32,"category":"bbull"},{"type":"A","date":"2018-03-14T06:30:22.000Z","volume":100000,"price":0.325,"category":"bbull"},{"type":"A","date":"2018-03-14T06:29:49.000Z","volume":100000,"price":0.325,"category":"bbull"},{"type":"A","date":"2018-03-14T06:23:11.000Z","volume":115000,"price":0.33,"category":"bbull"},{"type":"A","date":"2018-03-14T06:22:02.000Z","volume":100000,"price":0.33,"category":"bbull"},{"type":"A","date":"2018-03-14T06:18:26.000Z","volume":100000,"price":0.335,"category":"bbull"},{"type":"A","date":"2018-03-14T06:17:49.000Z","volume":100000,"price":0.335,"category":"bbull"},{"type":"A","date":"2018-03-14T06:17:02.000Z","volume":100000,"price":0.34,"category":"bbull"},{"type":"A","date":"2018-03-14T06:16:43.000Z","volume":135000,"price":0.34,"category":"bbull"},{"type":"A","date":"2018-03-14T06:16:40.000Z","volume":100000,"price":0.34,"category":"bbull"},{"type":"A","date":"2018-03-14T06:10:11.000Z","volume":100000,"price":0.33,"category":"bbull"},{"type":"A","date":"2018-03-14T06:10:11.000Z","volume":100000,"price":0.33,"category":"bbull"},{"type":"A","date":"2018-03-14T06:07:03.000Z","volume":155000,"price":0.325,"category":"bbull"},{"type":"A","date":"2018-03-14T05:55:28.000Z","volume":145000,"price":0.32,"category":"bbull"},{"type":"A","date":"2018-03-14T07:56:50.000Z","volume":10000,"price":0.33,"category":"rbull"},{"type":"A","date":"2018-03-14T07:40:06.000Z","volume":5000,"price":0.33,"category":"rbull"},{"type":"A","date":"2018-03-14T07:34:26.000Z","volume":15000,"price":0.33,"category":"rbull"},{"type":"A","date":"2018-03-14T07:24:15.000Z","volume":15000,"price":0.33,"category":"rbull"},{"type":"A","date":"2018-03-14T07:11:13.000Z","volume":10000,"price":0.325,"category":"rbull"},{"type":"A","date":"2018-03-14T06:30:28.000Z","volume":5000,"price":0.325,"category":"rbull"},{"type":"A","date":"2018-03-14T06:28:11.000Z","volume":20000,"price":0.325,"category":"rbull"},{"type":"A","date":"2018-03-14T06:19:35.000Z","volume":20000,"price":0.335,"category":"rbull"},{"type":"A","date":"2018-03-14T06:16:41.000Z","volume":10000,"price":0.34,"category":"rbull"},{"type":"A","date":"2018-03-14T06:16:22.000Z","volume":10000,"price":0.34,"category":"rbull"},{"type":"A","date":"2018-03-14T06:16:02.000Z","volume":5000,"price":0.34,"category":"rbull"},{"type":"A","date":"2018-03-14T06:15:26.000Z","volume":5000,"price":0.34,"category":"rbull"},{"type":"A","date":"2018-03-14T06:13:23.000Z","volume":10000,"price":0.33,"category":"rbull"},{"type":"A","date":"2018-03-14T06:11:06.000Z","volume":20000,"price":0.34,"category":"rbull"},{"type":"A","date":"2018-03-14T06:11:06.000Z","volume":20000,"price":0.34,"category":"rbull"},{"type":"A","date":"2018-03-14T06:09:23.000Z","volume":10000,"price":0.325,"category":"rbull"},{"type":"A","date":"2018-03-14T06:07:57.000Z","volume":20000,"price":0.325,"category":"rbull"},{"type":"A","date":"2018-03-14T05:54:18.000Z","volume":5000,"price":0.32,"category":"rbull"},{"type":"A","date":"2018-03-14T05:54:08.000Z","volume":10000,"price":0.32,"category":"rbull"},{"type":"A","date":"2018-03-14T05:54:08.000Z","volume":10000,"price":0.32,"category":"rbull"},{"type":"A","date":"2018-03-14T05:53:57.000Z","volume":15000,"price":0.32,"category":"rbull"},{"type":"A","date":"2018-03-14T03:53:45.000Z","volume":15000,"price":0.31,"category":"rbull"},{"type":"B","date":"2018-03-14T07:49:57.000Z","volume":20000,"price":0.325,"category":"rbear"},{"type":"B","date":"2018-03-14T06:49:50.000Z","volume":10000,"price":0.325,"category":"rbear"},{"type":"B","date":"2018-03-14T06:40:15.000Z","volume":5000,"price":0.32,"category":"rbear"},{"type":"B","date":"2018-03-14T06:37:41.000Z","volume":20000,"price":0.32,"category":"rbear"},{"type":"B","date":"2018-03-14T06:33:47.000Z","volume":15000,"price":0.325,"category":"rbear"},{"type":"B","date":"2018-03-14T06:20:46.000Z","volume":10000,"price":0.33,"category":"rbear"},{"type":"B","date":"2018-03-14T06:14:39.000Z","volume":20000,"price":0.335,"category":"rbear"},{"type":"B","date":"2018-03-14T06:11:47.000Z","volume":20000,"price":0.335,"category":"rbear"},{"type":"B","date":"2018-03-14T06:09:11.000Z","volume":20000,"price":0.325,"category":"rbear"},{"type":"B","date":"2018-03-14T06:08:42.000Z","volume":20000,"price":0.325,"category":"rbear"},{"type":"B","date":"2018-03-14T06:05:15.000Z","volume":20000,"price":0.32,"category":"rbear"},{"type":"B","date":"2018-03-14T03:31:33.000Z","volume":15000,"price":0.305,"category":"rbear"},{"type":"B","date":"2018-03-14T02:25:54.000Z","volume":10000,"price":0.305,"category":"rbear"},{"type":"B","date":"2018-03-14T01:49:47.000Z","volume":15000,"price":0.31,"category":"rbear"},{"type":"B","date":"2018-03-14T01:30:39.000Z","volume":15000,"price":0.31,"category":"rbear"},{"type":"B","date":"2018-03-14T07:53:49.000Z","volume":160000,"price":0.325,"category":"bbear"},{"type":"B","date":"2018-03-14T06:33:47.000Z","volume":145000,"price":0.32,"category":"bbear"},{"type":"B","date":"2018-03-14T06:24:19.000Z","volume":100000,"price":0.325,"category":"bbear"},{"type":"B","date":"2018-03-14T06:15:35.000Z","volume":100000,"price":0.33,"category":"bbear"},{"type":"B","date":"2018-03-14T06:15:35.000Z","volume":100000,"price":0.335,"category":"bbear"},{"type":"B","date":"2018-03-14T06:13:19.000Z","volume":150000,"price":0.33,"category":"bbear"},{"type":"B","date":"2018-03-14T03:39:52.000Z","volume":100000,"price":0.305,"category":"bbear"},{"type":"B","date":"2018-03-14T03:34:47.000Z","volume":100000,"price":0.305,"category":"bbear"},{"type":"B","date":"2018-03-14T01:54:33.000Z","volume":100000,"price":0.3,"category":"bbear"},{"type":"B","date":"2018-03-14T01:52:16.000Z","volume":160000,"price":0.305,"category":"bbear"},{"type":"B","date":"2018-03-14T07:53:34.000Z","volume":200000,"price":0.325,"category":"ubbear"},{"type":"B","date":"2018-03-14T06:40:15.000Z","volume":300000,"price":0.32,"category":"ubbear"},{"type":"B","date":"2018-03-14T06:40:13.000Z","volume":450000,"price":0.32,"category":"ubbear"},{"type":"B","date":"2018-03-14T06:27:15.000Z","volume":535000,"price":0.325,"category":"ubbear"},{"type":"B","date":"2018-03-14T06:21:45.000Z","volume":750000,"price":0.33,"category":"ubbear"},{"type":"B","date":"2018-03-14T06:17:19.000Z","volume":380000,"price":0.335,"category":"ubbear"},{"type":"B","date":"2018-03-14T06:17:19.000Z","volume":500000,"price":0.335,"category":"ubbear"},{"type":"B","date":"2018-03-14T06:16:46.000Z","volume":910000,"price":0.34,"category":"ubbear"},{"type":"B","date":"2018-03-14T06:14:16.000Z","volume":210000,"price":0.335,"category":"ubbear"},{"type":"B","date":"2018-03-14T02:41:55.000Z","volume":190000,"price":0.305,"category":"ubbear"}]