[{"type":"U","date":"2018-04-20T01:05:00.000Z","volume":25000,"label":"P","price":10.806},{"type":"U","date":"2018-04-20T01:05:00.000Z","volume":25000,"label":"P","price":10.806},{"type":"A","date":"2018-04-20T01:33:58.000Z","volume":2000,"label":" ","price":11.16},{"type":"A","date":"2018-04-20T06:37:19.000Z","volume":5000,"label":" ","price":10.98},{"type":"A","date":"2018-04-20T06:37:19.000Z","volume":5000,"label":" ","price":10.98},{"type":"B","date":"2018-04-20T06:49:18.000Z","volume":3000,"label":" ","price":10.82},{"type":"B","date":"2018-04-20T06:52:37.000Z","volume":2000,"label":" ","price":10.82},{"type":"B","date":"2018-04-20T06:52:37.000Z","volume":25000,"label":" ","price":10.8},{"type":"B","date":"2018-04-20T06:55:52.000Z","volume":15000,"label":" ","price":10.8},{"type":"B","date":"2018-04-20T06:56:24.000Z","volume":4000,"label":" ","price":10.8},{"type":"B","date":"2018-04-20T06:57:44.000Z","volume":10000,"label":" ","price":10.8},{"type":"A","date":"2018-04-20T06:57:50.000Z","volume":3000,"label":" ","price":10.78},{"type":"A","date":"2018-04-20T06:57:50.000Z","volume":1000,"label":" ","price":10.8},{"type":"A","date":"2018-04-20T06:57:55.000Z","volume":2000,"label":" ","price":10.8},{"type":"A","date":"2018-04-20T06:58:23.000Z","volume":6000,"label":" ","price":10.8},{"type":"B","date":"2018-04-20T07:07:25.000Z","volume":4000,"label":" ","price":10.8},{"type":"B","date":"2018-04-20T07:07:40.000Z","volume":6000,"label":" ","price":10.78},{"type":"A","date":"2018-04-20T07:10:10.000Z","volume":6000,"label":" ","price":10.8},{"type":"B","date":"2018-04-20T07:12:40.000Z","volume":1000,"label":" ","price":10.8},{"type":"B","date":"2018-04-20T07:20:52.000Z","volume":2000,"label":" ","price":10.8},{"type":"B","date":"2018-04-20T07:21:20.000Z","volume":1000,"label":" ","price":10.8},{"type":"B","date":"2018-04-20T07:26:11.000Z","volume":4000,"label":" ","price":10.82},{"type":"B","date":"2018-04-20T07:29:45.000Z","volume":5000,"label":" ","price":10.8},{"type":"B","date":"2018-04-20T07:30:57.000Z","volume":5000,"label":" ","price":10.8},{"type":"A","date":"2018-04-20T07:31:33.000Z","volume":9000,"label":" ","price":10.82},{"type":"B","date":"2018-04-20T07:43:18.000Z","volume":5000,"label":" ","price":10.82},{"type":"B","date":"2018-04-20T07:59:10.000Z","volume":2000,"label":" ","price":10.82}]