[{"type":"U","date":"2018-04-09T01:20:00.000Z","volume":2500,"label":"U","price":3.45},{"type":"A","date":"2018-04-09T01:33:56.000Z","volume":5000,"label":" ","price":3.46},{"type":"A","date":"2018-04-09T01:34:38.000Z","volume":2500,"label":" ","price":3.46},{"type":"A","date":"2018-04-09T01:36:58.000Z","volume":2500,"label":" ","price":3.46},{"type":"B","date":"2018-04-09T01:37:48.000Z","volume":5000,"label":" ","price":3.45},{"type":"A","date":"2018-04-09T01:38:48.000Z","volume":2500,"label":" ","price":3.47},{"type":"A","date":"2018-04-09T01:40:36.000Z","volume":2500,"label":" ","price":3.47},{"type":"B","date":"2018-04-09T01:48:54.000Z","volume":2500,"label":" ","price":3.43},{"type":"B","date":"2018-04-09T01:49:11.000Z","volume":2500,"label":" ","price":3.41},{"type":"B","date":"2018-04-09T01:49:11.000Z","volume":2500,"label":" ","price":3.4},{"type":"A","date":"2018-04-09T01:50:00.000Z","volume":2500,"label":" ","price":3.47},{"type":"A","date":"2018-04-09T02:08:08.000Z","volume":2500,"label":" ","price":3.46},{"type":"A","date":"2018-04-09T02:08:50.000Z","volume":2500,"label":" ","price":3.46},{"type":"A","date":"2018-04-09T02:08:50.000Z","volume":2500,"label":" ","price":3.47},{"type":"A","date":"2018-04-09T02:34:13.000Z","volume":2500,"label":" ","price":3.47},{"type":"A","date":"2018-04-09T02:39:49.000Z","volume":7500,"label":" ","price":3.47},{"type":"A","date":"2018-04-09T02:54:31.000Z","volume":2500,"label":" ","price":3.47},{"type":"A","date":"2018-04-09T03:05:55.000Z","volume":2500,"label":" ","price":3.47},{"type":"A","date":"2018-04-09T03:38:32.000Z","volume":2500,"label":" ","price":3.48},{"type":"B","date":"2018-04-09T05:03:04.000Z","volume":12500,"label":" ","price":3.42},{"type":"A","date":"2018-04-09T05:04:19.000Z","volume":2500,"label":" ","price":3.48},{"type":"A","date":"2018-04-09T06:01:10.000Z","volume":2500,"label":" ","price":3.47},{"type":"A","date":"2018-04-09T06:16:03.000Z","volume":577500,"label":" ","price":3.46},{"type":"A","date":"2018-04-09T06:19:07.000Z","volume":197500,"label":" ","price":3.46},{"type":"B","date":"2018-04-09T06:33:51.000Z","volume":5000,"label":" ","price":3.43},{"type":"A","date":"2018-04-09T06:34:31.000Z","volume":970000,"label":" ","price":3.46},{"type":"A","date":"2018-04-09T06:35:55.000Z","volume":10000,"label":" ","price":3.46},{"type":"A","date":"2018-04-09T06:35:55.000Z","volume":15000,"label":" ","price":3.47},{"type":"B","date":"2018-04-09T07:01:44.000Z","volume":5000,"label":" ","price":3.42},{"type":"A","date":"2018-04-09T07:03:40.000Z","volume":100000,"label":" ","price":3.45},{"type":"A","date":"2018-04-09T07:03:40.000Z","volume":5000,"label":" ","price":3.46},{"type":"A","date":"2018-04-09T07:10:26.000Z","volume":55000,"label":" ","price":3.46},{"type":"A","date":"2018-04-09T07:45:02.000Z","volume":10000,"label":" ","price":3.48},{"type":"A","date":"2018-04-09T07:47:00.000Z","volume":5000,"label":" ","price":3.48},{"type":"A","date":"2018-04-09T07:52:13.000Z","volume":27500,"label":" ","price":3.48},{"type":"A","date":"2018-04-09T07:52:13.000Z","volume":2500,"label":" ","price":3.49},{"type":"A","date":"2018-04-09T07:52:55.000Z","volume":15000,"label":" ","price":3.49},{"type":"A","date":"2018-04-09T07:52:55.000Z","volume":5000,"label":" ","price":3.5},{"type":"A","date":"2018-04-09T07:53:36.000Z","volume":5000,"label":" ","price":3.5},{"type":"A","date":"2018-04-09T07:54:12.000Z","volume":5000,"label":" ","price":3.5},{"type":"U","date":"2018-04-09T07:55:09.000Z","volume":5880000,"label":"M","price":3.1},{"type":"A","date":"2018-04-09T07:57:58.000Z","volume":5000,"label":" ","price":3.5},{"type":"A","date":"2018-04-09T07:58:14.000Z","volume":2500,"label":" ","price":3.5},{"type":"A","date":"2018-04-09T07:59:09.000Z","volume":2500,"label":" ","price":3.5},{"type":"A","date":"2018-04-09T07:59:26.000Z","volume":2500,"label":" ","price":3.49},{"type":"A","date":"2018-04-09T07:59:26.000Z","volume":2500,"label":" ","price":3.5}]