[{"type":"B","date":"2018-04-24T03:05:01.000Z","volume":12000,"label":" ","price":2.98},{"type":"B","date":"2018-04-24T03:05:01.000Z","volume":3000,"label":" ","price":2.98},{"type":"A","date":"2018-04-24T05:50:22.000Z","volume":4000,"label":" ","price":3.01},{"type":"A","date":"2018-04-24T05:53:07.000Z","volume":2000,"label":" ","price":3.01},{"type":"A","date":"2018-04-24T05:54:22.000Z","volume":2000,"label":" ","price":3.01},{"type":"A","date":"2018-04-24T05:56:37.000Z","volume":2000,"label":" ","price":3.01},{"type":"A","date":"2018-04-24T05:56:37.000Z","volume":1000,"label":" ","price":3.01},{"type":"B","date":"2018-04-24T05:56:52.000Z","volume":3000,"label":" ","price":3.01},{"type":"B","date":"2018-04-24T05:56:52.000Z","volume":3000,"label":" ","price":3.01},{"type":"A","date":"2018-04-24T06:02:07.000Z","volume":2000,"label":" ","price":3.02},{"type":"A","date":"2018-04-24T06:03:22.000Z","volume":2000,"label":" ","price":3.02},{"type":"A","date":"2018-04-24T06:04:37.000Z","volume":2000,"label":" ","price":3.02},{"type":"A","date":"2018-04-24T06:05:07.000Z","volume":2000,"label":" ","price":3.02},{"type":"A","date":"2018-04-24T06:05:37.000Z","volume":2000,"label":" ","price":3.02},{"type":"A","date":"2018-04-24T06:06:22.000Z","volume":1000,"label":" ","price":3.02},{"type":"A","date":"2018-04-24T06:06:52.000Z","volume":1000,"label":" ","price":3.02},{"type":"A","date":"2018-04-24T06:07:07.000Z","volume":1000,"label":" ","price":3.02},{"type":"A","date":"2018-04-24T06:07:37.000Z","volume":1000,"label":" ","price":3.02},{"type":"A","date":"2018-04-24T06:07:52.000Z","volume":1000,"label":" ","price":3.02},{"type":"A","date":"2018-04-24T06:08:22.000Z","volume":1000,"label":" ","price":3.02},{"type":"A","date":"2018-04-24T06:09:22.000Z","volume":1000,"label":" ","price":3.02},{"type":"A","date":"2018-04-24T06:09:52.000Z","volume":1000,"label":" ","price":3.02},{"type":"A","date":"2018-04-24T06:12:22.000Z","volume":3000,"label":" ","price":3.02},{"type":"A","date":"2018-04-24T06:13:52.000Z","volume":3000,"label":" ","price":3.02},{"type":"A","date":"2018-04-24T06:14:52.000Z","volume":1000,"label":" ","price":3.02},{"type":"A","date":"2018-04-24T06:15:22.000Z","volume":1000,"label":" ","price":3.02},{"type":"A","date":"2018-04-24T06:15:37.000Z","volume":1000,"label":" ","price":3.02},{"type":"A","date":"2018-04-24T06:16:07.000Z","volume":1000,"label":" ","price":3.02},{"type":"A","date":"2018-04-24T06:16:52.000Z","volume":1000,"label":" ","price":3.02},{"type":"A","date":"2018-04-24T06:17:22.000Z","volume":1000,"label":" ","price":3.02},{"type":"A","date":"2018-04-24T06:18:07.000Z","volume":2000,"label":" ","price":3.02},{"type":"A","date":"2018-04-24T06:19:22.000Z","volume":1000,"label":" ","price":3.02},{"type":"A","date":"2018-04-24T06:20:07.000Z","volume":2000,"label":" ","price":3.02},{"type":"A","date":"2018-04-24T06:20:22.000Z","volume":1000,"label":" ","price":3.02},{"type":"A","date":"2018-04-24T06:20:37.000Z","volume":1000,"label":" ","price":3.02},{"type":"A","date":"2018-04-24T06:21:07.000Z","volume":1000,"label":" ","price":3.02},{"type":"A","date":"2018-04-24T06:21:22.000Z","volume":1000,"label":" ","price":3.02},{"type":"A","date":"2018-04-24T06:21:37.000Z","volume":1000,"label":" ","price":3.02},{"type":"A","date":"2018-04-24T06:21:52.000Z","volume":1000,"label":" ","price":3.02},{"type":"A","date":"2018-04-24T06:22:07.000Z","volume":1000,"label":" ","price":3.02},{"type":"A","date":"2018-04-24T06:22:22.000Z","volume":1000,"label":" ","price":3.02},{"type":"A","date":"2018-04-24T06:22:37.000Z","volume":1000,"label":" ","price":3.02},{"type":"A","date":"2018-04-24T06:22:52.000Z","volume":1000,"label":" ","price":3.02},{"type":"A","date":"2018-04-24T06:23:07.000Z","volume":1000,"label":" ","price":3.02},{"type":"A","date":"2018-04-24T06:23:22.000Z","volume":1000,"label":" ","price":3.02},{"type":"A","date":"2018-04-24T06:23:37.000Z","volume":1000,"label":" ","price":3.02},{"type":"A","date":"2018-04-24T06:24:07.000Z","volume":1000,"label":" ","price":3.02},{"type":"A","date":"2018-04-24T06:24:22.000Z","volume":1000,"label":" ","price":3.02},{"type":"A","date":"2018-04-24T06:24:37.000Z","volume":1000,"label":" ","price":3.02},{"type":"A","date":"2018-04-24T06:28:22.000Z","volume":7000,"label":" ","price":3.02},{"type":"A","date":"2018-04-24T06:32:07.000Z","volume":5000,"label":" ","price":3.02},{"type":"A","date":"2018-04-24T06:34:07.000Z","volume":2000,"label":" ","price":3.03},{"type":"A","date":"2018-04-24T06:35:07.000Z","volume":1000,"label":" ","price":3.03},{"type":"A","date":"2018-04-24T06:35:37.000Z","volume":1000,"label":" ","price":3.03},{"type":"A","date":"2018-04-24T06:36:07.000Z","volume":1000,"label":" ","price":3.03},{"type":"A","date":"2018-04-24T06:36:37.000Z","volume":2000,"label":" ","price":3.03},{"type":"A","date":"2018-04-24T06:37:37.000Z","volume":2000,"label":" ","price":3.03},{"type":"A","date":"2018-04-24T06:38:52.000Z","volume":2000,"label":" ","price":3.03},{"type":"A","date":"2018-04-24T06:40:22.000Z","volume":2000,"label":" ","price":3.03},{"type":"A","date":"2018-04-24T06:41:37.000Z","volume":2000,"label":" ","price":3.03},{"type":"A","date":"2018-04-24T06:43:07.000Z","volume":2000,"label":" ","price":3.03},{"type":"A","date":"2018-04-24T06:44:22.000Z","volume":2000,"label":" ","price":3.03},{"type":"A","date":"2018-04-24T06:45:37.000Z","volume":2000,"label":" ","price":3.03},{"type":"A","date":"2018-04-24T06:46:52.000Z","volume":2000,"label":" ","price":3.03},{"type":"A","date":"2018-04-24T06:49:37.000Z","volume":2000,"label":" ","price":3.03},{"type":"A","date":"2018-04-24T06:51:22.000Z","volume":3000,"label":" ","price":3.03},{"type":"A","date":"2018-04-24T06:53:52.000Z","volume":3000,"label":" ","price":3.03},{"type":"A","date":"2018-04-24T06:55:52.000Z","volume":2000,"label":" ","price":3.03},{"type":"A","date":"2018-04-24T06:57:52.000Z","volume":2000,"label":" ","price":3.03},{"type":"A","date":"2018-04-24T06:59:22.000Z","volume":1000,"label":" ","price":3.03},{"type":"A","date":"2018-04-24T06:59:52.000Z","volume":2000,"label":" ","price":3.03},{"type":"A","date":"2018-04-24T07:00:52.000Z","volume":1000,"label":" ","price":3.03},{"type":"A","date":"2018-04-24T07:01:37.000Z","volume":1000,"label":" ","price":3.03},{"type":"A","date":"2018-04-24T07:02:07.000Z","volume":2000,"label":" ","price":3.03},{"type":"A","date":"2018-04-24T07:03:52.000Z","volume":2000,"label":" ","price":3.03},{"type":"A","date":"2018-04-24T07:05:37.000Z","volume":2000,"label":" ","price":3.03},{"type":"A","date":"2018-04-24T07:07:52.000Z","volume":2000,"label":" ","price":3.03},{"type":"A","date":"2018-04-24T07:09:52.000Z","volume":2000,"label":" ","price":3.03},{"type":"A","date":"2018-04-24T07:11:37.000Z","volume":2000,"label":" ","price":3.03},{"type":"A","date":"2018-04-24T07:13:07.000Z","volume":2000,"label":" ","price":3.03},{"type":"A","date":"2018-04-24T07:14:37.000Z","volume":2000,"label":" ","price":3.03},{"type":"A","date":"2018-04-24T07:16:22.000Z","volume":2000,"label":" ","price":3.03},{"type":"A","date":"2018-04-24T07:18:07.000Z","volume":2000,"label":" ","price":3.03},{"type":"A","date":"2018-04-24T07:19:37.000Z","volume":2000,"label":" ","price":3.03},{"type":"A","date":"2018-04-24T07:20:52.000Z","volume":1000,"label":" ","price":3.03},{"type":"A","date":"2018-04-24T07:21:22.000Z","volume":1000,"label":" ","price":3.03},{"type":"A","date":"2018-04-24T07:22:07.000Z","volume":1000,"label":" ","price":3.03},{"type":"A","date":"2018-04-24T07:22:37.000Z","volume":1000,"label":" ","price":3.03},{"type":"A","date":"2018-04-24T07:23:37.000Z","volume":2000,"label":" ","price":3.03},{"type":"A","date":"2018-04-24T07:25:07.000Z","volume":2000,"label":" ","price":3.03},{"type":"A","date":"2018-04-24T07:26:22.000Z","volume":2000,"label":" ","price":3.03},{"type":"A","date":"2018-04-24T07:27:52.000Z","volume":2000,"label":" ","price":3.03},{"type":"A","date":"2018-04-24T07:28:59.000Z","volume":40000,"label":" ","price":3.03},{"type":"A","date":"2018-04-24T07:29:07.000Z","volume":2000,"label":" ","price":3.04},{"type":"A","date":"2018-04-24T07:30:22.000Z","volume":1000,"label":" ","price":3.04},{"type":"A","date":"2018-04-24T07:30:52.000Z","volume":1000,"label":" ","price":3.04},{"type":"A","date":"2018-04-24T07:31:37.000Z","volume":2000,"label":" ","price":3.04},{"type":"B","date":"2018-04-24T07:32:58.000Z","volume":10000,"label":" ","price":3.03},{"type":"A","date":"2018-04-24T07:33:07.000Z","volume":2000,"label":" ","price":3.04},{"type":"A","date":"2018-04-24T07:34:07.000Z","volume":2000,"label":" ","price":3.04},{"type":"A","date":"2018-04-24T07:35:07.000Z","volume":1000,"label":" ","price":3.04},{"type":"A","date":"2018-04-24T07:35:52.000Z","volume":2000,"label":" ","price":3.04},{"type":"A","date":"2018-04-24T07:36:52.000Z","volume":2000,"label":" ","price":3.04},{"type":"A","date":"2018-04-24T07:37:52.000Z","volume":1000,"label":" ","price":3.04},{"type":"A","date":"2018-04-24T07:38:37.000Z","volume":1000,"label":" ","price":3.04},{"type":"A","date":"2018-04-24T07:39:07.000Z","volume":2000,"label":" ","price":3.04},{"type":"A","date":"2018-04-24T07:40:07.000Z","volume":2000,"label":" ","price":3.04},{"type":"A","date":"2018-04-24T07:40:52.000Z","volume":2000,"label":" ","price":3.04},{"type":"A","date":"2018-04-24T07:41:52.000Z","volume":2000,"label":" ","price":3.04},{"type":"A","date":"2018-04-24T07:42:37.000Z","volume":1000,"label":" ","price":3.04},{"type":"A","date":"2018-04-24T07:43:07.000Z","volume":2000,"label":" ","price":3.04},{"type":"A","date":"2018-04-24T07:43:52.000Z","volume":2000,"label":" ","price":3.04},{"type":"A","date":"2018-04-24T07:44:37.000Z","volume":1000,"label":" ","price":3.04},{"type":"A","date":"2018-04-24T07:44:52.000Z","volume":2000,"label":" ","price":3.04},{"type":"A","date":"2018-04-24T07:45:22.000Z","volume":1000,"label":" ","price":3.04},{"type":"A","date":"2018-04-24T07:45:52.000Z","volume":2000,"label":" ","price":3.04},{"type":"A","date":"2018-04-24T07:46:37.000Z","volume":2000,"label":" ","price":3.04},{"type":"A","date":"2018-04-24T07:47:07.000Z","volume":2000,"label":" ","price":3.04},{"type":"A","date":"2018-04-24T07:47:37.000Z","volume":1000,"label":" ","price":3.04},{"type":"A","date":"2018-04-24T07:48:07.000Z","volume":2000,"label":" ","price":3.04},{"type":"A","date":"2018-04-24T07:48:37.000Z","volume":2000,"label":" ","price":3.04},{"type":"A","date":"2018-04-24T07:49:07.000Z","volume":2000,"label":" ","price":3.04},{"type":"A","date":"2018-04-24T07:49:37.000Z","volume":1000,"label":" ","price":3.04},{"type":"A","date":"2018-04-24T07:49:52.000Z","volume":1000,"label":" ","price":3.04},{"type":"A","date":"2018-04-24T07:50:07.000Z","volume":1000,"label":" ","price":3.04},{"type":"A","date":"2018-04-24T07:50:37.000Z","volume":2000,"label":" ","price":3.04},{"type":"A","date":"2018-04-24T07:51:07.000Z","volume":2000,"label":" ","price":3.04},{"type":"A","date":"2018-04-24T07:51:37.000Z","volume":2000,"label":" ","price":3.04},{"type":"A","date":"2018-04-24T07:52:07.000Z","volume":1000,"label":" ","price":3.04},{"type":"A","date":"2018-04-24T07:52:22.000Z","volume":1000,"label":" ","price":3.04},{"type":"A","date":"2018-04-24T07:52:37.000Z","volume":2000,"label":" ","price":3.04},{"type":"A","date":"2018-04-24T07:53:07.000Z","volume":2000,"label":" ","price":3.04},{"type":"A","date":"2018-04-24T07:53:22.000Z","volume":1000,"label":" ","price":3.04},{"type":"A","date":"2018-04-24T07:53:37.000Z","volume":1000,"label":" ","price":3.04},{"type":"A","date":"2018-04-24T07:53:52.000Z","volume":1000,"label":" ","price":3.04},{"type":"A","date":"2018-04-24T07:54:22.000Z","volume":2000,"label":" ","price":3.04},{"type":"A","date":"2018-04-24T07:54:52.000Z","volume":2000,"label":" ","price":3.04},{"type":"A","date":"2018-04-24T07:55:22.000Z","volume":2000,"label":" ","price":3.04},{"type":"A","date":"2018-04-24T07:55:37.000Z","volume":1000,"label":" ","price":3.04},{"type":"A","date":"2018-04-24T07:55:52.000Z","volume":2000,"label":" ","price":3.04},{"type":"A","date":"2018-04-24T07:56:22.000Z","volume":2000,"label":" ","price":3.04},{"type":"A","date":"2018-04-24T07:56:37.000Z","volume":1000,"label":" ","price":3.04},{"type":"A","date":"2018-04-24T07:56:52.000Z","volume":1000,"label":" ","price":3.04},{"type":"A","date":"2018-04-24T07:57:07.000Z","volume":1000,"label":" ","price":3.04},{"type":"A","date":"2018-04-24T07:57:37.000Z","volume":1000,"label":" ","price":3.04},{"type":"A","date":"2018-04-24T07:57:37.000Z","volume":1000,"label":" ","price":3.04},{"type":"A","date":"2018-04-24T07:57:52.000Z","volume":2000,"label":" ","price":3.04},{"type":"A","date":"2018-04-24T07:58:07.000Z","volume":1000,"label":" ","price":3.04},{"type":"A","date":"2018-04-24T07:58:22.000Z","volume":2000,"label":" ","price":3.04},{"type":"A","date":"2018-04-24T07:58:37.000Z","volume":1000,"label":" ","price":3.04},{"type":"A","date":"2018-04-24T07:58:52.000Z","volume":1000,"label":" ","price":3.04},{"type":"A","date":"2018-04-24T07:59:07.000Z","volume":1000,"label":" ","price":3.04},{"type":"A","date":"2018-04-24T07:59:07.000Z","volume":1000,"label":" ","price":3.04},{"type":"A","date":"2018-04-24T07:59:22.000Z","volume":1000,"label":" ","price":3.04},{"type":"A","date":"2018-04-24T07:59:23.000Z","volume":1000,"label":" ","price":3.04},{"type":"A","date":"2018-04-24T07:59:37.000Z","volume":1000,"label":" ","price":3.04},{"type":"A","date":"2018-04-24T07:59:52.000Z","volume":1000,"label":" ","price":3.04},{"type":"U","date":"2018-04-24T08:08:02.000Z","volume":2000,"label":"U","price":3.04}]