[{"type":"A","date":"2018-04-20T01:30:11.000Z","volume":1000,"label":" ","price":0.78},{"type":"B","date":"2018-04-20T01:30:11.000Z","volume":33000,"label":" ","price":0.77},{"type":"B","date":"2018-04-20T01:30:13.000Z","volume":3000,"label":" ","price":0.77},{"type":"B","date":"2018-04-20T01:42:22.000Z","volume":1000,"label":" ","price":0.77},{"type":"B","date":"2018-04-20T01:42:43.000Z","volume":20000,"label":" ","price":0.77},{"type":"B","date":"2018-04-20T01:42:43.000Z","volume":12000,"label":" ","price":0.77},{"type":"B","date":"2018-04-20T01:57:14.000Z","volume":1000,"label":" ","price":0.77},{"type":"B","date":"2018-04-20T02:30:37.000Z","volume":98000,"label":" ","price":0.77},{"type":"B","date":"2018-04-20T02:30:37.000Z","volume":50000,"label":"Y","price":0.76},{"type":"B","date":"2018-04-20T02:30:37.000Z","volume":252000,"label":" ","price":0.76},{"type":"B","date":"2018-04-20T02:30:39.000Z","volume":2000,"label":"Y","price":0.77},{"type":"A","date":"2018-04-20T02:30:40.000Z","volume":1000,"label":" ","price":0.78},{"type":"A","date":"2018-04-20T02:30:40.000Z","volume":1000,"label":" ","price":0.78},{"type":"B","date":"2018-04-20T02:30:52.000Z","volume":6000,"label":" ","price":0.77},{"type":"B","date":"2018-04-20T02:30:52.000Z","volume":6000,"label":" ","price":0.77},{"type":"B","date":"2018-04-20T02:57:02.000Z","volume":345000,"label":" ","price":0.76},{"type":"A","date":"2018-04-20T02:57:02.000Z","volume":11000,"label":" ","price":0.76},{"type":"A","date":"2018-04-20T02:57:03.000Z","volume":29000,"label":" ","price":0.76},{"type":"A","date":"2018-04-20T02:57:06.000Z","volume":5000,"label":" ","price":0.76},{"type":"A","date":"2018-04-20T02:57:12.000Z","volume":1000,"label":" ","price":0.76},{"type":"B","date":"2018-04-20T03:03:02.000Z","volume":76000,"label":" ","price":0.76},{"type":"A","date":"2018-04-20T03:03:02.000Z","volume":9000,"label":" ","price":0.76},{"type":"B","date":"2018-04-20T03:03:39.000Z","volume":548000,"label":" ","price":0.75},{"type":"A","date":"2018-04-20T03:04:27.000Z","volume":236000,"label":" ","price":0.75},{"type":"A","date":"2018-04-20T03:10:30.000Z","volume":12000,"label":" ","price":0.76},{"type":"A","date":"2018-04-20T03:10:30.000Z","volume":55000,"label":" ","price":0.76},{"type":"A","date":"2018-04-20T03:10:33.000Z","volume":18000,"label":" ","price":0.76},{"type":"B","date":"2018-04-20T03:12:46.000Z","volume":24000,"label":" ","price":0.76},{"type":"B","date":"2018-04-20T03:13:20.000Z","volume":22000,"label":" ","price":0.76},{"type":"B","date":"2018-04-20T03:13:39.000Z","volume":4000,"label":" ","price":0.76},{"type":"A","date":"2018-04-20T03:27:40.000Z","volume":15000,"label":" ","price":0.77},{"type":"A","date":"2018-04-20T03:39:57.000Z","volume":1000,"label":" ","price":0.77},{"type":"B","date":"2018-04-20T03:40:00.000Z","volume":9000,"label":" ","price":0.76},{"type":"A","date":"2018-04-20T03:40:00.000Z","volume":1000,"label":" ","price":0.76},{"type":"A","date":"2018-04-20T03:50:12.000Z","volume":1000,"label":" ","price":0.77},{"type":"A","date":"2018-04-20T03:53:27.000Z","volume":1000,"label":" ","price":0.77},{"type":"B","date":"2018-04-20T05:00:00.000Z","volume":2000,"label":" ","price":0.76},{"type":"A","date":"2018-04-20T05:00:04.000Z","volume":3000,"label":" ","price":0.76},{"type":"A","date":"2018-04-20T05:04:19.000Z","volume":1000,"label":" ","price":0.76},{"type":"A","date":"2018-04-20T05:05:49.000Z","volume":1000,"label":" ","price":0.76},{"type":"B","date":"2018-04-20T05:09:23.000Z","volume":15000,"label":" ","price":0.76},{"type":"B","date":"2018-04-20T05:09:23.000Z","volume":14000,"label":" ","price":0.76},{"type":"B","date":"2018-04-20T05:25:59.000Z","volume":30000,"label":" ","price":0.76},{"type":"A","date":"2018-04-20T05:26:00.000Z","volume":24000,"label":" ","price":0.77},{"type":"B","date":"2018-04-20T05:26:49.000Z","volume":17000,"label":" ","price":0.76},{"type":"A","date":"2018-04-20T05:27:34.000Z","volume":1000,"label":" ","price":0.76},{"type":"A","date":"2018-04-20T05:31:04.000Z","volume":1000,"label":" ","price":0.76},{"type":"A","date":"2018-04-20T05:35:04.000Z","volume":1000,"label":" ","price":0.76},{"type":"A","date":"2018-04-20T05:39:19.000Z","volume":1000,"label":" ","price":0.76},{"type":"A","date":"2018-04-20T05:47:19.000Z","volume":1000,"label":" ","price":0.76},{"type":"A","date":"2018-04-20T05:47:25.000Z","volume":8000,"label":" ","price":0.76},{"type":"A","date":"2018-04-20T06:00:27.000Z","volume":2000,"label":" ","price":0.77},{"type":"A","date":"2018-04-20T06:11:40.000Z","volume":3000,"label":" ","price":0.77},{"type":"B","date":"2018-04-20T06:14:56.000Z","volume":50000,"label":" ","price":0.76},{"type":"A","date":"2018-04-20T06:25:26.000Z","volume":1000,"label":" ","price":0.77},{"type":"B","date":"2018-04-20T06:25:35.000Z","volume":34000,"label":" ","price":0.76},{"type":"B","date":"2018-04-20T06:25:35.000Z","volume":216000,"label":" ","price":0.75},{"type":"A","date":"2018-04-20T06:39:02.000Z","volume":1000,"label":" ","price":0.77},{"type":"A","date":"2018-04-20T06:45:17.000Z","volume":1000,"label":" ","price":0.77},{"type":"A","date":"2018-04-20T06:51:17.000Z","volume":1000,"label":" ","price":0.77},{"type":"A","date":"2018-04-20T06:57:32.000Z","volume":1000,"label":" ","price":0.77},{"type":"A","date":"2018-04-20T07:02:17.000Z","volume":1000,"label":" ","price":0.77},{"type":"A","date":"2018-04-20T07:06:47.000Z","volume":1000,"label":" ","price":0.77},{"type":"A","date":"2018-04-20T07:07:57.000Z","volume":1000,"label":" ","price":0.77},{"type":"A","date":"2018-04-20T07:16:17.000Z","volume":1000,"label":" ","price":0.77},{"type":"A","date":"2018-04-20T07:17:14.000Z","volume":3000,"label":" ","price":0.77},{"type":"B","date":"2018-04-20T07:18:40.000Z","volume":1000,"label":" ","price":0.76},{"type":"A","date":"2018-04-20T07:23:17.000Z","volume":1000,"label":" ","price":0.77},{"type":"B","date":"2018-04-20T07:26:05.000Z","volume":14000,"label":" ","price":0.76},{"type":"A","date":"2018-04-20T07:28:02.000Z","volume":1000,"label":" ","price":0.77},{"type":"A","date":"2018-04-20T07:28:10.000Z","volume":1000,"label":" ","price":0.77},{"type":"A","date":"2018-04-20T07:31:47.000Z","volume":1000,"label":" ","price":0.77},{"type":"A","date":"2018-04-20T07:34:47.000Z","volume":1000,"label":" ","price":0.77},{"type":"B","date":"2018-04-20T07:38:02.000Z","volume":12000,"label":" ","price":0.76},{"type":"A","date":"2018-04-20T07:38:02.000Z","volume":1000,"label":" ","price":0.77},{"type":"A","date":"2018-04-20T07:42:32.000Z","volume":1000,"label":" ","price":0.77},{"type":"B","date":"2018-04-20T07:44:15.000Z","volume":10000,"label":" ","price":0.76},{"type":"A","date":"2018-04-20T07:46:41.000Z","volume":1000,"label":" ","price":0.77},{"type":"A","date":"2018-04-20T07:47:32.000Z","volume":1000,"label":" ","price":0.77},{"type":"A","date":"2018-04-20T07:51:17.000Z","volume":1000,"label":" ","price":0.77},{"type":"B","date":"2018-04-20T07:51:45.000Z","volume":20000,"label":" ","price":0.76},{"type":"A","date":"2018-04-20T07:52:50.000Z","volume":1000,"label":" ","price":0.77},{"type":"A","date":"2018-04-20T07:53:17.000Z","volume":1000,"label":" ","price":0.77},{"type":"A","date":"2018-04-20T07:56:02.000Z","volume":1000,"label":" ","price":0.77},{"type":"A","date":"2018-04-20T07:56:02.000Z","volume":1000,"label":" ","price":0.77},{"type":"B","date":"2018-04-20T07:56:34.000Z","volume":40000,"label":" ","price":0.76},{"type":"B","date":"2018-04-20T07:56:43.000Z","volume":13000,"label":" ","price":0.76},{"type":"A","date":"2018-04-20T07:57:34.000Z","volume":1000,"label":" ","price":0.77},{"type":"A","date":"2018-04-20T07:59:03.000Z","volume":1000,"label":" ","price":0.77},{"type":"B","date":"2018-04-20T07:59:08.000Z","volume":3000,"label":" ","price":0.76},{"type":"B","date":"2018-04-20T07:59:08.000Z","volume":19000,"label":" ","price":0.76}]