[{"type":"A","date":"2018-04-30T01:33:48.000Z","volume":2000,"label":" ","price":2.45},{"type":"A","date":"2018-04-30T01:45:07.000Z","volume":16000,"label":" ","price":2.25},{"type":"B","date":"2018-04-30T01:45:40.000Z","volume":2000,"label":" ","price":2.23},{"type":"A","date":"2018-04-30T01:46:19.000Z","volume":6000,"label":" ","price":2.25},{"type":"A","date":"2018-04-30T01:46:35.000Z","volume":2000,"label":" ","price":2.4},{"type":"A","date":"2018-04-30T02:11:50.000Z","volume":74000,"label":" ","price":2.37},{"type":"A","date":"2018-04-30T03:05:48.000Z","volume":58000,"label":" ","price":2.27},{"type":"A","date":"2018-04-30T03:14:38.000Z","volume":100000,"label":" ","price":2.27},{"type":"A","date":"2018-04-30T03:14:44.000Z","volume":20000,"label":" ","price":2.27},{"type":"A","date":"2018-04-30T03:21:08.000Z","volume":80000,"label":" ","price":2.27},{"type":"A","date":"2018-04-30T05:29:24.000Z","volume":100000,"label":" ","price":2.26},{"type":"A","date":"2018-04-30T05:29:44.000Z","volume":42000,"label":" ","price":2.26},{"type":"A","date":"2018-04-30T05:39:00.000Z","volume":100000,"label":" ","price":2.25},{"type":"A","date":"2018-04-30T05:39:34.000Z","volume":100000,"label":" ","price":2.25},{"type":"A","date":"2018-04-30T05:40:03.000Z","volume":4000,"label":" ","price":2.25},{"type":"A","date":"2018-04-30T05:40:03.000Z","volume":90000,"label":" ","price":2.29},{"type":"A","date":"2018-04-30T06:38:36.000Z","volume":20000,"label":" ","price":2.27},{"type":"A","date":"2018-04-30T06:38:55.000Z","volume":30000,"label":" ","price":2.27},{"type":"B","date":"2018-04-30T06:40:36.000Z","volume":50000,"label":" ","price":2.24},{"type":"B","date":"2018-04-30T06:44:54.000Z","volume":2000,"label":" ","price":2.24},{"type":"B","date":"2018-04-30T06:45:57.000Z","volume":2000,"label":" ","price":2.24},{"type":"B","date":"2018-04-30T06:46:57.000Z","volume":2000,"label":" ","price":2.24},{"type":"A","date":"2018-04-30T06:56:38.000Z","volume":130000,"label":" ","price":2.23},{"type":"B","date":"2018-04-30T06:59:22.000Z","volume":8000,"label":" ","price":2.23},{"type":"B","date":"2018-04-30T06:59:39.000Z","volume":6000,"label":" ","price":2.22},{"type":"B","date":"2018-04-30T06:59:39.000Z","volume":2000,"label":" ","price":2.21},{"type":"A","date":"2018-04-30T07:03:37.000Z","volume":6000,"label":" ","price":2.24},{"type":"A","date":"2018-04-30T07:17:43.000Z","volume":8000,"label":" ","price":2.26},{"type":"A","date":"2018-04-30T07:17:43.000Z","volume":2000,"label":" ","price":2.27},{"type":"A","date":"2018-04-30T07:17:45.000Z","volume":100000,"label":" ","price":2.27},{"type":"A","date":"2018-04-30T07:17:50.000Z","volume":8000,"label":" ","price":2.27},{"type":"A","date":"2018-04-30T07:18:05.000Z","volume":50000,"label":" ","price":2.27},{"type":"A","date":"2018-04-30T07:18:06.000Z","volume":50000,"label":" ","price":2.27},{"type":"A","date":"2018-04-30T07:18:12.000Z","volume":10000,"label":" ","price":2.27},{"type":"B","date":"2018-04-30T07:33:02.000Z","volume":58000,"label":" ","price":2.23},{"type":"A","date":"2018-04-30T07:57:13.000Z","volume":2000,"label":" ","price":2.27},{"type":"A","date":"2018-04-30T07:59:28.000Z","volume":4000,"label":" ","price":2.26},{"type":"A","date":"2018-04-30T07:59:28.000Z","volume":2000,"label":" ","price":2.27}]