[{"type":"U","date":"2018-03-21T01:30:31.000Z","volume":20000,"label":" ","price":0.8},{"type":"A","date":"2018-03-21T01:30:34.000Z","volume":1000,"label":"Y","price":0.8},{"type":"A","date":"2018-03-21T01:30:34.000Z","volume":1000,"label":" ","price":0.8},{"type":"B","date":"2018-03-21T01:35:09.000Z","volume":1000,"label":" ","price":0.79},{"type":"B","date":"2018-03-21T01:47:52.000Z","volume":20000,"label":" ","price":0.78},{"type":"A","date":"2018-03-21T01:48:04.000Z","volume":1000,"label":" ","price":0.79},{"type":"A","date":"2018-03-21T01:48:04.000Z","volume":1000,"label":" ","price":0.79},{"type":"A","date":"2018-03-21T01:55:57.000Z","volume":1000,"label":" ","price":0.79},{"type":"A","date":"2018-03-21T01:55:57.000Z","volume":29000,"label":" ","price":0.79},{"type":"U","date":"2018-03-21T01:56:04.000Z","volume":2000,"label":" ","price":0.79},{"type":"B","date":"2018-03-21T01:56:10.000Z","volume":1000,"label":" ","price":0.79},{"type":"U","date":"2018-03-21T01:56:49.000Z","volume":1000,"label":" ","price":0.79},{"type":"A","date":"2018-03-21T01:57:04.000Z","volume":1000,"label":" ","price":0.79},{"type":"B","date":"2018-03-21T01:59:17.000Z","volume":1000,"label":" ","price":0.78},{"type":"A","date":"2018-03-21T02:06:54.000Z","volume":17000,"label":" ","price":0.79},{"type":"A","date":"2018-03-21T02:06:55.000Z","volume":2000,"label":" ","price":0.8},{"type":"B","date":"2018-03-21T02:07:02.000Z","volume":1000,"label":" ","price":0.79},{"type":"B","date":"2018-03-21T02:07:02.000Z","volume":2000,"label":" ","price":0.79},{"type":"B","date":"2018-03-21T02:07:18.000Z","volume":1000,"label":" ","price":0.78},{"type":"U","date":"2018-03-21T02:11:29.000Z","volume":1000,"label":"X","price":0.785},{"type":"B","date":"2018-03-21T02:26:36.000Z","volume":20000,"label":" ","price":0.78},{"type":"A","date":"2018-03-21T02:26:37.000Z","volume":1000,"label":"Y","price":0.79},{"type":"A","date":"2018-03-21T02:26:37.000Z","volume":1000,"label":" ","price":0.79},{"type":"A","date":"2018-03-21T02:33:38.000Z","volume":60000,"label":" ","price":0.8},{"type":"A","date":"2018-03-21T02:33:39.000Z","volume":7000,"label":" ","price":0.8},{"type":"U","date":"2018-03-21T02:33:43.000Z","volume":2000,"label":"X","price":0.795},{"type":"B","date":"2018-03-21T02:33:47.000Z","volume":1000,"label":" ","price":0.79},{"type":"B","date":"2018-03-21T02:33:47.000Z","volume":1000,"label":" ","price":0.79},{"type":"B","date":"2018-03-21T02:33:49.000Z","volume":1000,"label":" ","price":0.79},{"type":"B","date":"2018-03-21T02:33:49.000Z","volume":55000,"label":" ","price":0.79},{"type":"A","date":"2018-03-21T02:33:49.000Z","volume":3000,"label":" ","price":0.8},{"type":"A","date":"2018-03-21T02:33:49.000Z","volume":1000,"label":" ","price":0.8},{"type":"A","date":"2018-03-21T02:33:49.000Z","volume":2000,"label":" ","price":0.8},{"type":"B","date":"2018-03-21T02:33:53.000Z","volume":1000,"label":" ","price":0.79},{"type":"B","date":"2018-03-21T02:33:53.000Z","volume":1000,"label":" ","price":0.79},{"type":"B","date":"2018-03-21T02:33:53.000Z","volume":1000,"label":" ","price":0.79},{"type":"U","date":"2018-03-21T02:33:54.000Z","volume":1000,"label":"X","price":0.795},{"type":"B","date":"2018-03-21T02:34:02.000Z","volume":20000,"label":" ","price":0.79},{"type":"B","date":"2018-03-21T02:34:19.000Z","volume":1000,"label":" ","price":0.79},{"type":"U","date":"2018-03-21T02:34:55.000Z","volume":1000,"label":" ","price":0.79},{"type":"A","date":"2018-03-21T02:35:04.000Z","volume":1000,"label":" ","price":0.8},{"type":"A","date":"2018-03-21T02:52:47.000Z","volume":1000,"label":" ","price":0.8},{"type":"B","date":"2018-03-21T02:56:13.000Z","volume":116000,"label":" ","price":0.79},{"type":"B","date":"2018-03-21T02:56:13.000Z","volume":1000,"label":"Y","price":0.79},{"type":"B","date":"2018-03-21T02:56:13.000Z","volume":3000,"label":" ","price":0.79},{"type":"A","date":"2018-03-21T02:56:13.000Z","volume":1000,"label":" ","price":0.8},{"type":"A","date":"2018-03-21T02:56:13.000Z","volume":1000,"label":" ","price":0.8},{"type":"A","date":"2018-03-21T02:56:13.000Z","volume":2000,"label":" ","price":0.8},{"type":"A","date":"2018-03-21T02:56:13.000Z","volume":1000,"label":" ","price":0.8},{"type":"A","date":"2018-03-21T02:56:13.000Z","volume":1000,"label":" ","price":0.8},{"type":"A","date":"2018-03-21T02:56:13.000Z","volume":1000,"label":" ","price":0.8},{"type":"B","date":"2018-03-21T02:56:14.000Z","volume":2000,"label":" ","price":0.78},{"type":"B","date":"2018-03-21T02:56:17.000Z","volume":1000,"label":" ","price":0.78},{"type":"B","date":"2018-03-21T02:56:17.000Z","volume":5000,"label":" ","price":0.78},{"type":"A","date":"2018-03-21T02:57:19.000Z","volume":2000,"label":" ","price":0.79},{"type":"B","date":"2018-03-21T03:02:49.000Z","volume":1000,"label":" ","price":0.78},{"type":"A","date":"2018-03-21T03:08:15.000Z","volume":30000,"label":" ","price":0.79},{"type":"B","date":"2018-03-21T03:08:15.000Z","volume":1000,"label":" ","price":0.78},{"type":"B","date":"2018-03-21T03:09:50.000Z","volume":16000,"label":" ","price":0.78},{"type":"A","date":"2018-03-21T03:10:04.000Z","volume":2000,"label":"Y","price":0.79},{"type":"A","date":"2018-03-21T03:10:04.000Z","volume":1000,"label":" ","price":0.79},{"type":"B","date":"2018-03-21T03:10:04.000Z","volume":1000,"label":"Y","price":0.79},{"type":"B","date":"2018-03-21T03:10:04.000Z","volume":1000,"label":"Y","price":0.79},{"type":"B","date":"2018-03-21T03:10:04.000Z","volume":1000,"label":" ","price":0.78},{"type":"A","date":"2018-03-21T03:43:14.000Z","volume":18000,"label":" ","price":0.79},{"type":"A","date":"2018-03-21T03:43:15.000Z","volume":2000,"label":" ","price":0.79},{"type":"A","date":"2018-03-21T03:43:17.000Z","volume":1000,"label":" ","price":0.79},{"type":"A","date":"2018-03-21T03:43:49.000Z","volume":40000,"label":" ","price":0.79},{"type":"B","date":"2018-03-21T03:43:49.000Z","volume":1000,"label":" ","price":0.79},{"type":"B","date":"2018-03-21T03:43:50.000Z","volume":1000,"label":"Y","price":0.79},{"type":"A","date":"2018-03-21T03:44:04.000Z","volume":1000,"label":" ","price":0.8},{"type":"A","date":"2018-03-21T03:44:04.000Z","volume":1000,"label":" ","price":0.8},{"type":"A","date":"2018-03-21T03:44:04.000Z","volume":1000,"label":" ","price":0.8},{"type":"A","date":"2018-03-21T03:44:04.000Z","volume":1000,"label":" ","price":0.8},{"type":"A","date":"2018-03-21T03:44:04.000Z","volume":1000,"label":" ","price":0.8},{"type":"B","date":"2018-03-21T03:45:41.000Z","volume":30000,"label":" ","price":0.79},{"type":"B","date":"2018-03-21T03:45:41.000Z","volume":2000,"label":" ","price":0.79},{"type":"A","date":"2018-03-21T03:45:49.000Z","volume":1000,"label":" ","price":0.8},{"type":"A","date":"2018-03-21T03:45:49.000Z","volume":1000,"label":" ","price":0.8},{"type":"A","date":"2018-03-21T03:47:34.000Z","volume":1000,"label":" ","price":0.8},{"type":"B","date":"2018-03-21T03:59:22.000Z","volume":30000,"label":" ","price":0.79},{"type":"B","date":"2018-03-21T05:00:00.000Z","volume":10000,"label":" ","price":0.79},{"type":"B","date":"2018-03-21T05:00:05.000Z","volume":3000,"label":" ","price":0.79},{"type":"B","date":"2018-03-21T05:00:07.000Z","volume":1000,"label":" ","price":0.79},{"type":"B","date":"2018-03-21T05:01:13.000Z","volume":10000,"label":" ","price":0.79},{"type":"A","date":"2018-03-21T05:04:32.000Z","volume":1000,"label":" ","price":0.8},{"type":"B","date":"2018-03-21T05:04:33.000Z","volume":10000,"label":" ","price":0.79},{"type":"B","date":"2018-03-21T05:05:05.000Z","volume":1000,"label":" ","price":0.79},{"type":"A","date":"2018-03-21T05:12:02.000Z","volume":1000,"label":" ","price":0.8},{"type":"A","date":"2018-03-21T05:13:27.000Z","volume":1000,"label":" ","price":0.8},{"type":"A","date":"2018-03-21T05:15:23.000Z","volume":20000,"label":" ","price":0.8},{"type":"A","date":"2018-03-21T05:15:32.000Z","volume":2000,"label":" ","price":0.8},{"type":"B","date":"2018-03-21T05:16:05.000Z","volume":1000,"label":" ","price":0.79},{"type":"B","date":"2018-03-21T05:17:22.000Z","volume":60000,"label":" ","price":0.79},{"type":"B","date":"2018-03-21T05:17:22.000Z","volume":2000,"label":" ","price":0.79},{"type":"B","date":"2018-03-21T05:17:25.000Z","volume":1000,"label":" ","price":0.79},{"type":"B","date":"2018-03-21T05:24:20.000Z","volume":1000,"label":"Y","price":0.79},{"type":"A","date":"2018-03-21T05:25:32.000Z","volume":2000,"label":" ","price":0.8},{"type":"A","date":"2018-03-21T05:25:32.000Z","volume":1000,"label":" ","price":0.8},{"type":"B","date":"2018-03-21T05:26:20.000Z","volume":1000,"label":" ","price":0.79},{"type":"A","date":"2018-03-21T05:27:17.000Z","volume":1000,"label":" ","price":0.8},{"type":"B","date":"2018-03-21T05:27:42.000Z","volume":10000,"label":" ","price":0.79},{"type":"B","date":"2018-03-21T05:27:47.000Z","volume":1000,"label":" ","price":0.78},{"type":"A","date":"2018-03-21T05:32:02.000Z","volume":1000,"label":" ","price":0.79},{"type":"A","date":"2018-03-21T05:32:02.000Z","volume":1000,"label":" ","price":0.79},{"type":"B","date":"2018-03-21T05:32:02.000Z","volume":1000,"label":"Y","price":0.79},{"type":"B","date":"2018-03-21T05:40:50.000Z","volume":1000,"label":" ","price":0.79},{"type":"A","date":"2018-03-21T05:43:57.000Z","volume":1000,"label":" ","price":0.8},{"type":"A","date":"2018-03-21T05:45:17.000Z","volume":1000,"label":" ","price":0.8},{"type":"B","date":"2018-03-21T05:45:43.000Z","volume":15000,"label":" ","price":0.79},{"type":"B","date":"2018-03-21T05:45:57.000Z","volume":1000,"label":" ","price":0.78},{"type":"A","date":"2018-03-21T06:07:41.000Z","volume":2000,"label":" ","price":0.79},{"type":"B","date":"2018-03-21T06:07:47.000Z","volume":1000,"label":" ","price":0.79},{"type":"B","date":"2018-03-21T06:07:47.000Z","volume":11000,"label":" ","price":0.79},{"type":"A","date":"2018-03-21T06:07:48.000Z","volume":1000,"label":" ","price":0.8},{"type":"A","date":"2018-03-21T06:08:51.000Z","volume":50000,"label":" ","price":0.8},{"type":"A","date":"2018-03-21T06:08:52.000Z","volume":5000,"label":" ","price":0.8},{"type":"A","date":"2018-03-21T06:08:52.000Z","volume":1000,"label":" ","price":0.8},{"type":"B","date":"2018-03-21T06:09:16.000Z","volume":1000,"label":" ","price":0.79},{"type":"B","date":"2018-03-21T06:09:42.000Z","volume":34000,"label":" ","price":0.79},{"type":"B","date":"2018-03-21T06:09:42.000Z","volume":1000,"label":" ","price":0.79},{"type":"A","date":"2018-03-21T06:09:47.000Z","volume":1000,"label":" ","price":0.8},{"type":"A","date":"2018-03-21T06:09:47.000Z","volume":1000,"label":" ","price":0.8},{"type":"B","date":"2018-03-21T06:09:58.000Z","volume":1000,"label":" ","price":0.79},{"type":"B","date":"2018-03-21T06:09:58.000Z","volume":1000,"label":" ","price":0.79},{"type":"B","date":"2018-03-21T06:10:50.000Z","volume":1000,"label":" ","price":0.79},{"type":"A","date":"2018-03-21T06:11:02.000Z","volume":1000,"label":" ","price":0.8},{"type":"A","date":"2018-03-21T06:14:17.000Z","volume":1000,"label":" ","price":0.8},{"type":"B","date":"2018-03-21T06:15:50.000Z","volume":1000,"label":" ","price":0.79},{"type":"B","date":"2018-03-21T06:18:28.000Z","volume":10000,"label":" ","price":0.79},{"type":"A","date":"2018-03-21T06:19:02.000Z","volume":1000,"label":" ","price":0.8},{"type":"B","date":"2018-03-21T06:24:01.000Z","volume":20000,"label":" ","price":0.79},{"type":"B","date":"2018-03-21T06:24:01.000Z","volume":1000,"label":" ","price":0.78},{"type":"A","date":"2018-03-21T06:33:10.000Z","volume":20000,"label":" ","price":0.79},{"type":"A","date":"2018-03-21T06:33:17.000Z","volume":1000,"label":" ","price":0.79},{"type":"A","date":"2018-03-21T06:33:17.000Z","volume":1000,"label":" ","price":0.79},{"type":"A","date":"2018-03-21T06:33:17.000Z","volume":1000,"label":" ","price":0.79},{"type":"B","date":"2018-03-21T06:33:24.000Z","volume":1000,"label":" ","price":0.78},{"type":"A","date":"2018-03-21T06:40:17.000Z","volume":1000,"label":" ","price":0.79},{"type":"A","date":"2018-03-21T06:40:58.000Z","volume":55000,"label":" ","price":0.79},{"type":"A","date":"2018-03-21T06:41:02.000Z","volume":2000,"label":" ","price":0.79},{"type":"A","date":"2018-03-21T06:41:02.000Z","volume":1000,"label":" ","price":0.79},{"type":"A","date":"2018-03-21T06:41:02.000Z","volume":1000,"label":" ","price":0.79},{"type":"B","date":"2018-03-21T06:43:29.000Z","volume":1000,"label":" ","price":0.78},{"type":"B","date":"2018-03-21T06:44:20.000Z","volume":30000,"label":" ","price":0.78},{"type":"B","date":"2018-03-21T06:44:25.000Z","volume":1000,"label":" ","price":0.78},{"type":"B","date":"2018-03-21T06:45:12.000Z","volume":1000,"label":" ","price":0.78},{"type":"B","date":"2018-03-21T06:47:17.000Z","volume":40000,"label":" ","price":0.78},{"type":"A","date":"2018-03-21T06:52:17.000Z","volume":1000,"label":" ","price":0.79},{"type":"A","date":"2018-03-21T06:52:17.000Z","volume":1000,"label":" ","price":0.79},{"type":"A","date":"2018-03-21T06:52:17.000Z","volume":1000,"label":" ","price":0.79},{"type":"A","date":"2018-03-21T06:55:23.000Z","volume":1000,"label":" ","price":0.79},{"type":"B","date":"2018-03-21T06:58:00.000Z","volume":1000,"label":" ","price":0.78},{"type":"A","date":"2018-03-21T07:00:02.000Z","volume":1000,"label":" ","price":0.79},{"type":"A","date":"2018-03-21T07:00:02.000Z","volume":1000,"label":" ","price":0.79},{"type":"A","date":"2018-03-21T07:00:02.000Z","volume":3000,"label":" ","price":0.79},{"type":"A","date":"2018-03-21T07:10:11.000Z","volume":2000,"label":" ","price":0.79},{"type":"B","date":"2018-03-21T07:11:02.000Z","volume":1000,"label":" ","price":0.78},{"type":"B","date":"2018-03-21T07:12:32.000Z","volume":30000,"label":" ","price":0.78},{"type":"B","date":"2018-03-21T07:13:31.000Z","volume":1000,"label":" ","price":0.78},{"type":"A","date":"2018-03-21T07:18:17.000Z","volume":1000,"label":" ","price":0.79},{"type":"A","date":"2018-03-21T07:18:17.000Z","volume":1000,"label":" ","price":0.79},{"type":"A","date":"2018-03-21T07:18:17.000Z","volume":2000,"label":" ","price":0.79},{"type":"B","date":"2018-03-21T07:20:17.000Z","volume":1000,"label":" ","price":0.78},{"type":"B","date":"2018-03-21T07:22:12.000Z","volume":1000,"label":" ","price":0.78},{"type":"A","date":"2018-03-21T07:28:02.000Z","volume":1000,"label":" ","price":0.79},{"type":"A","date":"2018-03-21T07:28:02.000Z","volume":1000,"label":" ","price":0.79},{"type":"A","date":"2018-03-21T07:28:05.000Z","volume":3000,"label":" ","price":0.79},{"type":"B","date":"2018-03-21T07:29:32.000Z","volume":1000,"label":" ","price":0.78},{"type":"A","date":"2018-03-21T07:33:06.000Z","volume":1000,"label":" ","price":0.79},{"type":"A","date":"2018-03-21T07:34:34.000Z","volume":61000,"label":" ","price":0.79},{"type":"A","date":"2018-03-21T07:36:17.000Z","volume":1000,"label":" ","price":0.79},{"type":"A","date":"2018-03-21T07:36:17.000Z","volume":1000,"label":" ","price":0.79},{"type":"A","date":"2018-03-21T07:36:17.000Z","volume":2000,"label":" ","price":0.79},{"type":"B","date":"2018-03-21T07:40:02.000Z","volume":1000,"label":" ","price":0.78},{"type":"A","date":"2018-03-21T07:40:22.000Z","volume":1000,"label":" ","price":0.79},{"type":"B","date":"2018-03-21T07:44:14.000Z","volume":16000,"label":" ","price":0.78},{"type":"A","date":"2018-03-21T07:44:17.000Z","volume":1000,"label":" ","price":0.79},{"type":"A","date":"2018-03-21T07:44:17.000Z","volume":1000,"label":" ","price":0.79},{"type":"A","date":"2018-03-21T07:44:17.000Z","volume":1000,"label":" ","price":0.79},{"type":"A","date":"2018-03-21T07:44:17.000Z","volume":1000,"label":" ","price":0.79},{"type":"A","date":"2018-03-21T07:44:17.000Z","volume":1000,"label":" ","price":0.79},{"type":"B","date":"2018-03-21T07:44:20.000Z","volume":3000,"label":" ","price":0.78},{"type":"B","date":"2018-03-21T07:45:11.000Z","volume":1000,"label":" ","price":0.78},{"type":"B","date":"2018-03-21T07:46:38.000Z","volume":23000,"label":"Y","price":0.78},{"type":"B","date":"2018-03-21T07:46:38.000Z","volume":27000,"label":" ","price":0.78},{"type":"B","date":"2018-03-21T07:46:38.000Z","volume":1000,"label":" ","price":0.78},{"type":"B","date":"2018-03-21T07:47:18.000Z","volume":1000,"label":"Y","price":0.78},{"type":"B","date":"2018-03-21T07:47:47.000Z","volume":1000,"label":" ","price":0.78},{"type":"A","date":"2018-03-21T07:47:51.000Z","volume":1000,"label":" ","price":0.79},{"type":"A","date":"2018-03-21T07:49:32.000Z","volume":1000,"label":" ","price":0.79},{"type":"B","date":"2018-03-21T07:53:48.000Z","volume":1000,"label":"Y","price":0.78},{"type":"B","date":"2018-03-21T07:53:56.000Z","volume":5000,"label":" ","price":0.78},{"type":"A","date":"2018-03-21T07:55:02.000Z","volume":1000,"label":" ","price":0.79},{"type":"B","date":"2018-03-21T07:56:07.000Z","volume":16000,"label":" ","price":0.78},{"type":"B","date":"2018-03-21T07:56:21.000Z","volume":30000,"label":" ","price":0.78},{"type":"A","date":"2018-03-21T07:56:47.000Z","volume":1000,"label":" ","price":0.79},{"type":"B","date":"2018-03-21T07:57:11.000Z","volume":3000,"label":" ","price":0.78},{"type":"B","date":"2018-03-21T07:58:00.000Z","volume":1000,"label":" ","price":0.78},{"type":"A","date":"2018-03-21T07:58:00.000Z","volume":1000,"label":" ","price":0.79},{"type":"A","date":"2018-03-21T07:58:56.000Z","volume":1000,"label":" ","price":0.79},{"type":"B","date":"2018-03-21T07:59:18.000Z","volume":1000,"label":" ","price":0.78},{"type":"B","date":"2018-03-21T07:59:27.000Z","volume":1000,"label":" ","price":0.78},{"type":"B","date":"2018-03-21T07:59:56.000Z","volume":20000,"label":" ","price":0.78},{"type":"B","date":"2018-03-21T07:59:56.000Z","volume":1000,"label":" ","price":0.78}]