[{"type":"B","date":"2018-04-11T01:47:15.000Z","volume":80000,"label":" ","price":0.465},{"type":"A","date":"2018-04-11T01:47:15.000Z","volume":72000,"label":" ","price":0.465},{"type":"A","date":"2018-04-11T01:48:43.000Z","volume":8000,"label":"Y","price":0.465},{"type":"B","date":"2018-04-11T01:49:28.000Z","volume":28000,"label":" ","price":0.465},{"type":"B","date":"2018-04-11T01:49:28.000Z","volume":20000,"label":" ","price":0.46},{"type":"A","date":"2018-04-11T01:55:29.000Z","volume":80000,"label":" ","price":0.465},{"type":"B","date":"2018-04-11T02:22:27.000Z","volume":4000,"label":" ","price":0.47},{"type":"B","date":"2018-04-11T02:22:27.000Z","volume":8000,"label":" ","price":0.47},{"type":"B","date":"2018-04-11T02:24:29.000Z","volume":76000,"label":" ","price":0.47},{"type":"B","date":"2018-04-11T02:37:16.000Z","volume":32000,"label":" ","price":0.47},{"type":"B","date":"2018-04-11T02:37:34.000Z","volume":4000,"label":"Y","price":0.465},{"type":"B","date":"2018-04-11T02:47:32.000Z","volume":8000,"label":" ","price":0.465},{"type":"B","date":"2018-04-11T02:57:29.000Z","volume":4000,"label":" ","price":0.465},{"type":"B","date":"2018-04-11T03:07:30.000Z","volume":4000,"label":" ","price":0.465},{"type":"B","date":"2018-04-11T03:22:35.000Z","volume":4000,"label":" ","price":0.465},{"type":"B","date":"2018-04-11T03:27:33.000Z","volume":4000,"label":" ","price":0.465},{"type":"B","date":"2018-04-11T03:32:28.000Z","volume":4000,"label":" ","price":0.465},{"type":"B","date":"2018-04-11T05:16:46.000Z","volume":8000,"label":" ","price":0.465},{"type":"B","date":"2018-04-11T06:21:33.000Z","volume":64000,"label":" ","price":0.465},{"type":"B","date":"2018-04-11T06:30:14.000Z","volume":400000,"label":" ","price":0.465},{"type":"B","date":"2018-04-11T06:34:35.000Z","volume":100000,"label":" ","price":0.465},{"type":"B","date":"2018-04-11T06:35:27.000Z","volume":4000,"label":" ","price":0.46},{"type":"B","date":"2018-04-11T06:45:22.000Z","volume":8000,"label":" ","price":0.46},{"type":"B","date":"2018-04-11T06:50:21.000Z","volume":8000,"label":" ","price":0.46},{"type":"B","date":"2018-04-11T07:00:20.000Z","volume":12000,"label":" ","price":0.46},{"type":"B","date":"2018-04-11T07:05:24.000Z","volume":8000,"label":" ","price":0.46},{"type":"B","date":"2018-04-11T07:10:19.000Z","volume":8000,"label":" ","price":0.46},{"type":"B","date":"2018-04-11T07:20:23.000Z","volume":12000,"label":" ","price":0.46},{"type":"B","date":"2018-04-11T07:24:00.000Z","volume":4000,"label":" ","price":0.46},{"type":"B","date":"2018-04-11T07:25:16.000Z","volume":12000,"label":" ","price":0.46},{"type":"B","date":"2018-04-11T07:25:20.000Z","volume":4000,"label":" ","price":0.455},{"type":"A","date":"2018-04-11T07:28:34.000Z","volume":24000,"label":"Y","price":0.46},{"type":"B","date":"2018-04-11T07:30:20.000Z","volume":4000,"label":" ","price":0.46},{"type":"A","date":"2018-04-11T07:47:33.000Z","volume":136000,"label":" ","price":0.465}]