[{"type":"U","date":"2018-04-03T01:20:00.000Z","volume":156000,"label":"U","price":6.62},{"type":"A","date":"2018-04-03T01:30:02.000Z","volume":1000,"label":" ","price":6.63},{"type":"A","date":"2018-04-03T01:30:02.000Z","volume":4000,"label":" ","price":6.63},{"type":"A","date":"2018-04-03T01:30:02.000Z","volume":1000,"label":"Y","price":6.63},{"type":"A","date":"2018-04-03T01:30:02.000Z","volume":9000,"label":" ","price":6.63},{"type":"A","date":"2018-04-03T01:30:03.000Z","volume":1000,"label":" ","price":6.63},{"type":"A","date":"2018-04-03T01:30:03.000Z","volume":10000,"label":" ","price":6.63},{"type":"A","date":"2018-04-03T01:30:03.000Z","volume":10000,"label":" ","price":6.63},{"type":"A","date":"2018-04-03T01:30:03.000Z","volume":30000,"label":" ","price":6.63},{"type":"B","date":"2018-04-03T01:30:03.000Z","volume":41000,"label":" ","price":6.62},{"type":"A","date":"2018-04-03T01:30:04.000Z","volume":8000,"label":" ","price":6.63},{"type":"A","date":"2018-04-03T01:30:05.000Z","volume":1000,"label":" ","price":6.63},{"type":"B","date":"2018-04-03T01:30:05.000Z","volume":7000,"label":" ","price":6.62},{"type":"A","date":"2018-04-03T01:30:06.000Z","volume":20000,"label":" ","price":6.63},{"type":"A","date":"2018-04-03T01:30:06.000Z","volume":10000,"label":" ","price":6.63},{"type":"U","date":"2018-04-03T01:30:06.000Z","volume":6000,"label":"X","price":6.625},{"type":"B","date":"2018-04-03T01:30:06.000Z","volume":3000,"label":"Y","price":6.62},{"type":"B","date":"2018-04-03T01:30:06.000Z","volume":4000,"label":" ","price":6.62},{"type":"A","date":"2018-04-03T01:30:07.000Z","volume":5000,"label":" ","price":6.63},{"type":"A","date":"2018-04-03T01:30:07.000Z","volume":10000,"label":" ","price":6.63},{"type":"B","date":"2018-04-03T01:30:07.000Z","volume":8000,"label":" ","price":6.61},{"type":"A","date":"2018-04-03T01:30:07.000Z","volume":2000,"label":"Y","price":6.63},{"type":"A","date":"2018-04-03T01:30:08.000Z","volume":1000,"label":" ","price":6.63},{"type":"A","date":"2018-04-03T01:30:08.000Z","volume":40000,"label":" ","price":6.63},{"type":"A","date":"2018-04-03T01:30:08.000Z","volume":1000,"label":"Y","price":6.64},{"type":"A","date":"2018-04-03T01:30:08.000Z","volume":59000,"label":" ","price":6.64},{"type":"A","date":"2018-04-03T01:30:10.000Z","volume":10000,"label":" ","price":6.63},{"type":"A","date":"2018-04-03T01:30:10.000Z","volume":20000,"label":" ","price":6.63},{"type":"A","date":"2018-04-03T01:30:11.000Z","volume":2000,"label":" ","price":6.63},{"type":"A","date":"2018-04-03T01:30:11.000Z","volume":3000,"label":" ","price":6.64},{"type":"A","date":"2018-04-03T01:30:11.000Z","volume":1000,"label":" ","price":6.64},{"type":"A","date":"2018-04-03T01:30:11.000Z","volume":8000,"label":" ","price":6.64},{"type":"B","date":"2018-04-03T01:30:11.000Z","volume":4000,"label":" ","price":6.61},{"type":"B","date":"2018-04-03T01:30:11.000Z","volume":24000,"label":" ","price":6.61},{"type":"A","date":"2018-04-03T01:30:12.000Z","volume":1000,"label":" ","price":6.64},{"type":"B","date":"2018-04-03T01:30:13.000Z","volume":7000,"label":" ","price":6.62},{"type":"B","date":"2018-04-03T01:30:15.000Z","volume":3000,"label":" ","price":6.62},{"type":"B","date":"2018-04-03T01:30:17.000Z","volume":3000,"label":" ","price":6.62},{"type":"U","date":"2018-04-03T01:30:19.000Z","volume":6000,"label":"X","price":6.625},{"type":"B","date":"2018-04-03T01:30:19.000Z","volume":22000,"label":" ","price":6.62},{"type":"B","date":"2018-04-03T01:30:22.000Z","volume":4000,"label":" ","price":6.61},{"type":"A","date":"2018-04-03T01:30:22.000Z","volume":3000,"label":" ","price":6.63},{"type":"A","date":"2018-04-03T01:30:22.000Z","volume":20000,"label":" ","price":6.63},{"type":"A","date":"2018-04-03T01:30:22.000Z","volume":1000,"label":" ","price":6.63},{"type":"B","date":"2018-04-03T01:30:24.000Z","volume":9000,"label":" ","price":6.62},{"type":"A","date":"2018-04-03T01:30:27.000Z","volume":10000,"label":" ","price":6.63},{"type":"A","date":"2018-04-03T01:30:28.000Z","volume":167000,"label":" ","price":6.63},{"type":"B","date":"2018-04-03T01:30:28.000Z","volume":1000,"label":" ","price":6.62},{"type":"B","date":"2018-04-03T01:30:29.000Z","volume":4000,"label":" ","price":6.61},{"type":"U","date":"2018-04-03T01:30:30.000Z","volume":5000,"label":"X","price":6.63},{"type":"A","date":"2018-04-03T01:30:30.000Z","volume":7000,"label":" ","price":6.63},{"type":"A","date":"2018-04-03T01:30:41.000Z","volume":72000,"label":" ","price":6.63},{"type":"A","date":"2018-04-03T01:30:48.000Z","volume":76000,"label":" ","price":6.64},{"type":"A","date":"2018-04-03T01:30:51.000Z","volume":13000,"label":" ","price":6.64},{"type":"A","date":"2018-04-03T01:30:52.000Z","volume":5000,"label":" ","price":6.64},{"type":"A","date":"2018-04-03T01:30:56.000Z","volume":3000,"label":" ","price":6.64},{"type":"B","date":"2018-04-03T01:30:58.000Z","volume":3000,"label":" ","price":6.63},{"type":"U","date":"2018-04-03T01:31:00.000Z","volume":5000,"label":"X","price":6.64},{"type":"B","date":"2018-04-03T01:31:31.000Z","volume":2000,"label":" ","price":6.63},{"type":"B","date":"2018-04-03T01:31:38.000Z","volume":6000,"label":" ","price":6.63},{"type":"B","date":"2018-04-03T01:31:38.000Z","volume":5000,"label":" ","price":6.63},{"type":"B","date":"2018-04-03T01:31:40.000Z","volume":23000,"label":" ","price":6.63},{"type":"B","date":"2018-04-03T01:31:40.000Z","volume":3000,"label":" ","price":6.62},{"type":"B","date":"2018-04-03T01:31:44.000Z","volume":2000,"label":"Y","price":6.62},{"type":"B","date":"2018-04-03T01:31:44.000Z","volume":7000,"label":" ","price":6.62},{"type":"B","date":"2018-04-03T01:31:44.000Z","volume":10000,"label":" ","price":6.62},{"type":"A","date":"2018-04-03T01:32:07.000Z","volume":5000,"label":" ","price":6.62},{"type":"A","date":"2018-04-03T01:32:11.000Z","volume":100000,"label":" ","price":6.62},{"type":"B","date":"2018-04-03T01:32:20.000Z","volume":12000,"label":" ","price":6.61},{"type":"A","date":"2018-04-03T01:32:20.000Z","volume":1000,"label":"Y","price":6.62},{"type":"A","date":"2018-04-03T01:32:20.000Z","volume":149000,"label":" ","price":6.62},{"type":"B","date":"2018-04-03T01:32:23.000Z","volume":5000,"label":" ","price":6.61},{"type":"A","date":"2018-04-03T01:32:34.000Z","volume":10000,"label":" ","price":6.62},{"type":"B","date":"2018-04-03T01:32:39.000Z","volume":7000,"label":"Y","price":6.61},{"type":"B","date":"2018-04-03T01:32:39.000Z","volume":3000,"label":" ","price":6.61},{"type":"A","date":"2018-04-03T01:33:10.000Z","volume":146000,"label":" ","price":6.62},{"type":"A","date":"2018-04-03T01:33:10.000Z","volume":4000,"label":" ","price":6.62},{"type":"A","date":"2018-04-03T01:33:10.000Z","volume":2000,"label":" ","price":6.62},{"type":"A","date":"2018-04-03T01:33:10.000Z","volume":3000,"label":" ","price":6.62},{"type":"A","date":"2018-04-03T01:33:12.000Z","volume":7000,"label":" ","price":6.62},{"type":"U","date":"2018-04-03T01:33:15.000Z","volume":3000,"label":"X","price":6.62},{"type":"U","date":"2018-04-03T01:33:15.000Z","volume":1000,"label":"X","price":6.62},{"type":"A","date":"2018-04-03T01:33:15.000Z","volume":5000,"label":" ","price":6.62},{"type":"U","date":"2018-04-03T01:33:16.000Z","volume":6000,"label":"X","price":6.62},{"type":"B","date":"2018-04-03T01:33:19.000Z","volume":5000,"label":" ","price":6.61},{"type":"A","date":"2018-04-03T01:33:27.000Z","volume":2000,"label":" ","price":6.62},{"type":"A","date":"2018-04-03T01:33:31.000Z","volume":60000,"label":" ","price":6.62},{"type":"A","date":"2018-04-03T01:33:31.000Z","volume":8000,"label":" ","price":6.62},{"type":"U","date":"2018-04-03T01:33:31.000Z","volume":5000,"label":"X","price":6.62},{"type":"A","date":"2018-04-03T01:33:32.000Z","volume":3000,"label":" ","price":6.62},{"type":"A","date":"2018-04-03T01:33:32.000Z","volume":3000,"label":" ","price":6.62},{"type":"B","date":"2018-04-03T01:33:35.000Z","volume":6000,"label":" ","price":6.62},{"type":"A","date":"2018-04-03T01:33:36.000Z","volume":100000,"label":" ","price":6.63},{"type":"A","date":"2018-04-03T01:33:36.000Z","volume":8000,"label":" ","price":6.63},{"type":"U","date":"2018-04-03T01:34:12.000Z","volume":2000,"label":"X","price":6.63},{"type":"B","date":"2018-04-03T01:34:14.000Z","volume":3000,"label":" ","price":6.63},{"type":"A","date":"2018-04-03T01:34:16.000Z","volume":151000,"label":" ","price":6.64},{"type":"A","date":"2018-04-03T01:34:16.000Z","volume":9000,"label":" ","price":6.64},{"type":"A","date":"2018-04-03T01:34:17.000Z","volume":2000,"label":" ","price":6.64},{"type":"A","date":"2018-04-03T01:34:21.000Z","volume":3000,"label":" ","price":6.64},{"type":"A","date":"2018-04-03T01:34:21.000Z","volume":1000,"label":" ","price":6.64},{"type":"B","date":"2018-04-03T01:34:22.000Z","volume":5000,"label":" ","price":6.63},{"type":"B","date":"2018-04-03T01:34:23.000Z","volume":3000,"label":" ","price":6.63},{"type":"U","date":"2018-04-03T01:34:25.000Z","volume":4000,"label":"X","price":6.64},{"type":"U","date":"2018-04-03T01:34:25.000Z","volume":5000,"label":"X","price":6.64},{"type":"A","date":"2018-04-03T01:34:25.000Z","volume":7000,"label":" ","price":6.64},{"type":"U","date":"2018-04-03T01:34:26.000Z","volume":3000,"label":"X","price":6.64},{"type":"B","date":"2018-04-03T01:34:31.000Z","volume":13000,"label":" ","price":6.63},{"type":"U","date":"2018-04-03T01:34:32.000Z","volume":1000,"label":"X","price":6.625},{"type":"U","date":"2018-04-03T01:34:42.000Z","volume":1000,"label":"X","price":6.625},{"type":"A","date":"2018-04-03T01:34:42.000Z","volume":1000,"label":" ","price":6.63},{"type":"B","date":"2018-04-03T01:34:51.000Z","volume":10000,"label":" ","price":6.62},{"type":"U","date":"2018-04-03T01:35:07.000Z","volume":2000,"label":"X","price":6.625},{"type":"B","date":"2018-04-03T01:35:21.000Z","volume":4000,"label":" ","price":6.62},{"type":"B","date":"2018-04-03T01:35:23.000Z","volume":1000,"label":"Y","price":6.62},{"type":"B","date":"2018-04-03T01:35:23.000Z","volume":4000,"label":" ","price":6.62},{"type":"B","date":"2018-04-03T01:35:25.000Z","volume":4000,"label":" ","price":6.62},{"type":"B","date":"2018-04-03T01:35:25.000Z","volume":6000,"label":" ","price":6.62},{"type":"B","date":"2018-04-03T01:36:03.000Z","volume":1000,"label":" ","price":6.62},{"type":"B","date":"2018-04-03T01:36:06.000Z","volume":1000,"label":" ","price":6.62},{"type":"B","date":"2018-04-03T01:36:19.000Z","volume":1000,"label":" ","price":6.62},{"type":"B","date":"2018-04-03T01:36:35.000Z","volume":1000,"label":" ","price":6.62},{"type":"B","date":"2018-04-03T01:36:44.000Z","volume":3000,"label":" ","price":6.62},{"type":"B","date":"2018-04-03T01:36:51.000Z","volume":1000,"label":" ","price":6.62},{"type":"B","date":"2018-04-03T01:37:01.000Z","volume":2000,"label":" ","price":6.62},{"type":"B","date":"2018-04-03T01:37:05.000Z","volume":1000,"label":" ","price":6.62},{"type":"B","date":"2018-04-03T01:37:07.000Z","volume":90000,"label":" ","price":6.62},{"type":"A","date":"2018-04-03T01:37:09.000Z","volume":3000,"label":" ","price":6.62},{"type":"B","date":"2018-04-03T01:37:17.000Z","volume":28000,"label":" ","price":6.61},{"type":"B","date":"2018-04-03T01:37:17.000Z","volume":1000,"label":" ","price":6.61},{"type":"U","date":"2018-04-03T01:37:18.000Z","volume":3000,"label":"X","price":6.62},{"type":"U","date":"2018-04-03T01:37:18.000Z","volume":1000,"label":"X","price":6.62},{"type":"U","date":"2018-04-03T01:37:18.000Z","volume":1000,"label":"X","price":6.62},{"type":"U","date":"2018-04-03T01:37:18.000Z","volume":1000,"label":"X","price":6.62},{"type":"A","date":"2018-04-03T01:37:18.000Z","volume":2000,"label":" ","price":6.62},{"type":"B","date":"2018-04-03T01:37:29.000Z","volume":1000,"label":" ","price":6.61},{"type":"A","date":"2018-04-03T01:37:40.000Z","volume":49000,"label":" ","price":6.62},{"type":"A","date":"2018-04-03T01:37:40.000Z","volume":45000,"label":"Y","price":6.62},{"type":"A","date":"2018-04-03T01:37:40.000Z","volume":196000,"label":" ","price":6.62},{"type":"U","date":"2018-04-03T01:37:41.000Z","volume":5000,"label":"X","price":6.62},{"type":"A","date":"2018-04-03T01:37:43.000Z","volume":16000,"label":" ","price":6.62},{"type":"U","date":"2018-04-03T01:37:47.000Z","volume":6000,"label":"X","price":6.62},{"type":"U","date":"2018-04-03T01:38:05.000Z","volume":1000,"label":" ","price":6.62},{"type":"U","date":"2018-04-03T01:38:08.000Z","volume":11000,"label":"X","price":6.62},{"type":"U","date":"2018-04-03T01:38:08.000Z","volume":3000,"label":"X","price":6.62},{"type":"A","date":"2018-04-03T01:38:08.000Z","volume":13000,"label":" ","price":6.62},{"type":"A","date":"2018-04-03T01:38:08.000Z","volume":15000,"label":" ","price":6.62},{"type":"A","date":"2018-04-03T01:38:17.000Z","volume":9000,"label":" ","price":6.62},{"type":"A","date":"2018-04-03T01:38:18.000Z","volume":3000,"label":" ","price":6.62},{"type":"A","date":"2018-04-03T01:38:18.000Z","volume":2000,"label":" ","price":6.62},{"type":"A","date":"2018-04-03T01:38:24.000Z","volume":20000,"label":" ","price":6.62},{"type":"A","date":"2018-04-03T01:38:31.000Z","volume":34000,"label":" ","price":6.62},{"type":"A","date":"2018-04-03T01:38:47.000Z","volume":21000,"label":" ","price":6.62},{"type":"U","date":"2018-04-03T01:38:49.000Z","volume":6000,"label":"X","price":6.62},{"type":"A","date":"2018-04-03T01:38:59.000Z","volume":10000,"label":" ","price":6.62},{"type":"A","date":"2018-04-03T01:39:12.000Z","volume":1000,"label":" ","price":6.62},{"type":"A","date":"2018-04-03T01:39:12.000Z","volume":4000,"label":" ","price":6.62},{"type":"B","date":"2018-04-03T01:39:16.000Z","volume":10000,"label":" ","price":6.61},{"type":"A","date":"2018-04-03T01:39:17.000Z","volume":51000,"label":" ","price":6.62},{"type":"U","date":"2018-04-03T01:39:19.000Z","volume":8000,"label":" ","price":6.62},{"type":"B","date":"2018-04-03T01:39:53.000Z","volume":1000,"label":" ","price":6.62},{"type":"B","date":"2018-04-03T01:39:56.000Z","volume":59000,"label":" ","price":6.62},{"type":"B","date":"2018-04-03T01:39:59.000Z","volume":20000,"label":" ","price":6.62},{"type":"U","date":"2018-04-03T01:40:00.000Z","volume":6000,"label":"X","price":6.62},{"type":"U","date":"2018-04-03T01:40:00.000Z","volume":1000,"label":"X","price":6.62},{"type":"U","date":"2018-04-03T01:40:00.000Z","volume":1000,"label":"X","price":6.62},{"type":"U","date":"2018-04-03T01:40:00.000Z","volume":1000,"label":"X","price":6.62},{"type":"A","date":"2018-04-03T01:40:03.000Z","volume":2000,"label":" ","price":6.62},{"type":"A","date":"2018-04-03T01:40:09.000Z","volume":3000,"label":" ","price":6.62},{"type":"A","date":"2018-04-03T01:40:18.000Z","volume":3000,"label":" ","price":6.62},{"type":"A","date":"2018-04-03T01:40:24.000Z","volume":2000,"label":" ","price":6.62},{"type":"B","date":"2018-04-03T01:40:56.000Z","volume":20000,"label":" ","price":6.61},{"type":"B","date":"2018-04-03T01:41:03.000Z","volume":1000,"label":" ","price":6.61},{"type":"A","date":"2018-04-03T01:41:10.000Z","volume":10000,"label":" ","price":6.62},{"type":"A","date":"2018-04-03T01:41:19.000Z","volume":89000,"label":" ","price":6.62},{"type":"A","date":"2018-04-03T01:41:19.000Z","volume":1000,"label":" ","price":6.62},{"type":"A","date":"2018-04-03T01:41:20.000Z","volume":4000,"label":" ","price":6.62},{"type":"U","date":"2018-04-03T01:41:21.000Z","volume":11000,"label":"X","price":6.62},{"type":"U","date":"2018-04-03T01:41:21.000Z","volume":1000,"label":"X","price":6.62},{"type":"U","date":"2018-04-03T01:41:21.000Z","volume":1000,"label":"X","price":6.62},{"type":"U","date":"2018-04-03T01:41:21.000Z","volume":1000,"label":"X","price":6.62},{"type":"U","date":"2018-04-03T01:41:21.000Z","volume":1000,"label":"X","price":6.62},{"type":"A","date":"2018-04-03T01:41:23.000Z","volume":1000,"label":" ","price":6.62},{"type":"A","date":"2018-04-03T01:41:24.000Z","volume":7000,"label":" ","price":6.62},{"type":"A","date":"2018-04-03T01:41:25.000Z","volume":142000,"label":" ","price":6.62},{"type":"A","date":"2018-04-03T01:41:25.000Z","volume":2000,"label":" ","price":6.62},{"type":"U","date":"2018-04-03T01:41:25.000Z","volume":1000,"label":"X","price":6.62},{"type":"U","date":"2018-04-03T01:41:31.000Z","volume":3000,"label":"X","price":6.62},{"type":"A","date":"2018-04-03T01:41:31.000Z","volume":8000,"label":" ","price":6.62},{"type":"A","date":"2018-04-03T01:41:31.000Z","volume":1000,"label":" ","price":6.62},{"type":"A","date":"2018-04-03T01:41:31.000Z","volume":2000,"label":" ","price":6.62},{"type":"A","date":"2018-04-03T01:41:31.000Z","volume":2000,"label":" ","price":6.62},{"type":"B","date":"2018-04-03T01:41:33.000Z","volume":4000,"label":" ","price":6.61},{"type":"B","date":"2018-04-03T01:41:34.000Z","volume":1000,"label":" ","price":6.61},{"type":"A","date":"2018-04-03T01:41:34.000Z","volume":1000,"label":" ","price":6.62},{"type":"A","date":"2018-04-03T01:41:35.000Z","volume":4000,"label":" ","price":6.62},{"type":"A","date":"2018-04-03T01:41:36.000Z","volume":8000,"label":"Y","price":6.62},{"type":"A","date":"2018-04-03T01:41:36.000Z","volume":5000,"label":" ","price":6.62},{"type":"A","date":"2018-04-03T01:41:36.000Z","volume":1000,"label":" ","price":6.62},{"type":"A","date":"2018-04-03T01:41:43.000Z","volume":1000,"label":" ","price":6.62},{"type":"A","date":"2018-04-03T01:41:45.000Z","volume":5000,"label":" ","price":6.62},{"type":"A","date":"2018-04-03T01:41:57.000Z","volume":1000,"label":" ","price":6.62},{"type":"A","date":"2018-04-03T01:41:57.000Z","volume":10000,"label":" ","price":6.62},{"type":"A","date":"2018-04-03T01:41:58.000Z","volume":100000,"label":" ","price":6.62},{"type":"A","date":"2018-04-03T01:41:58.000Z","volume":2000,"label":" ","price":6.62},{"type":"U","date":"2018-04-03T01:42:01.000Z","volume":6000,"label":"X","price":6.62},{"type":"U","date":"2018-04-03T01:42:01.000Z","volume":2000,"label":"X","price":6.62},{"type":"U","date":"2018-04-03T01:42:01.000Z","volume":3000,"label":"X","price":6.62},{"type":"U","date":"2018-04-03T01:42:01.000Z","volume":1000,"label":"X","price":6.62},{"type":"A","date":"2018-04-03T01:42:02.000Z","volume":1000,"label":" ","price":6.62},{"type":"A","date":"2018-04-03T01:42:04.000Z","volume":62000,"label":"Y","price":6.62},{"type":"A","date":"2018-04-03T01:42:04.000Z","volume":60000,"label":" ","price":6.62},{"type":"A","date":"2018-04-03T01:42:04.000Z","volume":10000,"label":" ","price":6.62},{"type":"B","date":"2018-04-03T01:42:06.000Z","volume":5000,"label":" ","price":6.61},{"type":"U","date":"2018-04-03T01:42:12.000Z","volume":3000,"label":"X","price":6.62},{"type":"U","date":"2018-04-03T01:42:12.000Z","volume":6000,"label":"X","price":6.62},{"type":"A","date":"2018-04-03T01:42:12.000Z","volume":1000,"label":" ","price":6.62},{"type":"B","date":"2018-04-03T01:42:15.000Z","volume":1000,"label":" ","price":6.61},{"type":"A","date":"2018-04-03T01:42:17.000Z","volume":11000,"label":" ","price":6.62},{"type":"B","date":"2018-04-03T01:42:18.000Z","volume":2000,"label":" ","price":6.61},{"type":"A","date":"2018-04-03T01:42:18.000Z","volume":5000,"label":" ","price":6.62},{"type":"B","date":"2018-04-03T01:42:19.000Z","volume":1000,"label":" ","price":6.61},{"type":"A","date":"2018-04-03T01:42:31.000Z","volume":13000,"label":" ","price":6.62},{"type":"A","date":"2018-04-03T01:42:41.000Z","volume":25000,"label":" ","price":6.62},{"type":"A","date":"2018-04-03T01:42:55.000Z","volume":2000,"label":" ","price":6.62},{"type":"A","date":"2018-04-03T01:42:55.000Z","volume":1000,"label":" ","price":6.62},{"type":"A","date":"2018-04-03T01:42:56.000Z","volume":7000,"label":" ","price":6.62},{"type":"A","date":"2018-04-03T01:42:57.000Z","volume":1000,"label":" ","price":6.62},{"type":"A","date":"2018-04-03T01:42:58.000Z","volume":1000,"label":" ","price":6.62},{"type":"A","date":"2018-04-03T01:42:59.000Z","volume":1000,"label":" ","price":6.62},{"type":"A","date":"2018-04-03T01:43:00.000Z","volume":1000,"label":" ","price":6.62},{"type":"U","date":"2018-04-03T01:43:02.000Z","volume":6000,"label":"X","price":6.62},{"type":"A","date":"2018-04-03T01:43:03.000Z","volume":10000,"label":" ","price":6.62},{"type":"A","date":"2018-04-03T01:43:05.000Z","volume":1000,"label":" ","price":6.62},{"type":"A","date":"2018-04-03T01:43:06.000Z","volume":1000,"label":" ","price":6.62},{"type":"B","date":"2018-04-03T01:43:09.000Z","volume":3000,"label":" ","price":6.61},{"type":"A","date":"2018-04-03T01:43:10.000Z","volume":100000,"label":" ","price":6.62},{"type":"A","date":"2018-04-03T01:43:10.000Z","volume":11000,"label":" ","price":6.62},{"type":"B","date":"2018-04-03T01:43:11.000Z","volume":6000,"label":" ","price":6.61},{"type":"U","date":"2018-04-03T01:43:12.000Z","volume":400,"label":"D","price":6.56},{"type":"A","date":"2018-04-03T01:43:28.000Z","volume":1000,"label":" ","price":6.62},{"type":"A","date":"2018-04-03T01:43:29.000Z","volume":2000,"label":" ","price":6.62},{"type":"B","date":"2018-04-03T01:43:31.000Z","volume":1000,"label":" ","price":6.61},{"type":"A","date":"2018-04-03T01:43:39.000Z","volume":2000,"label":" ","price":6.62},{"type":"A","date":"2018-04-03T01:43:51.000Z","volume":4000,"label":" ","price":6.62},{"type":"B","date":"2018-04-03T01:43:52.000Z","volume":1000,"label":" ","price":6.61},{"type":"A","date":"2018-04-03T01:43:57.000Z","volume":6000,"label":" ","price":6.62},{"type":"B","date":"2018-04-03T01:44:10.000Z","volume":2000,"label":" ","price":6.61},{"type":"B","date":"2018-04-03T01:44:11.000Z","volume":1000,"label":" ","price":6.61},{"type":"B","date":"2018-04-03T01:44:25.000Z","volume":2000,"label":" ","price":6.61},{"type":"U","date":"2018-04-03T01:44:25.000Z","volume":1000,"label":"X","price":6.619},{"type":"B","date":"2018-04-03T01:44:26.000Z","volume":1000,"label":" ","price":6.61},{"type":"A","date":"2018-04-03T01:44:26.000Z","volume":10000,"label":" ","price":6.62},{"type":"A","date":"2018-04-03T01:44:27.000Z","volume":8000,"label":" ","price":6.62},{"type":"U","date":"2018-04-03T01:44:33.000Z","volume":6000,"label":"X","price":6.62},{"type":"B","date":"2018-04-03T01:44:54.000Z","volume":25000,"label":" ","price":6.61},{"type":"B","date":"2018-04-03T01:44:57.000Z","volume":2000,"label":" ","price":6.61},{"type":"B","date":"2018-04-03T01:45:31.000Z","volume":30000,"label":" ","price":6.61},{"type":"B","date":"2018-04-03T01:45:33.000Z","volume":7000,"label":" ","price":6.61},{"type":"A","date":"2018-04-03T01:45:48.000Z","volume":3000,"label":" ","price":6.62},{"type":"B","date":"2018-04-03T01:45:51.000Z","volume":1000,"label":" ","price":6.61},{"type":"B","date":"2018-04-03T01:45:51.000Z","volume":1000,"label":" ","price":6.61},{"type":"A","date":"2018-04-03T01:45:55.000Z","volume":8000,"label":" ","price":6.62},{"type":"B","date":"2018-04-03T01:45:57.000Z","volume":2000,"label":" ","price":6.61},{"type":"A","date":"2018-04-03T01:45:57.000Z","volume":5000,"label":" ","price":6.62},{"type":"B","date":"2018-04-03T01:46:11.000Z","volume":3000,"label":" ","price":6.61},{"type":"A","date":"2018-04-03T01:46:12.000Z","volume":6000,"label":" ","price":6.62},{"type":"B","date":"2018-04-03T01:46:25.000Z","volume":1000,"label":" ","price":6.61},{"type":"B","date":"2018-04-03T01:46:39.000Z","volume":1000,"label":" ","price":6.61},{"type":"U","date":"2018-04-03T01:46:44.000Z","volume":11000,"label":"X","price":6.62},{"type":"A","date":"2018-04-03T01:46:44.000Z","volume":4000,"label":" ","price":6.62},{"type":"A","date":"2018-04-03T01:46:44.000Z","volume":9000,"label":" ","price":6.62},{"type":"A","date":"2018-04-03T01:46:44.000Z","volume":5000,"label":" ","price":6.62},{"type":"A","date":"2018-04-03T01:46:44.000Z","volume":9000,"label":" ","price":6.62},{"type":"A","date":"2018-04-03T01:46:44.000Z","volume":5000,"label":" ","price":6.62},{"type":"B","date":"2018-04-03T01:46:44.000Z","volume":8000,"label":" ","price":6.61},{"type":"B","date":"2018-04-03T01:47:12.000Z","volume":12000,"label":" ","price":6.61},{"type":"B","date":"2018-04-03T01:47:14.000Z","volume":2000,"label":" ","price":6.61},{"type":"B","date":"2018-04-03T01:47:16.000Z","volume":1000,"label":" ","price":6.61},{"type":"B","date":"2018-04-03T01:47:17.000Z","volume":1000,"label":" ","price":6.61},{"type":"A","date":"2018-04-03T01:47:20.000Z","volume":10000,"label":" ","price":6.62},{"type":"B","date":"2018-04-03T01:47:25.000Z","volume":2000,"label":" ","price":6.61},{"type":"B","date":"2018-04-03T01:47:27.000Z","volume":1000,"label":" ","price":6.61},{"type":"B","date":"2018-04-03T01:47:31.000Z","volume":3000,"label":" ","price":6.61},{"type":"B","date":"2018-04-03T01:47:35.000Z","volume":1000,"label":" ","price":6.61},{"type":"B","date":"2018-04-03T01:47:38.000Z","volume":1000,"label":" ","price":6.61},{"type":"B","date":"2018-04-03T01:47:49.000Z","volume":1000,"label":" ","price":6.61},{"type":"B","date":"2018-04-03T01:48:01.000Z","volume":1000,"label":" ","price":6.61},{"type":"B","date":"2018-04-03T01:48:02.000Z","volume":1000,"label":" ","price":6.61},{"type":"B","date":"2018-04-03T01:48:17.000Z","volume":1000,"label":" ","price":6.61},{"type":"B","date":"2018-04-03T01:48:19.000Z","volume":1000,"label":"Y","price":6.61},{"type":"A","date":"2018-04-03T01:48:22.000Z","volume":5000,"label":" ","price":6.62},{"type":"B","date":"2018-04-03T01:48:33.000Z","volume":1000,"label":" ","price":6.61},{"type":"B","date":"2018-04-03T01:48:49.000Z","volume":1000,"label":" ","price":6.61},{"type":"A","date":"2018-04-03T01:48:49.000Z","volume":50000,"label":" ","price":6.62},{"type":"A","date":"2018-04-03T01:48:50.000Z","volume":1000,"label":" ","price":6.62},{"type":"A","date":"2018-04-03T01:48:53.000Z","volume":1000,"label":" ","price":6.62},{"type":"A","date":"2018-04-03T01:49:01.000Z","volume":5000,"label":" ","price":6.62},{"type":"U","date":"2018-04-03T01:49:06.000Z","volume":14000,"label":"X","price":6.62},{"type":"A","date":"2018-04-03T01:49:06.000Z","volume":3000,"label":" ","price":6.62},{"type":"A","date":"2018-04-03T01:49:06.000Z","volume":8000,"label":" ","price":6.62},{"type":"A","date":"2018-04-03T01:49:06.000Z","volume":6000,"label":" ","price":6.62},{"type":"A","date":"2018-04-03T01:49:06.000Z","volume":8000,"label":" ","price":6.62},{"type":"A","date":"2018-04-03T01:49:06.000Z","volume":6000,"label":" ","price":6.62},{"type":"A","date":"2018-04-03T01:49:14.000Z","volume":4000,"label":" ","price":6.62},{"type":"A","date":"2018-04-03T01:49:15.000Z","volume":2000,"label":" ","price":6.62},{"type":"B","date":"2018-04-03T01:49:39.000Z","volume":11000,"label":" ","price":6.61},{"type":"B","date":"2018-04-03T01:49:43.000Z","volume":1000,"label":" ","price":6.61},{"type":"B","date":"2018-04-03T01:49:53.000Z","volume":1000,"label":" ","price":6.61},{"type":"A","date":"2018-04-03T01:49:53.000Z","volume":3000,"label":" ","price":6.62},{"type":"A","date":"2018-04-03T01:49:54.000Z","volume":27000,"label":" ","price":6.62},{"type":"A","date":"2018-04-03T01:50:01.000Z","volume":4000,"label":" ","price":6.62},{"type":"B","date":"2018-04-03T01:50:05.000Z","volume":1000,"label":" ","price":6.61},{"type":"B","date":"2018-04-03T01:50:10.000Z","volume":10000,"label":" ","price":6.61},{"type":"B","date":"2018-04-03T01:50:19.000Z","volume":2000,"label":" ","price":6.61},{"type":"B","date":"2018-04-03T01:50:33.000Z","volume":1000,"label":" ","price":6.61},{"type":"B","date":"2018-04-03T01:50:39.000Z","volume":5000,"label":" ","price":6.61},{"type":"B","date":"2018-04-03T01:50:47.000Z","volume":1000,"label":" ","price":6.61},{"type":"B","date":"2018-04-03T01:51:00.000Z","volume":1000,"label":" ","price":6.61},{"type":"B","date":"2018-04-03T01:51:08.000Z","volume":1000,"label":" ","price":6.61},{"type":"A","date":"2018-04-03T01:51:09.000Z","volume":5000,"label":" ","price":6.62},{"type":"A","date":"2018-04-03T01:51:18.000Z","volume":18000,"label":"Y","price":6.62},{"type":"A","date":"2018-04-03T01:51:18.000Z","volume":482000,"label":" ","price":6.62},{"type":"A","date":"2018-04-03T01:51:18.000Z","volume":2000,"label":" ","price":6.62},{"type":"B","date":"2018-04-03T01:51:18.000Z","volume":5000,"label":" ","price":6.61},{"type":"B","date":"2018-04-03T01:51:20.000Z","volume":6000,"label":" ","price":6.61},{"type":"U","date":"2018-04-03T01:51:27.000Z","volume":16000,"label":"X","price":6.62},{"type":"U","date":"2018-04-03T01:51:27.000Z","volume":7000,"label":"X","price":6.62},{"type":"U","date":"2018-04-03T01:51:27.000Z","volume":7000,"label":"X","price":6.62},{"type":"U","date":"2018-04-03T01:51:27.000Z","volume":7000,"label":"X","price":6.62},{"type":"U","date":"2018-04-03T01:51:27.000Z","volume":7000,"label":"X","price":6.62},{"type":"A","date":"2018-04-03T01:51:32.000Z","volume":6000,"label":" ","price":6.62},{"type":"A","date":"2018-04-03T01:51:37.000Z","volume":4000,"label":" ","price":6.62},{"type":"A","date":"2018-04-03T01:51:38.000Z","volume":6000,"label":" ","price":6.62},{"type":"B","date":"2018-04-03T01:51:38.000Z","volume":23000,"label":" ","price":6.61},{"type":"B","date":"2018-04-03T01:51:44.000Z","volume":5000,"label":" ","price":6.61},{"type":"B","date":"2018-04-03T01:51:44.000Z","volume":1000,"label":" ","price":6.61},{"type":"A","date":"2018-04-03T01:51:54.000Z","volume":10000,"label":" ","price":6.62},{"type":"B","date":"2018-04-03T01:51:55.000Z","volume":3000,"label":" ","price":6.61},{"type":"A","date":"2018-04-03T01:51:56.000Z","volume":10000,"label":" ","price":6.62},{"type":"B","date":"2018-04-03T01:51:58.000Z","volume":2000,"label":" ","price":6.61},{"type":"B","date":"2018-04-03T01:52:28.000Z","volume":10000,"label":" ","price":6.61},{"type":"B","date":"2018-04-03T01:52:29.000Z","volume":2000,"label":" ","price":6.61},{"type":"B","date":"2018-04-03T01:52:33.000Z","volume":10000,"label":" ","price":6.61},{"type":"B","date":"2018-04-03T01:52:39.000Z","volume":3000,"label":" ","price":6.61},{"type":"A","date":"2018-04-03T01:52:49.000Z","volume":11000,"label":" ","price":6.62},{"type":"B","date":"2018-04-03T01:52:49.000Z","volume":2000,"label":" ","price":6.61},{"type":"A","date":"2018-04-03T01:52:50.000Z","volume":5000,"label":" ","price":6.62},{"type":"A","date":"2018-04-03T01:52:53.000Z","volume":10000,"label":" ","price":6.62},{"type":"A","date":"2018-04-03T01:53:14.000Z","volume":3000,"label":" ","price":6.62},{"type":"B","date":"2018-04-03T01:53:18.000Z","volume":7000,"label":" ","price":6.61},{"type":"B","date":"2018-04-03T01:53:19.000Z","volume":1000,"label":" ","price":6.61},{"type":"B","date":"2018-04-03T01:53:31.000Z","volume":1000,"label":" ","price":6.61},{"type":"A","date":"2018-04-03T01:53:42.000Z","volume":10000,"label":" ","price":6.62},{"type":"B","date":"2018-04-03T01:53:42.000Z","volume":1000,"label":" ","price":6.61},{"type":"B","date":"2018-04-03T01:53:55.000Z","volume":1000,"label":" ","price":6.61},{"type":"A","date":"2018-04-03T01:54:00.000Z","volume":1000,"label":" ","price":6.62},{"type":"A","date":"2018-04-03T01:54:04.000Z","volume":4000,"label":" ","price":6.62},{"type":"B","date":"2018-04-03T01:54:09.000Z","volume":1000,"label":" ","price":6.61},{"type":"B","date":"2018-04-03T01:54:10.000Z","volume":10000,"label":" ","price":6.61},{"type":"A","date":"2018-04-03T01:54:12.000Z","volume":5000,"label":" ","price":6.62},{"type":"B","date":"2018-04-03T01:54:23.000Z","volume":1000,"label":" ","price":6.61},{"type":"U","date":"2018-04-03T01:54:25.000Z","volume":1000,"label":"X","price":6.618},{"type":"A","date":"2018-04-03T01:54:34.000Z","volume":10000,"label":" ","price":6.62},{"type":"B","date":"2018-04-03T01:54:37.000Z","volume":1000,"label":" ","price":6.61},{"type":"A","date":"2018-04-03T01:54:42.000Z","volume":16000,"label":" ","price":6.62},{"type":"A","date":"2018-04-03T01:54:42.000Z","volume":7000,"label":" ","price":6.62},{"type":"A","date":"2018-04-03T01:54:42.000Z","volume":7000,"label":" ","price":6.62},{"type":"A","date":"2018-04-03T01:54:42.000Z","volume":7000,"label":" ","price":6.62},{"type":"A","date":"2018-04-03T01:54:42.000Z","volume":7000,"label":" ","price":6.62},{"type":"A","date":"2018-04-03T01:54:57.000Z","volume":2000,"label":" ","price":6.62},{"type":"A","date":"2018-04-03T01:55:15.000Z","volume":5000,"label":" ","price":6.62},{"type":"B","date":"2018-04-03T01:55:24.000Z","volume":1000,"label":" ","price":6.61},{"type":"B","date":"2018-04-03T01:55:30.000Z","volume":2000,"label":" ","price":6.61},{"type":"A","date":"2018-04-03T01:55:32.000Z","volume":9000,"label":" ","price":6.62},{"type":"A","date":"2018-04-03T01:55:32.000Z","volume":9000,"label":" ","price":6.62},{"type":"A","date":"2018-04-03T01:55:42.000Z","volume":3000,"label":" ","price":6.62},{"type":"B","date":"2018-04-03T01:55:42.000Z","volume":1000,"label":" ","price":6.61},{"type":"A","date":"2018-04-03T01:55:56.000Z","volume":5000,"label":" ","price":6.62},{"type":"B","date":"2018-04-03T01:55:59.000Z","volume":1000,"label":" ","price":6.61},{"type":"B","date":"2018-04-03T01:56:11.000Z","volume":1000,"label":" ","price":6.61},{"type":"B","date":"2018-04-03T01:56:21.000Z","volume":1000,"label":" ","price":6.61},{"type":"A","date":"2018-04-03T01:56:24.000Z","volume":10000,"label":" ","price":6.62},{"type":"B","date":"2018-04-03T01:56:33.000Z","volume":1000,"label":" ","price":6.61},{"type":"B","date":"2018-04-03T01:56:45.000Z","volume":1000,"label":" ","price":6.61},{"type":"B","date":"2018-04-03T01:56:56.000Z","volume":1000,"label":" ","price":6.61},{"type":"B","date":"2018-04-03T01:57:09.000Z","volume":1000,"label":" ","price":6.61},{"type":"A","date":"2018-04-03T01:57:14.000Z","volume":16000,"label":" ","price":6.62},{"type":"A","date":"2018-04-03T01:57:14.000Z","volume":7000,"label":" ","price":6.62},{"type":"A","date":"2018-04-03T01:57:14.000Z","volume":7000,"label":" ","price":6.62},{"type":"A","date":"2018-04-03T01:57:14.000Z","volume":7000,"label":" ","price":6.62},{"type":"A","date":"2018-04-03T01:57:14.000Z","volume":7000,"label":" ","price":6.62},{"type":"A","date":"2018-04-03T01:57:32.000Z","volume":10000,"label":" ","price":6.62},{"type":"B","date":"2018-04-03T01:57:36.000Z","volume":1000,"label":" ","price":6.61},{"type":"B","date":"2018-04-03T01:57:49.000Z","volume":1000,"label":" ","price":6.61},{"type":"B","date":"2018-04-03T01:57:51.000Z","volume":30000,"label":" ","price":6.61},{"type":"B","date":"2018-04-03T01:58:02.000Z","volume":1000,"label":" ","price":6.61},{"type":"B","date":"2018-04-03T01:58:04.000Z","volume":42000,"label":" ","price":6.61},{"type":"A","date":"2018-04-03T01:58:08.000Z","volume":3000,"label":" ","price":6.62},{"type":"B","date":"2018-04-03T01:58:15.000Z","volume":1000,"label":" ","price":6.61},{"type":"B","date":"2018-04-03T01:58:24.000Z","volume":154000,"label":" ","price":6.61},{"type":"B","date":"2018-04-03T01:58:24.000Z","volume":1109000,"label":" ","price":6.61},{"type":"B","date":"2018-04-03T01:58:24.000Z","volume":5000,"label":"Y","price":6.61},{"type":"B","date":"2018-04-03T01:58:24.000Z","volume":145000,"label":" ","price":6.61},{"type":"B","date":"2018-04-03T01:58:24.000Z","volume":10000,"label":" ","price":6.61},{"type":"B","date":"2018-04-03T01:58:24.000Z","volume":9000,"label":" ","price":6.61},{"type":"B","date":"2018-04-03T01:58:26.000Z","volume":1000,"label":" ","price":6.6},{"type":"B","date":"2018-04-03T01:58:26.000Z","volume":1000,"label":"Y","price":6.6},{"type":"B","date":"2018-04-03T01:58:26.000Z","volume":48000,"label":" ","price":6.6},{"type":"B","date":"2018-04-03T01:58:31.000Z","volume":1608000,"label":" ","price":6.6},{"type":"B","date":"2018-04-03T01:58:31.000Z","volume":54000,"label":" ","price":6.59},{"type":"B","date":"2018-04-03T01:58:31.000Z","volume":65000,"label":" ","price":6.58},{"type":"A","date":"2018-04-03T01:58:31.000Z","volume":1000,"label":" ","price":6.6},{"type":"U","date":"2018-04-03T01:58:34.000Z","volume":7000,"label":"X","price":6.6},{"type":"U","date":"2018-04-03T01:58:34.000Z","volume":3000,"label":"X","price":6.6},{"type":"U","date":"2018-04-03T01:58:34.000Z","volume":31000,"label":"X","price":6.6},{"type":"U","date":"2018-04-03T01:58:34.000Z","volume":7000,"label":"X","price":6.6},{"type":"U","date":"2018-04-03T01:58:34.000Z","volume":1000,"label":"X","price":6.6},{"type":"U","date":"2018-04-03T01:58:34.000Z","volume":1000,"label":"X","price":6.6},{"type":"U","date":"2018-04-03T01:58:34.000Z","volume":7000,"label":"X","price":6.6},{"type":"B","date":"2018-04-03T01:58:36.000Z","volume":6000,"label":" ","price":6.57},{"type":"B","date":"2018-04-03T01:58:36.000Z","volume":30000,"label":"Y","price":6.56},{"type":"B","date":"2018-04-03T01:58:36.000Z","volume":11000,"label":" ","price":6.56},{"type":"B","date":"2018-04-03T01:58:36.000Z","volume":53000,"label":" ","price":6.55},{"type":"B","date":"2018-04-03T01:58:38.000Z","volume":1000,"label":" ","price":6.57},{"type":"U","date":"2018-04-03T01:58:42.000Z","volume":1000,"label":" ","price":6.59},{"type":"B","date":"2018-04-03T01:58:49.000Z","volume":1000,"label":" ","price":6.58},{"type":"B","date":"2018-04-03T01:58:49.000Z","volume":6000,"label":" ","price":6.58},{"type":"U","date":"2018-04-03T01:58:53.000Z","volume":41000,"label":" ","price":6.59},{"type":"B","date":"2018-04-03T01:58:58.000Z","volume":1000,"label":" ","price":6.58},{"type":"B","date":"2018-04-03T01:59:02.000Z","volume":7000,"label":" ","price":6.58},{"type":"A","date":"2018-04-03T01:59:07.000Z","volume":200000,"label":" ","price":6.59},{"type":"U","date":"2018-04-03T01:59:34.000Z","volume":1000,"label":"X","price":6.602},{"type":"A","date":"2018-04-03T01:59:36.000Z","volume":10000,"label":" ","price":6.59},{"type":"U","date":"2018-04-03T01:59:40.000Z","volume":15000,"label":" ","price":6.58},{"type":"B","date":"2018-04-03T02:00:00.000Z","volume":8000,"label":" ","price":6.57},{"type":"B","date":"2018-04-03T02:00:23.000Z","volume":1000,"label":" ","price":6.58},{"type":"B","date":"2018-04-03T02:00:32.000Z","volume":1000,"label":" ","price":6.58},{"type":"B","date":"2018-04-03T02:00:32.000Z","volume":6000,"label":" ","price":6.58},{"type":"B","date":"2018-04-03T02:00:45.000Z","volume":4000,"label":" ","price":6.58},{"type":"U","date":"2018-04-03T02:01:15.000Z","volume":10000,"label":"X","price":6.59},{"type":"B","date":"2018-04-03T02:01:25.000Z","volume":10000,"label":" ","price":6.58},{"type":"B","date":"2018-04-03T02:01:25.000Z","volume":5000,"label":" ","price":6.58},{"type":"B","date":"2018-04-03T02:01:28.000Z","volume":26000,"label":" ","price":6.58},{"type":"A","date":"2018-04-03T02:01:34.000Z","volume":1000,"label":" ","price":6.58},{"type":"A","date":"2018-04-03T02:01:35.000Z","volume":1000,"label":" ","price":6.58},{"type":"A","date":"2018-04-03T02:01:36.000Z","volume":1000,"label":" ","price":6.58},{"type":"B","date":"2018-04-03T02:01:55.000Z","volume":10000,"label":" ","price":6.57},{"type":"B","date":"2018-04-03T02:01:55.000Z","volume":3000,"label":" ","price":6.57},{"type":"B","date":"2018-04-03T02:02:09.000Z","volume":25000,"label":" ","price":6.57},{"type":"A","date":"2018-04-03T02:02:11.000Z","volume":5000,"label":" ","price":6.58},{"type":"U","date":"2018-04-03T02:02:46.000Z","volume":6000,"label":"X","price":6.58},{"type":"A","date":"2018-04-03T02:02:57.000Z","volume":4000,"label":" ","price":6.58},{"type":"A","date":"2018-04-03T02:03:03.000Z","volume":15000,"label":" ","price":6.58},{"type":"B","date":"2018-04-03T02:03:23.000Z","volume":1000,"label":" ","price":6.57},{"type":"B","date":"2018-04-03T02:03:32.000Z","volume":19000,"label":" ","price":6.57},{"type":"B","date":"2018-04-03T02:03:32.000Z","volume":6000,"label":" ","price":6.57},{"type":"B","date":"2018-04-03T02:03:41.000Z","volume":1000,"label":" ","price":6.56},{"type":"B","date":"2018-04-03T02:03:58.000Z","volume":1000,"label":" ","price":6.56},{"type":"A","date":"2018-04-03T02:04:02.000Z","volume":4000,"label":" ","price":6.57},{"type":"B","date":"2018-04-03T02:04:17.000Z","volume":1000,"label":" ","price":6.56},{"type":"B","date":"2018-04-03T02:04:36.000Z","volume":1000,"label":" ","price":6.56},{"type":"U","date":"2018-04-03T02:04:48.000Z","volume":5000,"label":"X","price":6.57},{"type":"B","date":"2018-04-03T02:04:55.000Z","volume":1000,"label":" ","price":6.56},{"type":"A","date":"2018-04-03T02:04:57.000Z","volume":1000,"label":" ","price":6.57},{"type":"B","date":"2018-04-03T02:05:14.000Z","volume":10000,"label":" ","price":6.56},{"type":"B","date":"2018-04-03T02:05:14.000Z","volume":1000,"label":" ","price":6.56},{"type":"A","date":"2018-04-03T02:05:20.000Z","volume":1000,"label":" ","price":6.57},{"type":"A","date":"2018-04-03T02:05:28.000Z","volume":7000,"label":" ","price":6.57},{"type":"B","date":"2018-04-03T02:05:35.000Z","volume":1000,"label":" ","price":6.56},{"type":"B","date":"2018-04-03T02:05:55.000Z","volume":1000,"label":" ","price":6.56},{"type":"B","date":"2018-04-03T02:05:57.000Z","volume":69000,"label":" ","price":6.56},{"type":"B","date":"2018-04-03T02:05:57.000Z","volume":1000,"label":" ","price":6.56},{"type":"B","date":"2018-04-03T02:05:58.000Z","volume":105000,"label":" ","price":6.55},{"type":"U","date":"2018-04-03T02:05:58.000Z","volume":1000,"label":" ","price":6.55},{"type":"A","date":"2018-04-03T02:06:03.000Z","volume":10000,"label":" ","price":6.56},{"type":"U","date":"2018-04-03T02:06:07.000Z","volume":44000,"label":" ","price":6.55},{"type":"A","date":"2018-04-03T02:06:07.000Z","volume":10000,"label":" ","price":6.55},{"type":"U","date":"2018-04-03T02:06:09.000Z","volume":22000,"label":"X","price":6.55},{"type":"B","date":"2018-04-03T02:06:18.000Z","volume":50000,"label":"Y","price":6.54},{"type":"B","date":"2018-04-03T02:06:18.000Z","volume":59000,"label":" ","price":6.54},{"type":"B","date":"2018-04-03T02:06:18.000Z","volume":230000,"label":" ","price":6.53},{"type":"U","date":"2018-04-03T02:06:21.000Z","volume":2000,"label":" ","price":6.54},{"type":"A","date":"2018-04-03T02:06:27.000Z","volume":78000,"label":" ","price":6.54},{"type":"B","date":"2018-04-03T02:06:39.000Z","volume":1000,"label":" ","price":6.53},{"type":"A","date":"2018-04-03T02:06:56.000Z","volume":5000,"label":" ","price":6.54},{"type":"B","date":"2018-04-03T02:06:57.000Z","volume":4000,"label":" ","price":6.53},{"type":"B","date":"2018-04-03T02:06:57.000Z","volume":2000,"label":" ","price":6.53},{"type":"A","date":"2018-04-03T02:07:17.000Z","volume":41000,"label":" ","price":6.54},{"type":"A","date":"2018-04-03T02:07:17.000Z","volume":168000,"label":" ","price":6.54},{"type":"A","date":"2018-04-03T02:07:17.000Z","volume":29000,"label":"Y","price":6.54},{"type":"A","date":"2018-04-03T02:07:17.000Z","volume":281000,"label":" ","price":6.54},{"type":"A","date":"2018-04-03T02:07:18.000Z","volume":313000,"label":" ","price":6.55},{"type":"U","date":"2018-04-03T02:07:28.000Z","volume":1000,"label":"X","price":6.544},{"type":"B","date":"2018-04-03T02:07:35.000Z","volume":20000,"label":" ","price":6.55},{"type":"B","date":"2018-04-03T02:07:38.000Z","volume":17000,"label":" ","price":6.55},{"type":"B","date":"2018-04-03T02:08:08.000Z","volume":7000,"label":" ","price":6.55},{"type":"U","date":"2018-04-03T02:08:13.000Z","volume":8000,"label":"X","price":6.55},{"type":"A","date":"2018-04-03T02:08:17.000Z","volume":117000,"label":" ","price":6.55},{"type":"B","date":"2018-04-03T02:09:12.000Z","volume":15000,"label":" ","price":6.55},{"type":"B","date":"2018-04-03T02:09:21.000Z","volume":2000,"label":" ","price":6.55},{"type":"B","date":"2018-04-03T02:09:23.000Z","volume":7000,"label":" ","price":6.55},{"type":"B","date":"2018-04-03T02:09:25.000Z","volume":9000,"label":"Y","price":6.55},{"type":"B","date":"2018-04-03T02:09:25.000Z","volume":11000,"label":" ","price":6.55},{"type":"B","date":"2018-04-03T02:09:25.000Z","volume":1000,"label":" ","price":6.55},{"type":"U","date":"2018-04-03T02:09:34.000Z","volume":6000,"label":"X","price":6.55},{"type":"A","date":"2018-04-03T02:09:34.000Z","volume":1000,"label":" ","price":6.55},{"type":"B","date":"2018-04-03T02:09:35.000Z","volume":8000,"label":" ","price":6.54},{"type":"B","date":"2018-04-03T02:09:42.000Z","volume":1000,"label":" ","price":6.54},{"type":"B","date":"2018-04-03T02:10:08.000Z","volume":10000,"label":" ","price":6.54},{"type":"A","date":"2018-04-03T02:10:13.000Z","volume":6000,"label":" ","price":6.55},{"type":"B","date":"2018-04-03T02:10:24.000Z","volume":16000,"label":" ","price":6.54},{"type":"B","date":"2018-04-03T02:10:53.000Z","volume":5000,"label":"Y","price":6.54},{"type":"B","date":"2018-04-03T02:10:53.000Z","volume":4000,"label":" ","price":6.54},{"type":"B","date":"2018-04-03T02:11:01.000Z","volume":2000,"label":" ","price":6.54},{"type":"A","date":"2018-04-03T02:11:04.000Z","volume":20000,"label":" ","price":6.55},{"type":"B","date":"2018-04-03T02:11:55.000Z","volume":10000,"label":" ","price":6.54},{"type":"B","date":"2018-04-03T02:12:20.000Z","volume":1000,"label":" ","price":6.54},{"type":"A","date":"2018-04-03T02:12:33.000Z","volume":3000,"label":" ","price":6.55},{"type":"A","date":"2018-04-03T02:13:03.000Z","volume":4000,"label":" ","price":6.55},{"type":"A","date":"2018-04-03T02:13:06.000Z","volume":5000,"label":" ","price":6.55},{"type":"A","date":"2018-04-03T02:13:06.000Z","volume":1000,"label":" ","price":6.55},{"type":"B","date":"2018-04-03T02:13:37.000Z","volume":1000,"label":" ","price":6.54},{"type":"B","date":"2018-04-03T02:13:44.000Z","volume":8000,"label":" ","price":6.54},{"type":"B","date":"2018-04-03T02:13:57.000Z","volume":2000,"label":" ","price":6.54},{"type":"B","date":"2018-04-03T02:13:59.000Z","volume":1000,"label":" ","price":6.54},{"type":"A","date":"2018-04-03T02:13:59.000Z","volume":10000,"label":" ","price":6.55},{"type":"B","date":"2018-04-03T02:14:15.000Z","volume":1000,"label":" ","price":6.54},{"type":"B","date":"2018-04-03T02:14:33.000Z","volume":1000,"label":" ","price":6.54},{"type":"B","date":"2018-04-03T02:14:46.000Z","volume":6000,"label":" ","price":6.54},{"type":"B","date":"2018-04-03T02:14:49.000Z","volume":1000,"label":" ","price":6.54},{"type":"B","date":"2018-04-03T02:15:04.000Z","volume":1000,"label":" ","price":6.54},{"type":"B","date":"2018-04-03T02:15:10.000Z","volume":6000,"label":" ","price":6.54},{"type":"A","date":"2018-04-03T02:15:19.000Z","volume":11000,"label":" ","price":6.55},{"type":"B","date":"2018-04-03T02:15:19.000Z","volume":1000,"label":" ","price":6.54},{"type":"B","date":"2018-04-03T02:15:25.000Z","volume":4000,"label":" ","price":6.54},{"type":"U","date":"2018-04-03T02:15:26.000Z","volume":2000,"label":"X","price":6.55},{"type":"U","date":"2018-04-03T02:15:26.000Z","volume":1000,"label":"X","price":6.55},{"type":"U","date":"2018-04-03T02:15:26.000Z","volume":1000,"label":"X","price":6.55},{"type":"U","date":"2018-04-03T02:15:26.000Z","volume":2000,"label":"X","price":6.55},{"type":"B","date":"2018-04-03T02:15:33.000Z","volume":1000,"label":" ","price":6.54},{"type":"B","date":"2018-04-03T02:15:47.000Z","volume":1000,"label":" ","price":6.54},{"type":"B","date":"2018-04-03T02:16:01.000Z","volume":1000,"label":" ","price":6.54},{"type":"B","date":"2018-04-03T02:16:01.000Z","volume":4000,"label":" ","price":6.54},{"type":"B","date":"2018-04-03T02:16:15.000Z","volume":1000,"label":" ","price":6.54},{"type":"B","date":"2018-04-03T02:16:17.000Z","volume":7000,"label":"Y","price":6.54},{"type":"B","date":"2018-04-03T02:16:19.000Z","volume":5000,"label":" ","price":6.54},{"type":"B","date":"2018-04-03T02:16:27.000Z","volume":1000,"label":" ","price":6.54},{"type":"B","date":"2018-04-03T02:16:36.000Z","volume":1000,"label":" ","price":6.54},{"type":"B","date":"2018-04-03T02:16:41.000Z","volume":1000,"label":" ","price":6.54},{"type":"B","date":"2018-04-03T02:16:54.000Z","volume":10000,"label":" ","price":6.54},{"type":"B","date":"2018-04-03T02:16:54.000Z","volume":2000,"label":" ","price":6.54},{"type":"U","date":"2018-04-03T02:17:02.000Z","volume":300,"label":"D","price":6.5},{"type":"A","date":"2018-04-03T02:17:04.000Z","volume":5000,"label":" ","price":6.55},{"type":"B","date":"2018-04-03T02:17:07.000Z","volume":1000,"label":" ","price":6.54},{"type":"B","date":"2018-04-03T02:17:07.000Z","volume":9000,"label":" ","price":6.54},{"type":"B","date":"2018-04-03T02:17:21.000Z","volume":1000,"label":" ","price":6.54},{"type":"B","date":"2018-04-03T02:17:35.000Z","volume":1000,"label":" ","price":6.54},{"type":"A","date":"2018-04-03T02:17:36.000Z","volume":2000,"label":" ","price":6.55},{"type":"A","date":"2018-04-03T02:17:39.000Z","volume":1000,"label":" ","price":6.55},{"type":"B","date":"2018-04-03T02:17:39.000Z","volume":5000,"label":" ","price":6.54},{"type":"B","date":"2018-04-03T02:17:39.000Z","volume":4000,"label":" ","price":6.54},{"type":"B","date":"2018-04-03T02:17:49.000Z","volume":1000,"label":" ","price":6.54},{"type":"A","date":"2018-04-03T02:18:00.000Z","volume":3000,"label":" ","price":6.55},{"type":"A","date":"2018-04-03T02:18:00.000Z","volume":20000,"label":" ","price":6.55},{"type":"B","date":"2018-04-03T02:18:08.000Z","volume":1000,"label":" ","price":6.54},{"type":"A","date":"2018-04-03T02:18:09.000Z","volume":5000,"label":" ","price":6.55},{"type":"B","date":"2018-04-03T02:18:13.000Z","volume":4000,"label":"Y","price":6.54},{"type":"B","date":"2018-04-03T02:18:13.000Z","volume":5000,"label":" ","price":6.54},{"type":"B","date":"2018-04-03T02:18:21.000Z","volume":3000,"label":" ","price":6.54},{"type":"B","date":"2018-04-03T02:18:25.000Z","volume":14000,"label":" ","price":6.54},{"type":"B","date":"2018-04-03T02:18:26.000Z","volume":4000,"label":" ","price":6.54},{"type":"B","date":"2018-04-03T02:18:29.000Z","volume":2000,"label":" ","price":6.54},{"type":"A","date":"2018-04-03T02:18:42.000Z","volume":20000,"label":" ","price":6.55},{"type":"A","date":"2018-04-03T02:18:58.000Z","volume":5000,"label":" ","price":6.55},{"type":"U","date":"2018-04-03T02:18:59.000Z","volume":3000,"label":"X","price":6.55},{"type":"U","date":"2018-04-03T02:18:59.000Z","volume":2000,"label":"X","price":6.55},{"type":"A","date":"2018-04-03T02:19:13.000Z","volume":3000,"label":" ","price":6.55},{"type":"A","date":"2018-04-03T02:19:14.000Z","volume":9000,"label":" ","price":6.55},{"type":"B","date":"2018-04-03T02:19:21.000Z","volume":5000,"label":" ","price":6.54},{"type":"A","date":"2018-04-03T02:19:24.000Z","volume":2000,"label":" ","price":6.55},{"type":"B","date":"2018-04-03T02:19:25.000Z","volume":17000,"label":"Y","price":6.54},{"type":"B","date":"2018-04-03T02:19:25.000Z","volume":23000,"label":" ","price":6.54},{"type":"B","date":"2018-04-03T02:19:25.000Z","volume":7000,"label":" ","price":6.54},{"type":"B","date":"2018-04-03T02:19:49.000Z","volume":2000,"label":" ","price":6.54},{"type":"A","date":"2018-04-03T02:19:55.000Z","volume":1000,"label":" ","price":6.55},{"type":"B","date":"2018-04-03T02:20:14.000Z","volume":2000,"label":" ","price":6.54},{"type":"A","date":"2018-04-03T02:20:59.000Z","volume":4000,"label":" ","price":6.55},{"type":"B","date":"2018-04-03T02:21:21.000Z","volume":1000,"label":" ","price":6.54},{"type":"B","date":"2018-04-03T02:21:38.000Z","volume":1000,"label":" ","price":6.54},{"type":"B","date":"2018-04-03T02:21:48.000Z","volume":9000,"label":" ","price":6.54},{"type":"A","date":"2018-04-03T02:21:49.000Z","volume":2000,"label":" ","price":6.55},{"type":"B","date":"2018-04-03T02:21:55.000Z","volume":1000,"label":" ","price":6.54},{"type":"U","date":"2018-04-03T02:21:57.000Z","volume":1000,"label":"X","price":6.545},{"type":"B","date":"2018-04-03T02:22:15.000Z","volume":5000,"label":" ","price":6.54},{"type":"B","date":"2018-04-03T02:22:18.000Z","volume":3000,"label":" ","price":6.54},{"type":"B","date":"2018-04-03T02:22:18.000Z","volume":1000,"label":" ","price":6.54},{"type":"B","date":"2018-04-03T02:22:20.000Z","volume":49000,"label":" ","price":6.54},{"type":"B","date":"2018-04-03T02:22:21.000Z","volume":2000,"label":" ","price":6.54},{"type":"B","date":"2018-04-03T02:22:22.000Z","volume":5000,"label":" ","price":6.54},{"type":"A","date":"2018-04-03T02:22:25.000Z","volume":5000,"label":" ","price":6.55},{"type":"B","date":"2018-04-03T02:22:36.000Z","volume":7000,"label":" ","price":6.54},{"type":"B","date":"2018-04-03T02:22:43.000Z","volume":1000,"label":" ","price":6.54},{"type":"A","date":"2018-04-03T02:22:45.000Z","volume":5000,"label":" ","price":6.55},{"type":"A","date":"2018-04-03T02:22:55.000Z","volume":20000,"label":" ","price":6.55},{"type":"B","date":"2018-04-03T02:22:55.000Z","volume":3000,"label":" ","price":6.54},{"type":"B","date":"2018-04-03T02:23:07.000Z","volume":1000,"label":" ","price":6.54},{"type":"B","date":"2018-04-03T02:23:11.000Z","volume":2000,"label":" ","price":6.54},{"type":"A","date":"2018-04-03T02:23:20.000Z","volume":4000,"label":" ","price":6.55},{"type":"A","date":"2018-04-03T02:23:24.000Z","volume":5000,"label":" ","price":6.55},{"type":"B","date":"2018-04-03T02:23:27.000Z","volume":1000,"label":" ","price":6.54},{"type":"A","date":"2018-04-03T02:23:31.000Z","volume":1000,"label":" ","price":6.55},{"type":"A","date":"2018-04-03T02:23:35.000Z","volume":3000,"label":" ","price":6.55},{"type":"B","date":"2018-04-03T02:23:45.000Z","volume":142000,"label":" ","price":6.54},{"type":"B","date":"2018-04-03T02:23:46.000Z","volume":13000,"label":" ","price":6.53},{"type":"B","date":"2018-04-03T02:23:47.000Z","volume":1000,"label":" ","price":6.53},{"type":"U","date":"2018-04-03T02:23:53.000Z","volume":3000,"label":"X","price":6.54},{"type":"U","date":"2018-04-03T02:23:53.000Z","volume":2000,"label":"X","price":6.54},{"type":"A","date":"2018-04-03T02:23:53.000Z","volume":2000,"label":" ","price":6.54},{"type":"U","date":"2018-04-03T02:24:05.000Z","volume":1000,"label":"X","price":6.542},{"type":"A","date":"2018-04-03T02:24:08.000Z","volume":20000,"label":" ","price":6.54},{"type":"B","date":"2018-04-03T02:24:08.000Z","volume":1000,"label":" ","price":6.53},{"type":"B","date":"2018-04-03T02:24:15.000Z","volume":4000,"label":" ","price":6.53},{"type":"B","date":"2018-04-03T02:24:17.000Z","volume":3000,"label":" ","price":6.53},{"type":"B","date":"2018-04-03T02:24:32.000Z","volume":1000,"label":" ","price":6.53},{"type":"B","date":"2018-04-03T02:24:32.000Z","volume":9000,"label":"Y","price":6.53},{"type":"B","date":"2018-04-03T02:24:32.000Z","volume":270000,"label":" ","price":6.53},{"type":"B","date":"2018-04-03T02:24:32.000Z","volume":1000,"label":" ","price":6.53},{"type":"B","date":"2018-04-03T02:24:32.000Z","volume":24000,"label":" ","price":6.52},{"type":"A","date":"2018-04-03T02:24:40.000Z","volume":25000,"label":" ","price":6.53},{"type":"B","date":"2018-04-03T02:24:41.000Z","volume":50000,"label":" ","price":6.52},{"type":"B","date":"2018-04-03T02:24:41.000Z","volume":4000,"label":" ","price":6.52},{"type":"B","date":"2018-04-03T02:24:42.000Z","volume":7000,"label":" ","price":6.52},{"type":"B","date":"2018-04-03T02:24:42.000Z","volume":129000,"label":" ","price":6.52},{"type":"U","date":"2018-04-03T02:24:42.000Z","volume":300,"label":"D","price":6.55},{"type":"A","date":"2018-04-03T02:24:44.000Z","volume":8000,"label":" ","price":6.52},{"type":"B","date":"2018-04-03T02:24:44.000Z","volume":12000,"label":" ","price":6.51},{"type":"B","date":"2018-04-03T02:24:45.000Z","volume":15000,"label":" ","price":6.51},{"type":"A","date":"2018-04-03T02:24:45.000Z","volume":150000,"label":" ","price":6.52},{"type":"B","date":"2018-04-03T02:24:47.000Z","volume":14000,"label":" ","price":6.51},{"type":"B","date":"2018-04-03T02:24:55.000Z","volume":1000,"label":" ","price":6.51},{"type":"A","date":"2018-04-03T02:25:04.000Z","volume":6000,"label":"Y","price":6.52},{"type":"A","date":"2018-04-03T02:25:04.000Z","volume":23000,"label":" ","price":6.52},{"type":"B","date":"2018-04-03T02:25:06.000Z","volume":3000,"label":" ","price":6.51},{"type":"A","date":"2018-04-03T02:25:06.000Z","volume":18000,"label":" ","price":6.52},{"type":"A","date":"2018-04-03T02:25:07.000Z","volume":10000,"label":" ","price":6.52},{"type":"B","date":"2018-04-03T02:25:08.000Z","volume":2000,"label":" ","price":6.51},{"type":"B","date":"2018-04-03T02:25:11.000Z","volume":3000,"label":" ","price":6.51},{"type":"B","date":"2018-04-03T02:25:11.000Z","volume":102000,"label":" ","price":6.51},{"type":"A","date":"2018-04-03T02:25:12.000Z","volume":10000,"label":" ","price":6.51},{"type":"B","date":"2018-04-03T02:25:13.000Z","volume":9000,"label":" ","price":6.5},{"type":"A","date":"2018-04-03T02:25:43.000Z","volume":128000,"label":" ","price":6.51},{"type":"B","date":"2018-04-03T02:25:45.000Z","volume":11000,"label":" ","price":6.5},{"type":"U","date":"2018-04-03T02:25:48.000Z","volume":17000,"label":"X","price":6.51},{"type":"U","date":"2018-04-03T02:25:48.000Z","volume":4000,"label":"X","price":6.505},{"type":"U","date":"2018-04-03T02:25:55.000Z","volume":5000,"label":"X","price":6.51},{"type":"B","date":"2018-04-03T02:26:22.000Z","volume":10000,"label":" ","price":6.5},{"type":"A","date":"2018-04-03T02:26:24.000Z","volume":2000,"label":" ","price":6.51},{"type":"B","date":"2018-04-03T02:26:38.000Z","volume":50000,"label":" ","price":6.5},{"type":"B","date":"2018-04-03T02:26:39.000Z","volume":331000,"label":" ","price":6.5},{"type":"B","date":"2018-04-03T02:26:40.000Z","volume":35000,"label":" ","price":6.5},{"type":"B","date":"2018-04-03T02:26:40.000Z","volume":130000,"label":" ","price":6.5},{"type":"U","date":"2018-04-03T02:26:40.000Z","volume":12000,"label":" ","price":6.5},{"type":"U","date":"2018-04-03T02:26:40.000Z","volume":1000,"label":" ","price":6.5},{"type":"B","date":"2018-04-03T02:26:41.000Z","volume":11000,"label":" ","price":6.49},{"type":"A","date":"2018-04-03T02:26:47.000Z","volume":6000,"label":" ","price":6.5},{"type":"B","date":"2018-04-03T02:26:47.000Z","volume":50000,"label":" ","price":6.49},{"type":"B","date":"2018-04-03T02:26:47.000Z","volume":4000,"label":" ","price":6.49},{"type":"U","date":"2018-04-03T02:26:55.000Z","volume":12000,"label":" ","price":6.49},{"type":"U","date":"2018-04-03T02:26:55.000Z","volume":36000,"label":" ","price":6.49},{"type":"B","date":"2018-04-03T02:26:56.000Z","volume":6000,"label":" ","price":6.49},{"type":"B","date":"2018-04-03T02:26:58.000Z","volume":50000,"label":" ","price":6.49},{"type":"B","date":"2018-04-03T02:26:59.000Z","volume":4000,"label":" ","price":6.49},{"type":"B","date":"2018-04-03T02:27:07.000Z","volume":6000,"label":" ","price":6.49},{"type":"B","date":"2018-04-03T02:27:07.000Z","volume":43000,"label":" ","price":6.49},{"type":"B","date":"2018-04-03T02:27:07.000Z","volume":2000,"label":"Y","price":6.49},{"type":"B","date":"2018-04-03T02:27:07.000Z","volume":3000,"label":" ","price":6.49},{"type":"U","date":"2018-04-03T02:27:30.000Z","volume":1000,"label":"X","price":6.51},{"type":"B","date":"2018-04-03T02:27:37.000Z","volume":2000,"label":" ","price":6.49},{"type":"A","date":"2018-04-03T02:28:13.000Z","volume":4000,"label":" ","price":6.5},{"type":"A","date":"2018-04-03T02:28:29.000Z","volume":50000,"label":" ","price":6.5},{"type":"U","date":"2018-04-03T02:28:38.000Z","volume":6000,"label":"X","price":6.5},{"type":"A","date":"2018-04-03T02:29:03.000Z","volume":5000,"label":" ","price":6.5},{"type":"A","date":"2018-04-03T02:29:06.000Z","volume":10000,"label":" ","price":6.5},{"type":"A","date":"2018-04-03T02:29:11.000Z","volume":5000,"label":" ","price":6.5},{"type":"A","date":"2018-04-03T02:29:21.000Z","volume":5000,"label":" ","price":6.5},{"type":"U","date":"2018-04-03T02:29:29.000Z","volume":1000,"label":"X","price":6.5},{"type":"A","date":"2018-04-03T02:29:29.000Z","volume":7000,"label":" ","price":6.5},{"type":"A","date":"2018-04-03T02:29:51.000Z","volume":10000,"label":" ","price":6.5},{"type":"A","date":"2018-04-03T02:30:34.000Z","volume":12000,"label":" ","price":6.5},{"type":"A","date":"2018-04-03T02:30:34.000Z","volume":471000,"label":" ","price":6.5},{"type":"A","date":"2018-04-03T02:30:56.000Z","volume":5000,"label":" ","price":6.51},{"type":"A","date":"2018-04-03T02:31:12.000Z","volume":13000,"label":" ","price":6.51},{"type":"A","date":"2018-04-03T02:31:20.000Z","volume":2000,"label":" ","price":6.51},{"type":"A","date":"2018-04-03T02:31:54.000Z","volume":10000,"label":" ","price":6.51},{"type":"A","date":"2018-04-03T02:32:32.000Z","volume":1000,"label":" ","price":6.51},{"type":"A","date":"2018-04-03T02:32:57.000Z","volume":10000,"label":" ","price":6.51},{"type":"B","date":"2018-04-03T02:33:11.000Z","volume":1000,"label":" ","price":6.5},{"type":"U","date":"2018-04-03T02:33:20.000Z","volume":4000,"label":"X","price":6.51},{"type":"U","date":"2018-04-03T02:33:20.000Z","volume":1000,"label":"X","price":6.51},{"type":"U","date":"2018-04-03T02:33:20.000Z","volume":1000,"label":"X","price":6.51},{"type":"U","date":"2018-04-03T02:33:20.000Z","volume":1000,"label":"X","price":6.51},{"type":"U","date":"2018-04-03T02:33:20.000Z","volume":1000,"label":"X","price":6.51},{"type":"B","date":"2018-04-03T02:33:37.000Z","volume":5000,"label":" ","price":6.5},{"type":"B","date":"2018-04-03T02:34:33.000Z","volume":3000,"label":" ","price":6.5},{"type":"B","date":"2018-04-03T02:34:39.000Z","volume":10000,"label":" ","price":6.5},{"type":"A","date":"2018-04-03T02:35:08.000Z","volume":10000,"label":" ","price":6.51},{"type":"A","date":"2018-04-03T02:35:08.000Z","volume":278000,"label":" ","price":6.51},{"type":"U","date":"2018-04-03T02:35:08.000Z","volume":1000,"label":" ","price":6.51},{"type":"U","date":"2018-04-03T02:35:10.000Z","volume":2000,"label":"X","price":6.51},{"type":"U","date":"2018-04-03T02:35:10.000Z","volume":1000,"label":"X","price":6.51},{"type":"U","date":"2018-04-03T02:35:10.000Z","volume":4000,"label":"X","price":6.51},{"type":"A","date":"2018-04-03T02:35:34.000Z","volume":6000,"label":" ","price":6.51},{"type":"A","date":"2018-04-03T02:35:45.000Z","volume":3000,"label":" ","price":6.51},{"type":"A","date":"2018-04-03T02:35:46.000Z","volume":16000,"label":" ","price":6.51},{"type":"A","date":"2018-04-03T02:35:47.000Z","volume":75000,"label":" ","price":6.51},{"type":"A","date":"2018-04-03T02:36:27.000Z","volume":3000,"label":" ","price":6.52},{"type":"A","date":"2018-04-03T02:36:27.000Z","volume":199000,"label":" ","price":6.52},{"type":"B","date":"2018-04-03T02:36:29.000Z","volume":2000,"label":" ","price":6.51},{"type":"B","date":"2018-04-03T02:36:30.000Z","volume":2000,"label":" ","price":6.51},{"type":"U","date":"2018-04-03T02:37:04.000Z","volume":4000,"label":" ","price":6.52},{"type":"U","date":"2018-04-03T02:37:32.000Z","volume":2000,"label":"X","price":6.52},{"type":"U","date":"2018-04-03T02:37:32.000Z","volume":1000,"label":"X","price":6.52},{"type":"U","date":"2018-04-03T02:37:32.000Z","volume":1000,"label":"X","price":6.52},{"type":"U","date":"2018-04-03T02:37:32.000Z","volume":3000,"label":"X","price":6.52},{"type":"A","date":"2018-04-03T02:37:56.000Z","volume":10000,"label":" ","price":6.52},{"type":"A","date":"2018-04-03T02:38:00.000Z","volume":10000,"label":" ","price":6.52},{"type":"A","date":"2018-04-03T02:38:01.000Z","volume":6000,"label":" ","price":6.52},{"type":"B","date":"2018-04-03T02:38:02.000Z","volume":2000,"label":" ","price":6.51},{"type":"B","date":"2018-04-03T02:38:11.000Z","volume":8000,"label":" ","price":6.51},{"type":"A","date":"2018-04-03T02:38:24.000Z","volume":10000,"label":" ","price":6.52},{"type":"B","date":"2018-04-03T02:38:35.000Z","volume":66000,"label":" ","price":6.51},{"type":"B","date":"2018-04-03T02:38:38.000Z","volume":10000,"label":" ","price":6.51},{"type":"B","date":"2018-04-03T02:39:06.000Z","volume":11000,"label":" ","price":6.51},{"type":"B","date":"2018-04-03T02:39:24.000Z","volume":2000,"label":" ","price":6.51},{"type":"A","date":"2018-04-03T02:39:27.000Z","volume":70000,"label":" ","price":6.52},{"type":"A","date":"2018-04-03T02:39:33.000Z","volume":20000,"label":" ","price":6.52},{"type":"B","date":"2018-04-03T02:39:53.000Z","volume":10000,"label":" ","price":6.51},{"type":"A","date":"2018-04-03T02:40:19.000Z","volume":4000,"label":" ","price":6.52},{"type":"B","date":"2018-04-03T02:40:20.000Z","volume":10000,"label":" ","price":6.51},{"type":"U","date":"2018-04-03T02:40:20.000Z","volume":600,"label":"D","price":6.46},{"type":"U","date":"2018-04-03T02:40:24.000Z","volume":5000,"label":"X","price":6.52},{"type":"U","date":"2018-04-03T02:40:24.000Z","volume":1000,"label":"X","price":6.52},{"type":"U","date":"2018-04-03T02:40:24.000Z","volume":1000,"label":"X","price":6.52},{"type":"U","date":"2018-04-03T02:40:24.000Z","volume":1000,"label":"X","price":6.52},{"type":"U","date":"2018-04-03T02:40:24.000Z","volume":1000,"label":"X","price":6.52},{"type":"A","date":"2018-04-03T02:40:54.000Z","volume":5000,"label":" ","price":6.52},{"type":"A","date":"2018-04-03T02:41:07.000Z","volume":3000,"label":" ","price":6.52},{"type":"U","date":"2018-04-03T02:41:07.000Z","volume":2000,"label":"X","price":6.52},{"type":"U","date":"2018-04-03T02:41:07.000Z","volume":3000,"label":"X","price":6.52},{"type":"U","date":"2018-04-03T02:41:18.000Z","volume":21000,"label":"X","price":6.52},{"type":"A","date":"2018-04-03T02:41:23.000Z","volume":5000,"label":" ","price":6.52},{"type":"A","date":"2018-04-03T02:41:47.000Z","volume":9000,"label":" ","price":6.52},{"type":"A","date":"2018-04-03T02:41:47.000Z","volume":8000,"label":" ","price":6.52},{"type":"A","date":"2018-04-03T02:41:50.000Z","volume":1000,"label":" ","price":6.52},{"type":"A","date":"2018-04-03T02:41:51.000Z","volume":18000,"label":"Y","price":6.52},{"type":"A","date":"2018-04-03T02:41:51.000Z","volume":193000,"label":" ","price":6.52},{"type":"A","date":"2018-04-03T02:41:51.000Z","volume":28000,"label":" ","price":6.52},{"type":"B","date":"2018-04-03T02:41:51.000Z","volume":35000,"label":" ","price":6.52},{"type":"A","date":"2018-04-03T02:41:51.000Z","volume":2000,"label":" ","price":6.52},{"type":"A","date":"2018-04-03T02:41:52.000Z","volume":10000,"label":" ","price":6.52},{"type":"A","date":"2018-04-03T02:41:52.000Z","volume":115000,"label":" ","price":6.53},{"type":"B","date":"2018-04-03T02:41:52.000Z","volume":9000,"label":" ","price":6.52},{"type":"U","date":"2018-04-03T02:41:59.000Z","volume":122000,"label":"X","price":6.52},{"type":"B","date":"2018-04-03T02:41:59.000Z","volume":5000,"label":" ","price":6.53},{"type":"A","date":"2018-04-03T02:42:02.000Z","volume":21000,"label":" ","price":6.54},{"type":"A","date":"2018-04-03T02:42:29.000Z","volume":10000,"label":" ","price":6.54},{"type":"A","date":"2018-04-03T02:42:32.000Z","volume":10000,"label":" ","price":6.54},{"type":"A","date":"2018-04-03T02:42:45.000Z","volume":4000,"label":" ","price":6.54},{"type":"A","date":"2018-04-03T02:42:45.000Z","volume":1000,"label":" ","price":6.54},{"type":"A","date":"2018-04-03T02:42:45.000Z","volume":1000,"label":" ","price":6.54},{"type":"A","date":"2018-04-03T02:42:45.000Z","volume":1000,"label":" ","price":6.54},{"type":"A","date":"2018-04-03T02:42:45.000Z","volume":1000,"label":" ","price":6.54},{"type":"A","date":"2018-04-03T02:43:10.000Z","volume":100000,"label":" ","price":6.54},{"type":"A","date":"2018-04-03T02:43:10.000Z","volume":49000,"label":" ","price":6.54},{"type":"B","date":"2018-04-03T02:43:31.000Z","volume":3000,"label":" ","price":6.54},{"type":"B","date":"2018-04-03T02:43:31.000Z","volume":5000,"label":" ","price":6.54},{"type":"B","date":"2018-04-03T02:43:54.000Z","volume":1000,"label":" ","price":6.54},{"type":"B","date":"2018-04-03T02:44:00.000Z","volume":16000,"label":" ","price":6.54},{"type":"U","date":"2018-04-03T02:44:31.000Z","volume":600,"label":"D","price":6.5},{"type":"U","date":"2018-04-03T02:44:33.000Z","volume":2000,"label":"X","price":6.545},{"type":"A","date":"2018-04-03T02:45:05.000Z","volume":4000,"label":" ","price":6.55},{"type":"A","date":"2018-04-03T02:45:05.000Z","volume":1000,"label":" ","price":6.55},{"type":"A","date":"2018-04-03T02:45:05.000Z","volume":1000,"label":" ","price":6.55},{"type":"A","date":"2018-04-03T02:45:05.000Z","volume":1000,"label":" ","price":6.55},{"type":"A","date":"2018-04-03T02:45:05.000Z","volume":1000,"label":" ","price":6.55},{"type":"A","date":"2018-04-03T02:45:07.000Z","volume":21000,"label":" ","price":6.55},{"type":"U","date":"2018-04-03T02:45:42.000Z","volume":1000,"label":"X","price":6.523},{"type":"A","date":"2018-04-03T02:45:44.000Z","volume":21000,"label":" ","price":6.55},{"type":"A","date":"2018-04-03T02:45:50.000Z","volume":10000,"label":" ","price":6.55},{"type":"A","date":"2018-04-03T02:45:52.000Z","volume":1000,"label":" ","price":6.55},{"type":"A","date":"2018-04-03T02:46:05.000Z","volume":4000,"label":"Y","price":6.55},{"type":"A","date":"2018-04-03T02:46:05.000Z","volume":88000,"label":" ","price":6.55},{"type":"A","date":"2018-04-03T02:46:05.000Z","volume":43000,"label":" ","price":6.55},{"type":"A","date":"2018-04-03T02:46:12.000Z","volume":22000,"label":" ","price":6.56},{"type":"A","date":"2018-04-03T02:46:12.000Z","volume":19000,"label":" ","price":6.56},{"type":"A","date":"2018-04-03T02:46:12.000Z","volume":4000,"label":" ","price":6.56},{"type":"A","date":"2018-04-03T02:46:12.000Z","volume":11000,"label":" ","price":6.56},{"type":"A","date":"2018-04-03T02:46:12.000Z","volume":89000,"label":" ","price":6.56},{"type":"A","date":"2018-04-03T02:46:12.000Z","volume":1000,"label":" ","price":6.56},{"type":"A","date":"2018-04-03T02:46:36.000Z","volume":10000,"label":" ","price":6.57},{"type":"A","date":"2018-04-03T02:47:07.000Z","volume":3000,"label":" ","price":6.57},{"type":"A","date":"2018-04-03T02:47:07.000Z","volume":1000,"label":" ","price":6.57},{"type":"A","date":"2018-04-03T02:47:07.000Z","volume":1000,"label":" ","price":6.57},{"type":"A","date":"2018-04-03T02:47:07.000Z","volume":1000,"label":" ","price":6.57},{"type":"A","date":"2018-04-03T02:47:07.000Z","volume":1000,"label":" ","price":6.57},{"type":"A","date":"2018-04-03T02:47:07.000Z","volume":1000,"label":" ","price":6.57},{"type":"A","date":"2018-04-03T02:47:31.000Z","volume":10000,"label":" ","price":6.57},{"type":"U","date":"2018-04-03T02:47:42.000Z","volume":7000,"label":"X","price":6.556},{"type":"A","date":"2018-04-03T02:47:50.000Z","volume":20000,"label":" ","price":6.57},{"type":"A","date":"2018-04-03T02:48:06.000Z","volume":2000,"label":" ","price":6.57},{"type":"A","date":"2018-04-03T02:48:42.000Z","volume":212000,"label":" ","price":6.57},{"type":"A","date":"2018-04-03T02:48:42.000Z","volume":1000,"label":" ","price":6.57},{"type":"B","date":"2018-04-03T02:48:43.000Z","volume":6000,"label":" ","price":6.57},{"type":"A","date":"2018-04-03T02:48:59.000Z","volume":3000,"label":" ","price":6.58},{"type":"A","date":"2018-04-03T02:49:07.000Z","volume":4000,"label":" ","price":6.58},{"type":"A","date":"2018-04-03T02:49:08.000Z","volume":1000,"label":" ","price":6.58},{"type":"A","date":"2018-04-03T02:49:08.000Z","volume":1000,"label":" ","price":6.58},{"type":"A","date":"2018-04-03T02:49:08.000Z","volume":1000,"label":" ","price":6.58},{"type":"A","date":"2018-04-03T02:49:08.000Z","volume":1000,"label":" ","price":6.58},{"type":"A","date":"2018-04-03T02:49:39.000Z","volume":2000,"label":" ","price":6.58},{"type":"A","date":"2018-04-03T02:50:17.000Z","volume":9000,"label":" ","price":6.58},{"type":"A","date":"2018-04-03T02:50:17.000Z","volume":7000,"label":" ","price":6.58},{"type":"B","date":"2018-04-03T02:50:17.000Z","volume":5000,"label":" ","price":6.57},{"type":"B","date":"2018-04-03T02:50:25.000Z","volume":10000,"label":" ","price":6.57},{"type":"B","date":"2018-04-03T02:50:33.000Z","volume":1000,"label":" ","price":6.57},{"type":"B","date":"2018-04-03T02:50:51.000Z","volume":4000,"label":" ","price":6.57},{"type":"B","date":"2018-04-03T02:50:52.000Z","volume":5000,"label":" ","price":6.57},{"type":"B","date":"2018-04-03T02:51:07.000Z","volume":4000,"label":" ","price":6.57},{"type":"A","date":"2018-04-03T02:51:09.000Z","volume":4000,"label":" ","price":6.58},{"type":"A","date":"2018-04-03T02:51:09.000Z","volume":1000,"label":" ","price":6.58},{"type":"A","date":"2018-04-03T02:51:09.000Z","volume":1000,"label":" ","price":6.58},{"type":"A","date":"2018-04-03T02:51:09.000Z","volume":1000,"label":" ","price":6.58},{"type":"A","date":"2018-04-03T02:51:09.000Z","volume":1000,"label":" ","price":6.58},{"type":"B","date":"2018-04-03T02:51:13.000Z","volume":5000,"label":" ","price":6.57},{"type":"A","date":"2018-04-03T02:51:13.000Z","volume":10000,"label":" ","price":6.58},{"type":"A","date":"2018-04-03T02:51:24.000Z","volume":1000,"label":" ","price":6.58},{"type":"B","date":"2018-04-03T02:51:44.000Z","volume":5000,"label":" ","price":6.57},{"type":"U","date":"2018-04-03T02:52:13.000Z","volume":1000,"label":"X","price":6.57},{"type":"B","date":"2018-04-03T02:52:17.000Z","volume":20000,"label":" ","price":6.57},{"type":"B","date":"2018-04-03T02:52:18.000Z","volume":5000,"label":" ","price":6.57},{"type":"B","date":"2018-04-03T02:52:24.000Z","volume":11000,"label":" ","price":6.57},{"type":"A","date":"2018-04-03T02:52:27.000Z","volume":3000,"label":" ","price":6.58},{"type":"A","date":"2018-04-03T02:52:37.000Z","volume":1000,"label":" ","price":6.58},{"type":"U","date":"2018-04-03T02:52:42.000Z","volume":9000,"label":"X","price":6.571},{"type":"A","date":"2018-04-03T02:53:19.000Z","volume":4000,"label":" ","price":6.58},{"type":"A","date":"2018-04-03T02:53:19.000Z","volume":1000,"label":" ","price":6.58},{"type":"A","date":"2018-04-03T02:53:19.000Z","volume":1000,"label":" ","price":6.58},{"type":"A","date":"2018-04-03T02:53:19.000Z","volume":1000,"label":" ","price":6.58},{"type":"A","date":"2018-04-03T02:53:19.000Z","volume":1000,"label":" ","price":6.58},{"type":"A","date":"2018-04-03T02:53:20.000Z","volume":1000,"label":" ","price":6.58},{"type":"B","date":"2018-04-03T02:53:45.000Z","volume":1000,"label":" ","price":6.57},{"type":"B","date":"2018-04-03T02:54:12.000Z","volume":2000,"label":" ","price":6.57},{"type":"B","date":"2018-04-03T02:54:17.000Z","volume":11000,"label":" ","price":6.57},{"type":"U","date":"2018-04-03T02:54:42.000Z","volume":5000,"label":"X","price":6.574},{"type":"B","date":"2018-04-03T02:55:01.000Z","volume":59000,"label":" ","price":6.57},{"type":"B","date":"2018-04-03T02:55:01.000Z","volume":9000,"label":" ","price":6.57},{"type":"B","date":"2018-04-03T02:55:01.000Z","volume":5000,"label":" ","price":6.57},{"type":"B","date":"2018-04-03T02:55:01.000Z","volume":9000,"label":" ","price":6.57},{"type":"B","date":"2018-04-03T02:55:03.000Z","volume":7000,"label":" ","price":6.56},{"type":"B","date":"2018-04-03T02:55:04.000Z","volume":16000,"label":" ","price":6.56},{"type":"B","date":"2018-04-03T02:55:04.000Z","volume":8000,"label":" ","price":6.56},{"type":"A","date":"2018-04-03T02:55:06.000Z","volume":360000,"label":" ","price":6.57},{"type":"A","date":"2018-04-03T02:55:06.000Z","volume":140000,"label":" ","price":6.58},{"type":"B","date":"2018-04-03T02:55:08.000Z","volume":29000,"label":" ","price":6.56},{"type":"B","date":"2018-04-03T02:55:21.000Z","volume":1000,"label":" ","price":6.56},{"type":"U","date":"2018-04-03T02:55:32.000Z","volume":1000,"label":"X","price":6.571},{"type":"B","date":"2018-04-03T02:55:43.000Z","volume":1000,"label":" ","price":6.56},{"type":"B","date":"2018-04-03T02:55:45.000Z","volume":1000,"label":" ","price":6.56},{"type":"A","date":"2018-04-03T02:56:02.000Z","volume":119000,"label":" ","price":6.58},{"type":"A","date":"2018-04-03T02:56:02.000Z","volume":1000,"label":" ","price":6.58},{"type":"B","date":"2018-04-03T02:56:03.000Z","volume":6000,"label":" ","price":6.58},{"type":"B","date":"2018-04-03T02:56:04.000Z","volume":4000,"label":" ","price":6.58},{"type":"B","date":"2018-04-03T02:56:07.000Z","volume":1000,"label":" ","price":6.58},{"type":"B","date":"2018-04-03T02:56:52.000Z","volume":4000,"label":" ","price":6.58},{"type":"B","date":"2018-04-03T02:56:55.000Z","volume":1000,"label":" ","price":6.58},{"type":"B","date":"2018-04-03T02:57:55.000Z","volume":89000,"label":" ","price":6.58},{"type":"B","date":"2018-04-03T02:57:57.000Z","volume":2000,"label":" ","price":6.57},{"type":"B","date":"2018-04-03T02:57:57.000Z","volume":4000,"label":" ","price":6.57},{"type":"B","date":"2018-04-03T02:57:57.000Z","volume":1000,"label":" ","price":6.57},{"type":"B","date":"2018-04-03T02:58:07.000Z","volume":2000,"label":" ","price":6.57},{"type":"B","date":"2018-04-03T02:58:34.000Z","volume":4000,"label":" ","price":6.57},{"type":"B","date":"2018-04-03T02:58:35.000Z","volume":2000,"label":" ","price":6.56},{"type":"B","date":"2018-04-03T02:58:43.000Z","volume":1000,"label":" ","price":6.56},{"type":"B","date":"2018-04-03T02:58:48.000Z","volume":1000,"label":" ","price":6.56},{"type":"B","date":"2018-04-03T02:58:55.000Z","volume":10000,"label":" ","price":6.56},{"type":"A","date":"2018-04-03T02:59:01.000Z","volume":5000,"label":" ","price":6.57},{"type":"A","date":"2018-04-03T02:59:34.000Z","volume":8000,"label":" ","price":6.56},{"type":"U","date":"2018-04-03T02:59:43.000Z","volume":2000,"label":"X","price":6.55},{"type":"B","date":"2018-04-03T03:00:13.000Z","volume":1000,"label":" ","price":6.55},{"type":"B","date":"2018-04-03T03:00:38.000Z","volume":21000,"label":" ","price":6.55},{"type":"B","date":"2018-04-03T03:00:43.000Z","volume":1000,"label":" ","price":6.55},{"type":"U","date":"2018-04-03T03:00:43.000Z","volume":1000,"label":"X","price":6.55},{"type":"B","date":"2018-04-03T03:01:04.000Z","volume":1000,"label":" ","price":6.55},{"type":"B","date":"2018-04-03T03:01:29.000Z","volume":1000,"label":" ","price":6.55},{"type":"U","date":"2018-04-03T03:01:29.000Z","volume":1000,"label":"X","price":6.55},{"type":"B","date":"2018-04-03T03:01:55.000Z","volume":10000,"label":" ","price":6.55},{"type":"B","date":"2018-04-03T03:01:55.000Z","volume":5000,"label":" ","price":6.55},{"type":"B","date":"2018-04-03T03:01:55.000Z","volume":3000,"label":" ","price":6.55},{"type":"B","date":"2018-04-03T03:01:56.000Z","volume":16000,"label":" ","price":6.55},{"type":"B","date":"2018-04-03T03:01:58.000Z","volume":7000,"label":" ","price":6.55},{"type":"B","date":"2018-04-03T03:01:58.000Z","volume":3000,"label":" ","price":6.55},{"type":"B","date":"2018-04-03T03:01:58.000Z","volume":3000,"label":" ","price":6.55},{"type":"B","date":"2018-04-03T03:02:01.000Z","volume":3000,"label":" ","price":6.55},{"type":"A","date":"2018-04-03T03:02:01.000Z","volume":12000,"label":" ","price":6.55},{"type":"B","date":"2018-04-03T03:02:03.000Z","volume":11000,"label":" ","price":6.55},{"type":"B","date":"2018-04-03T03:02:03.000Z","volume":3000,"label":" ","price":6.55},{"type":"U","date":"2018-04-03T03:02:03.000Z","volume":1000,"label":" ","price":6.55},{"type":"A","date":"2018-04-03T03:02:07.000Z","volume":76000,"label":" ","price":6.55},{"type":"B","date":"2018-04-03T03:02:09.000Z","volume":8000,"label":" ","price":6.55},{"type":"B","date":"2018-04-03T03:02:33.000Z","volume":9000,"label":" ","price":6.55},{"type":"B","date":"2018-04-03T03:02:43.000Z","volume":5000,"label":" ","price":6.55},{"type":"B","date":"2018-04-03T03:02:44.000Z","volume":15000,"label":" ","price":6.55},{"type":"B","date":"2018-04-03T03:02:45.000Z","volume":4000,"label":" ","price":6.55},{"type":"B","date":"2018-04-03T03:02:45.000Z","volume":10000,"label":" ","price":6.55},{"type":"A","date":"2018-04-03T03:03:38.000Z","volume":1000,"label":" ","price":6.56},{"type":"B","date":"2018-04-03T03:04:16.000Z","volume":16000,"label":" ","price":6.55},{"type":"A","date":"2018-04-03T03:04:32.000Z","volume":200000,"label":" ","price":6.56},{"type":"A","date":"2018-04-03T03:04:32.000Z","volume":1000,"label":" ","price":6.56},{"type":"A","date":"2018-04-03T03:04:34.000Z","volume":53000,"label":" ","price":6.56},{"type":"U","date":"2018-04-03T03:04:36.000Z","volume":6000,"label":" ","price":6.56},{"type":"A","date":"2018-04-03T03:04:42.000Z","volume":39000,"label":" ","price":6.56},{"type":"A","date":"2018-04-03T03:04:42.000Z","volume":19000,"label":" ","price":6.56},{"type":"B","date":"2018-04-03T03:04:43.000Z","volume":3000,"label":" ","price":6.56},{"type":"A","date":"2018-04-03T03:04:43.000Z","volume":20000,"label":" ","price":6.57},{"type":"B","date":"2018-04-03T03:04:44.000Z","volume":18000,"label":" ","price":6.56},{"type":"A","date":"2018-04-03T03:05:01.000Z","volume":8000,"label":" ","price":6.57},{"type":"A","date":"2018-04-03T03:05:11.000Z","volume":2000,"label":" ","price":6.57},{"type":"A","date":"2018-04-03T03:05:57.000Z","volume":10000,"label":" ","price":6.57},{"type":"A","date":"2018-04-03T03:06:10.000Z","volume":1000,"label":" ","price":6.57},{"type":"A","date":"2018-04-03T03:06:10.000Z","volume":1000,"label":" ","price":6.57},{"type":"A","date":"2018-04-03T03:06:17.000Z","volume":1000,"label":" ","price":6.57},{"type":"B","date":"2018-04-03T03:06:21.000Z","volume":10000,"label":" ","price":6.56},{"type":"A","date":"2018-04-03T03:07:42.000Z","volume":2000,"label":" ","price":6.57},{"type":"B","date":"2018-04-03T03:08:49.000Z","volume":2000,"label":"Y","price":6.56},{"type":"B","date":"2018-04-03T03:08:49.000Z","volume":1000,"label":" ","price":6.56},{"type":"B","date":"2018-04-03T03:08:50.000Z","volume":1000,"label":" ","price":6.56},{"type":"A","date":"2018-04-03T03:08:50.000Z","volume":3000,"label":" ","price":6.57},{"type":"B","date":"2018-04-03T03:08:51.000Z","volume":2000,"label":" ","price":6.56},{"type":"A","date":"2018-04-03T03:09:09.000Z","volume":1000,"label":" ","price":6.57},{"type":"A","date":"2018-04-03T03:09:22.000Z","volume":2000,"label":" ","price":6.57},{"type":"B","date":"2018-04-03T03:09:24.000Z","volume":1000,"label":" ","price":6.56},{"type":"B","date":"2018-04-03T03:09:24.000Z","volume":16000,"label":" ","price":6.56},{"type":"B","date":"2018-04-03T03:09:24.000Z","volume":2000,"label":" ","price":6.56},{"type":"B","date":"2018-04-03T03:09:26.000Z","volume":10000,"label":" ","price":6.56},{"type":"B","date":"2018-04-03T03:09:26.000Z","volume":3000,"label":" ","price":6.56},{"type":"B","date":"2018-04-03T03:09:28.000Z","volume":4000,"label":" ","price":6.56},{"type":"A","date":"2018-04-03T03:09:31.000Z","volume":10000,"label":" ","price":6.56},{"type":"B","date":"2018-04-03T03:11:29.000Z","volume":5000,"label":" ","price":6.55},{"type":"B","date":"2018-04-03T03:11:58.000Z","volume":1000,"label":"Y","price":6.55},{"type":"B","date":"2018-04-03T03:11:58.000Z","volume":5000,"label":" ","price":6.55},{"type":"B","date":"2018-04-03T03:11:58.000Z","volume":9000,"label":" ","price":6.55},{"type":"B","date":"2018-04-03T03:11:59.000Z","volume":2000,"label":" ","price":6.55},{"type":"B","date":"2018-04-03T03:12:01.000Z","volume":12000,"label":" ","price":6.55},{"type":"B","date":"2018-04-03T03:12:03.000Z","volume":8000,"label":" ","price":6.55},{"type":"A","date":"2018-04-03T03:12:05.000Z","volume":1000,"label":" ","price":6.56},{"type":"B","date":"2018-04-03T03:12:06.000Z","volume":2000,"label":" ","price":6.55},{"type":"B","date":"2018-04-03T03:12:21.000Z","volume":10000,"label":" ","price":6.55},{"type":"B","date":"2018-04-03T03:13:02.000Z","volume":10000,"label":" ","price":6.55},{"type":"B","date":"2018-04-03T03:13:03.000Z","volume":2000,"label":" ","price":6.55},{"type":"A","date":"2018-04-03T03:13:14.000Z","volume":1000,"label":" ","price":6.56},{"type":"A","date":"2018-04-03T03:13:14.000Z","volume":1000,"label":" ","price":6.56},{"type":"U","date":"2018-04-03T03:13:34.000Z","volume":1000,"label":"X","price":6.559},{"type":"B","date":"2018-04-03T03:13:37.000Z","volume":1000,"label":" ","price":6.55},{"type":"B","date":"2018-04-03T03:13:40.000Z","volume":16000,"label":" ","price":6.55},{"type":"B","date":"2018-04-03T03:13:40.000Z","volume":2000,"label":" ","price":6.55},{"type":"B","date":"2018-04-03T03:13:47.000Z","volume":1000,"label":"Y","price":6.55},{"type":"B","date":"2018-04-03T03:13:47.000Z","volume":10000,"label":" ","price":6.55},{"type":"A","date":"2018-04-03T03:13:50.000Z","volume":10000,"label":" ","price":6.56},{"type":"B","date":"2018-04-03T03:13:51.000Z","volume":2000,"label":" ","price":6.55},{"type":"B","date":"2018-04-03T03:14:07.000Z","volume":1000,"label":" ","price":6.55},{"type":"B","date":"2018-04-03T03:14:18.000Z","volume":6000,"label":" ","price":6.55},{"type":"B","date":"2018-04-03T03:14:20.000Z","volume":11000,"label":" ","price":6.55},{"type":"B","date":"2018-04-03T03:14:33.000Z","volume":11000,"label":" ","price":6.55},{"type":"B","date":"2018-04-03T03:14:33.000Z","volume":9000,"label":" ","price":6.55},{"type":"B","date":"2018-04-03T03:14:33.000Z","volume":3000,"label":" ","price":6.55},{"type":"A","date":"2018-04-03T03:14:45.000Z","volume":2000,"label":" ","price":6.56},{"type":"A","date":"2018-04-03T03:14:50.000Z","volume":1000,"label":" ","price":6.56},{"type":"B","date":"2018-04-03T03:15:09.000Z","volume":10000,"label":" ","price":6.55},{"type":"B","date":"2018-04-03T03:15:09.000Z","volume":1000,"label":" ","price":6.55},{"type":"B","date":"2018-04-03T03:15:11.000Z","volume":2000,"label":" ","price":6.55},{"type":"B","date":"2018-04-03T03:15:21.000Z","volume":17000,"label":" ","price":6.55},{"type":"B","date":"2018-04-03T03:15:21.000Z","volume":4000,"label":" ","price":6.55},{"type":"U","date":"2018-04-03T03:15:34.000Z","volume":2000,"label":" ","price":6.55},{"type":"B","date":"2018-04-03T03:16:19.000Z","volume":3000,"label":" ","price":6.55},{"type":"U","date":"2018-04-03T03:16:29.000Z","volume":1000,"label":"X","price":6.555},{"type":"B","date":"2018-04-03T03:16:47.000Z","volume":3000,"label":" ","price":6.55},{"type":"B","date":"2018-04-03T03:16:49.000Z","volume":10000,"label":" ","price":6.55},{"type":"B","date":"2018-04-03T03:16:49.000Z","volume":4000,"label":" ","price":6.55},{"type":"B","date":"2018-04-03T03:16:50.000Z","volume":2000,"label":" ","price":6.55},{"type":"B","date":"2018-04-03T03:17:28.000Z","volume":7000,"label":" ","price":6.55},{"type":"A","date":"2018-04-03T03:17:33.000Z","volume":20000,"label":" ","price":6.55},{"type":"B","date":"2018-04-03T03:17:41.000Z","volume":6000,"label":" ","price":6.54},{"type":"B","date":"2018-04-03T03:17:47.000Z","volume":5000,"label":" ","price":6.54},{"type":"B","date":"2018-04-03T03:18:05.000Z","volume":3000,"label":" ","price":6.54},{"type":"A","date":"2018-04-03T03:18:59.000Z","volume":4000,"label":" ","price":6.55},{"type":"A","date":"2018-04-03T03:19:17.000Z","volume":1000,"label":" ","price":6.55},{"type":"A","date":"2018-04-03T03:19:17.000Z","volume":1000,"label":" ","price":6.55},{"type":"B","date":"2018-04-03T03:19:25.000Z","volume":1000,"label":" ","price":6.54},{"type":"A","date":"2018-04-03T03:19:25.000Z","volume":10000,"label":" ","price":6.55},{"type":"B","date":"2018-04-03T03:19:47.000Z","volume":1000,"label":" ","price":6.54},{"type":"B","date":"2018-04-03T03:20:07.000Z","volume":3000,"label":" ","price":6.54},{"type":"A","date":"2018-04-03T03:20:08.000Z","volume":1000,"label":" ","price":6.55},{"type":"B","date":"2018-04-03T03:20:09.000Z","volume":1000,"label":" ","price":6.54},{"type":"B","date":"2018-04-03T03:20:09.000Z","volume":2000,"label":" ","price":6.54},{"type":"B","date":"2018-04-03T03:20:31.000Z","volume":1000,"label":" ","price":6.54},{"type":"A","date":"2018-04-03T03:20:50.000Z","volume":2000,"label":" ","price":6.55},{"type":"B","date":"2018-04-03T03:20:53.000Z","volume":1000,"label":" ","price":6.54},{"type":"B","date":"2018-04-03T03:21:23.000Z","volume":1000,"label":" ","price":6.54},{"type":"B","date":"2018-04-03T03:21:36.000Z","volume":2000,"label":" ","price":6.54},{"type":"B","date":"2018-04-03T03:21:55.000Z","volume":1000,"label":" ","price":6.54},{"type":"A","date":"2018-04-03T03:21:56.000Z","volume":495000,"label":" ","price":6.55},{"type":"A","date":"2018-04-03T03:21:56.000Z","volume":4000,"label":" ","price":6.55},{"type":"B","date":"2018-04-03T03:21:58.000Z","volume":13000,"label":" ","price":6.55},{"type":"A","date":"2018-04-03T03:22:20.000Z","volume":2000,"label":" ","price":6.56},{"type":"A","date":"2018-04-03T03:22:27.000Z","volume":10000,"label":" ","price":6.56},{"type":"A","date":"2018-04-03T03:23:20.000Z","volume":3000,"label":" ","price":6.56},{"type":"A","date":"2018-04-03T03:23:50.000Z","volume":2000,"label":" ","price":6.56},{"type":"B","date":"2018-04-03T03:24:01.000Z","volume":5000,"label":" ","price":6.55},{"type":"B","date":"2018-04-03T03:24:01.000Z","volume":8000,"label":" ","price":6.55},{"type":"B","date":"2018-04-03T03:24:06.000Z","volume":3000,"label":" ","price":6.55},{"type":"B","date":"2018-04-03T03:24:48.000Z","volume":20000,"label":" ","price":6.55},{"type":"B","date":"2018-04-03T03:25:00.000Z","volume":10000,"label":" ","price":6.55},{"type":"B","date":"2018-04-03T03:25:00.000Z","volume":3000,"label":" ","price":6.55},{"type":"B","date":"2018-04-03T03:25:32.000Z","volume":1000,"label":"Y","price":6.55},{"type":"B","date":"2018-04-03T03:25:33.000Z","volume":1000,"label":"Y","price":6.55},{"type":"B","date":"2018-04-03T03:25:33.000Z","volume":10000,"label":" ","price":6.55},{"type":"B","date":"2018-04-03T03:25:36.000Z","volume":14000,"label":" ","price":6.55},{"type":"A","date":"2018-04-03T03:25:40.000Z","volume":10000,"label":" ","price":6.55},{"type":"B","date":"2018-04-03T03:25:57.000Z","volume":5000,"label":" ","price":6.54},{"type":"U","date":"2018-04-03T03:26:51.000Z","volume":1000,"label":"X","price":6.55},{"type":"A","date":"2018-04-03T03:26:51.000Z","volume":2000,"label":" ","price":6.55},{"type":"A","date":"2018-04-03T03:27:40.000Z","volume":268000,"label":" ","price":6.55},{"type":"A","date":"2018-04-03T03:27:40.000Z","volume":1000,"label":" ","price":6.55},{"type":"A","date":"2018-04-03T03:28:22.000Z","volume":1000,"label":" ","price":6.56},{"type":"A","date":"2018-04-03T03:28:22.000Z","volume":1000,"label":" ","price":6.56},{"type":"A","date":"2018-04-03T03:28:29.000Z","volume":1000,"label":" ","price":6.56},{"type":"A","date":"2018-04-03T03:28:45.000Z","volume":15000,"label":" ","price":6.56},{"type":"A","date":"2018-04-03T03:29:01.000Z","volume":1000,"label":" ","price":6.56},{"type":"A","date":"2018-04-03T03:29:13.000Z","volume":2000,"label":" ","price":6.56},{"type":"B","date":"2018-04-03T03:29:17.000Z","volume":8000,"label":" ","price":6.55},{"type":"B","date":"2018-04-03T03:29:18.000Z","volume":2000,"label":" ","price":6.55},{"type":"A","date":"2018-04-03T03:30:04.000Z","volume":2000,"label":" ","price":6.56},{"type":"A","date":"2018-04-03T03:30:57.000Z","volume":10000,"label":" ","price":6.56},{"type":"B","date":"2018-04-03T03:31:17.000Z","volume":8000,"label":" ","price":6.55},{"type":"A","date":"2018-04-03T03:31:23.000Z","volume":1000,"label":" ","price":6.56},{"type":"A","date":"2018-04-03T03:31:44.000Z","volume":2000,"label":" ","price":6.56},{"type":"A","date":"2018-04-03T03:33:24.000Z","volume":2000,"label":" ","price":6.56},{"type":"U","date":"2018-04-03T03:33:34.000Z","volume":1000,"label":"X","price":6.56},{"type":"B","date":"2018-04-03T03:33:35.000Z","volume":9000,"label":" ","price":6.55},{"type":"B","date":"2018-04-03T03:33:36.000Z","volume":2000,"label":" ","price":6.55},{"type":"B","date":"2018-04-03T03:33:40.000Z","volume":5000,"label":" ","price":6.55},{"type":"B","date":"2018-04-03T03:33:41.000Z","volume":15000,"label":" ","price":6.55},{"type":"B","date":"2018-04-03T03:33:41.000Z","volume":4000,"label":" ","price":6.55},{"type":"B","date":"2018-04-03T03:33:41.000Z","volume":3000,"label":" ","price":6.55},{"type":"A","date":"2018-04-03T03:33:42.000Z","volume":2000,"label":" ","price":6.56},{"type":"B","date":"2018-04-03T03:33:43.000Z","volume":7000,"label":" ","price":6.55},{"type":"B","date":"2018-04-03T03:33:46.000Z","volume":16000,"label":" ","price":6.55},{"type":"B","date":"2018-04-03T03:33:46.000Z","volume":3000,"label":" ","price":6.55},{"type":"B","date":"2018-04-03T03:33:48.000Z","volume":1000,"label":"Y","price":6.55},{"type":"A","date":"2018-04-03T03:33:48.000Z","volume":2000,"label":" ","price":6.55},{"type":"A","date":"2018-04-03T03:34:04.000Z","volume":1000,"label":" ","price":6.55},{"type":"A","date":"2018-04-03T03:34:24.000Z","volume":10000,"label":" ","price":6.55},{"type":"U","date":"2018-04-03T03:35:02.000Z","volume":1000,"label":"X","price":6.55},{"type":"B","date":"2018-04-03T03:35:41.000Z","volume":10000,"label":" ","price":6.54},{"type":"A","date":"2018-04-03T03:36:06.000Z","volume":1000,"label":" ","price":6.55},{"type":"A","date":"2018-04-03T03:36:06.000Z","volume":1000,"label":" ","price":6.55},{"type":"A","date":"2018-04-03T03:36:10.000Z","volume":3000,"label":" ","price":6.55},{"type":"B","date":"2018-04-03T03:36:15.000Z","volume":4000,"label":" ","price":6.54},{"type":"B","date":"2018-04-03T03:36:33.000Z","volume":8000,"label":" ","price":6.54},{"type":"B","date":"2018-04-03T03:36:37.000Z","volume":2000,"label":" ","price":6.54},{"type":"A","date":"2018-04-03T03:36:56.000Z","volume":1000,"label":" ","price":6.55},{"type":"A","date":"2018-04-03T03:37:49.000Z","volume":50000,"label":" ","price":6.55},{"type":"A","date":"2018-04-03T03:37:57.000Z","volume":2000,"label":" ","price":6.55},{"type":"A","date":"2018-04-03T03:38:45.000Z","volume":10000,"label":" ","price":6.55},{"type":"A","date":"2018-04-03T03:38:46.000Z","volume":5000,"label":" ","price":6.55},{"type":"B","date":"2018-04-03T03:38:49.000Z","volume":6000,"label":" ","price":6.54},{"type":"A","date":"2018-04-03T03:38:50.000Z","volume":3000,"label":" ","price":6.55},{"type":"A","date":"2018-04-03T03:39:12.000Z","volume":20000,"label":" ","price":6.55},{"type":"A","date":"2018-04-03T03:39:13.000Z","volume":8000,"label":" ","price":6.55},{"type":"A","date":"2018-04-03T03:39:32.000Z","volume":1000,"label":" ","price":6.55},{"type":"A","date":"2018-04-03T03:39:36.000Z","volume":1000,"label":" ","price":6.55},{"type":"A","date":"2018-04-03T03:39:38.000Z","volume":1000,"label":" ","price":6.55},{"type":"A","date":"2018-04-03T03:39:51.000Z","volume":2000,"label":" ","price":6.55},{"type":"A","date":"2018-04-03T03:39:53.000Z","volume":1000,"label":" ","price":6.55},{"type":"U","date":"2018-04-03T03:40:04.000Z","volume":1000,"label":"X","price":6.55},{"type":"U","date":"2018-04-03T03:40:11.000Z","volume":1000,"label":"X","price":6.55},{"type":"A","date":"2018-04-03T03:40:25.000Z","volume":40000,"label":" ","price":6.55},{"type":"A","date":"2018-04-03T03:40:27.000Z","volume":17000,"label":" ","price":6.55},{"type":"A","date":"2018-04-03T03:41:02.000Z","volume":30000,"label":" ","price":6.55},{"type":"A","date":"2018-04-03T03:41:03.000Z","volume":13000,"label":" ","price":6.55},{"type":"A","date":"2018-04-03T03:41:51.000Z","volume":2000,"label":" ","price":6.55},{"type":"A","date":"2018-04-03T03:42:09.000Z","volume":1000,"label":" ","price":6.55},{"type":"A","date":"2018-04-03T03:42:11.000Z","volume":1000,"label":" ","price":6.55},{"type":"A","date":"2018-04-03T03:42:16.000Z","volume":1000,"label":" ","price":6.55},{"type":"A","date":"2018-04-03T03:42:25.000Z","volume":50000,"label":" ","price":6.55},{"type":"A","date":"2018-04-03T03:42:26.000Z","volume":22000,"label":" ","price":6.55},{"type":"B","date":"2018-04-03T03:42:41.000Z","volume":14000,"label":" ","price":6.54},{"type":"B","date":"2018-04-03T03:42:41.000Z","volume":3000,"label":" ","price":6.54},{"type":"A","date":"2018-04-03T03:42:43.000Z","volume":7000,"label":" ","price":6.55},{"type":"A","date":"2018-04-03T03:42:49.000Z","volume":10000,"label":" ","price":6.55},{"type":"A","date":"2018-04-03T03:42:51.000Z","volume":5000,"label":" ","price":6.55},{"type":"A","date":"2018-04-03T03:43:09.000Z","volume":383000,"label":" ","price":6.55},{"type":"B","date":"2018-04-03T03:43:09.000Z","volume":2000,"label":" ","price":6.55},{"type":"B","date":"2018-04-03T03:43:11.000Z","volume":6000,"label":" ","price":6.55},{"type":"A","date":"2018-04-03T03:43:11.000Z","volume":133000,"label":" ","price":6.56},{"type":"A","date":"2018-04-03T03:43:11.000Z","volume":48000,"label":" ","price":6.56},{"type":"B","date":"2018-04-03T03:43:13.000Z","volume":25000,"label":" ","price":6.56},{"type":"B","date":"2018-04-03T03:43:14.000Z","volume":4000,"label":" ","price":6.56},{"type":"A","date":"2018-04-03T03:43:34.000Z","volume":5000,"label":" ","price":6.57},{"type":"A","date":"2018-04-03T03:43:45.000Z","volume":2000,"label":" ","price":6.57},{"type":"A","date":"2018-04-03T03:44:36.000Z","volume":4000,"label":" ","price":6.57},{"type":"A","date":"2018-04-03T03:44:38.000Z","volume":1000,"label":" ","price":6.57},{"type":"B","date":"2018-04-03T03:45:04.000Z","volume":1000,"label":" ","price":6.56},{"type":"A","date":"2018-04-03T03:45:37.000Z","volume":5000,"label":" ","price":6.57},{"type":"A","date":"2018-04-03T03:45:46.000Z","volume":2000,"label":" ","price":6.57},{"type":"B","date":"2018-04-03T03:46:08.000Z","volume":1000,"label":" ","price":6.56},{"type":"U","date":"2018-04-03T03:46:42.000Z","volume":1000,"label":"X","price":6.567},{"type":"A","date":"2018-04-03T03:46:56.000Z","volume":1000,"label":" ","price":6.57},{"type":"A","date":"2018-04-03T03:46:56.000Z","volume":2000,"label":" ","price":6.57},{"type":"B","date":"2018-04-03T03:46:56.000Z","volume":1000,"label":" ","price":6.56},{"type":"B","date":"2018-04-03T03:47:01.000Z","volume":11000,"label":" ","price":6.56},{"type":"B","date":"2018-04-03T03:47:02.000Z","volume":3000,"label":" ","price":6.56},{"type":"B","date":"2018-04-03T03:47:08.000Z","volume":8000,"label":" ","price":6.56},{"type":"B","date":"2018-04-03T03:47:09.000Z","volume":3000,"label":" ","price":6.56},{"type":"B","date":"2018-04-03T03:47:11.000Z","volume":1000,"label":"Y","price":6.56},{"type":"B","date":"2018-04-03T03:47:11.000Z","volume":10000,"label":" ","price":6.56},{"type":"B","date":"2018-04-03T03:47:12.000Z","volume":3000,"label":" ","price":6.56},{"type":"B","date":"2018-04-03T03:47:13.000Z","volume":4000,"label":" ","price":6.56},{"type":"B","date":"2018-04-03T03:47:13.000Z","volume":9000,"label":" ","price":6.56},{"type":"B","date":"2018-04-03T03:47:15.000Z","volume":3000,"label":" ","price":6.56},{"type":"B","date":"2018-04-03T03:47:36.000Z","volume":13000,"label":" ","price":6.56},{"type":"B","date":"2018-04-03T03:47:36.000Z","volume":3000,"label":" ","price":6.56},{"type":"B","date":"2018-04-03T03:47:37.000Z","volume":4000,"label":" ","price":6.56},{"type":"B","date":"2018-04-03T03:47:37.000Z","volume":1000,"label":" ","price":6.56},{"type":"U","date":"2018-04-03T03:47:44.000Z","volume":1000,"label":"X","price":6.56},{"type":"B","date":"2018-04-03T03:48:47.000Z","volume":6000,"label":" ","price":6.56},{"type":"B","date":"2018-04-03T03:48:47.000Z","volume":2000,"label":" ","price":6.56},{"type":"B","date":"2018-04-03T03:48:47.000Z","volume":2000,"label":" ","price":6.56},{"type":"A","date":"2018-04-03T03:48:50.000Z","volume":1000,"label":" ","price":6.57},{"type":"B","date":"2018-04-03T03:48:58.000Z","volume":7000,"label":" ","price":6.56},{"type":"B","date":"2018-04-03T03:48:59.000Z","volume":2000,"label":" ","price":6.56},{"type":"A","date":"2018-04-03T03:49:40.000Z","volume":1000,"label":" ","price":6.57},{"type":"B","date":"2018-04-03T03:50:31.000Z","volume":10000,"label":" ","price":6.56},{"type":"B","date":"2018-04-03T03:50:34.000Z","volume":2000,"label":" ","price":6.56},{"type":"B","date":"2018-04-03T03:50:34.000Z","volume":3000,"label":" ","price":6.56},{"type":"B","date":"2018-04-03T03:50:35.000Z","volume":1000,"label":" ","price":6.56},{"type":"B","date":"2018-04-03T03:50:36.000Z","volume":7000,"label":" ","price":6.56},{"type":"B","date":"2018-04-03T03:50:38.000Z","volume":2000,"label":" ","price":6.56},{"type":"B","date":"2018-04-03T03:50:38.000Z","volume":2000,"label":" ","price":6.56},{"type":"A","date":"2018-04-03T03:50:40.000Z","volume":1000,"label":" ","price":6.57},{"type":"A","date":"2018-04-03T03:51:30.000Z","volume":1000,"label":" ","price":6.57},{"type":"B","date":"2018-04-03T03:51:58.000Z","volume":6000,"label":" ","price":6.56},{"type":"B","date":"2018-04-03T03:52:00.000Z","volume":2000,"label":" ","price":6.56},{"type":"A","date":"2018-04-03T03:52:01.000Z","volume":10000,"label":" ","price":6.57},{"type":"B","date":"2018-04-03T03:52:03.000Z","volume":2000,"label":" ","price":6.56},{"type":"B","date":"2018-04-03T03:52:31.000Z","volume":1000,"label":" ","price":6.56},{"type":"B","date":"2018-04-03T03:52:51.000Z","volume":9000,"label":" ","price":6.56}