[{"type":"B","date":"2018-04-25T01:43:09.000Z","volume":8000,"label":" ","price":0.375},{"type":"B","date":"2018-04-25T03:04:18.000Z","volume":32000,"label":" ","price":0.375},{"type":"B","date":"2018-04-25T03:19:28.000Z","volume":8000,"label":" ","price":0.375},{"type":"B","date":"2018-04-25T03:22:03.000Z","volume":8000,"label":" ","price":0.375},{"type":"B","date":"2018-04-25T03:23:07.000Z","volume":8000,"label":" ","price":0.375},{"type":"B","date":"2018-04-25T05:00:02.000Z","volume":8000,"label":" ","price":0.375},{"type":"B","date":"2018-04-25T05:00:03.000Z","volume":8000,"label":" ","price":0.375},{"type":"B","date":"2018-04-25T05:00:03.000Z","volume":8000,"label":" ","price":0.37},{"type":"B","date":"2018-04-25T05:04:10.000Z","volume":16000,"label":" ","price":0.36},{"type":"B","date":"2018-04-25T05:08:39.000Z","volume":8000,"label":" ","price":0.36},{"type":"B","date":"2018-04-25T05:09:28.000Z","volume":8000,"label":" ","price":0.36},{"type":"B","date":"2018-04-25T05:10:02.000Z","volume":8000,"label":" ","price":0.36},{"type":"B","date":"2018-04-25T05:10:36.000Z","volume":8000,"label":" ","price":0.36},{"type":"B","date":"2018-04-25T05:17:28.000Z","volume":8000,"label":" ","price":0.36},{"type":"B","date":"2018-04-25T05:18:13.000Z","volume":8000,"label":" ","price":0.36},{"type":"B","date":"2018-04-25T05:19:20.000Z","volume":8000,"label":" ","price":0.36},{"type":"B","date":"2018-04-25T05:20:21.000Z","volume":8000,"label":" ","price":0.36},{"type":"B","date":"2018-04-25T05:37:36.000Z","volume":8000,"label":" ","price":0.365},{"type":"B","date":"2018-04-25T05:38:47.000Z","volume":8000,"label":" ","price":0.365},{"type":"B","date":"2018-04-25T05:51:05.000Z","volume":8000,"label":" ","price":0.365},{"type":"B","date":"2018-04-25T05:51:40.000Z","volume":8000,"label":" ","price":0.365},{"type":"B","date":"2018-04-25T05:52:02.000Z","volume":8000,"label":" ","price":0.365},{"type":"B","date":"2018-04-25T05:52:33.000Z","volume":8000,"label":" ","price":0.365},{"type":"B","date":"2018-04-25T05:53:07.000Z","volume":8000,"label":" ","price":0.365},{"type":"B","date":"2018-04-25T05:53:51.000Z","volume":8000,"label":" ","price":0.365},{"type":"B","date":"2018-04-25T05:54:20.000Z","volume":8000,"label":" ","price":0.365},{"type":"B","date":"2018-04-25T05:54:51.000Z","volume":8000,"label":" ","price":0.365},{"type":"B","date":"2018-04-25T05:55:53.000Z","volume":8000,"label":" ","price":0.365},{"type":"B","date":"2018-04-25T05:57:33.000Z","volume":8000,"label":" ","price":0.365},{"type":"B","date":"2018-04-25T05:59:19.000Z","volume":8000,"label":" ","price":0.365},{"type":"B","date":"2018-04-25T05:59:51.000Z","volume":8000,"label":" ","price":0.365},{"type":"B","date":"2018-04-25T06:00:20.000Z","volume":8000,"label":" ","price":0.365},{"type":"B","date":"2018-04-25T06:00:52.000Z","volume":8000,"label":" ","price":0.365},{"type":"B","date":"2018-04-25T06:01:25.000Z","volume":8000,"label":" ","price":0.365},{"type":"B","date":"2018-04-25T06:01:51.000Z","volume":8000,"label":" ","price":0.365},{"type":"B","date":"2018-04-25T06:02:39.000Z","volume":8000,"label":" ","price":0.365},{"type":"B","date":"2018-04-25T06:03:10.000Z","volume":8000,"label":" ","price":0.365},{"type":"B","date":"2018-04-25T06:03:46.000Z","volume":8000,"label":" ","price":0.365},{"type":"B","date":"2018-04-25T06:04:22.000Z","volume":8000,"label":" ","price":0.365},{"type":"B","date":"2018-04-25T06:05:01.000Z","volume":8000,"label":" ","price":0.365},{"type":"B","date":"2018-04-25T06:05:44.000Z","volume":8000,"label":" ","price":0.365},{"type":"B","date":"2018-04-25T06:06:40.000Z","volume":8000,"label":" ","price":0.365},{"type":"B","date":"2018-04-25T06:07:14.000Z","volume":8000,"label":" ","price":0.365},{"type":"B","date":"2018-04-25T06:07:46.000Z","volume":8000,"label":" ","price":0.365},{"type":"B","date":"2018-04-25T06:08:47.000Z","volume":8000,"label":" ","price":0.365},{"type":"B","date":"2018-04-25T06:09:40.000Z","volume":8000,"label":" ","price":0.365},{"type":"B","date":"2018-04-25T06:41:06.000Z","volume":8000,"label":" ","price":0.365},{"type":"B","date":"2018-04-25T06:41:55.000Z","volume":8000,"label":" ","price":0.36},{"type":"B","date":"2018-04-25T06:42:24.000Z","volume":8000,"label":" ","price":0.36},{"type":"B","date":"2018-04-25T06:42:56.000Z","volume":8000,"label":" ","price":0.36},{"type":"B","date":"2018-04-25T06:43:31.000Z","volume":8000,"label":" ","price":0.36},{"type":"B","date":"2018-04-25T06:47:02.000Z","volume":8000,"label":" ","price":0.36},{"type":"B","date":"2018-04-25T06:48:07.000Z","volume":8000,"label":" ","price":0.36},{"type":"B","date":"2018-04-25T06:49:59.000Z","volume":8000,"label":" ","price":0.36},{"type":"B","date":"2018-04-25T06:50:22.000Z","volume":8000,"label":" ","price":0.36},{"type":"B","date":"2018-04-25T06:52:55.000Z","volume":24000,"label":" ","price":0.36},{"type":"B","date":"2018-04-25T06:53:28.000Z","volume":8000,"label":" ","price":0.36},{"type":"B","date":"2018-04-25T06:53:43.000Z","volume":8000,"label":" ","price":0.36},{"type":"B","date":"2018-04-25T06:54:03.000Z","volume":8000,"label":" ","price":0.36},{"type":"B","date":"2018-04-25T06:54:38.000Z","volume":8000,"label":" ","price":0.36},{"type":"B","date":"2018-04-25T06:55:11.000Z","volume":8000,"label":" ","price":0.36},{"type":"B","date":"2018-04-25T06:55:57.000Z","volume":8000,"label":" ","price":0.36},{"type":"B","date":"2018-04-25T06:56:18.000Z","volume":8000,"label":" ","price":0.36},{"type":"B","date":"2018-04-25T06:56:44.000Z","volume":8000,"label":" ","price":0.36},{"type":"B","date":"2018-04-25T06:57:26.000Z","volume":8000,"label":" ","price":0.36},{"type":"B","date":"2018-04-25T06:57:35.000Z","volume":8000,"label":" ","price":0.36},{"type":"B","date":"2018-04-25T06:57:58.000Z","volume":8000,"label":" ","price":0.36},{"type":"B","date":"2018-04-25T07:05:57.000Z","volume":8000,"label":" ","price":0.36},{"type":"B","date":"2018-04-25T07:06:38.000Z","volume":8000,"label":" ","price":0.36},{"type":"B","date":"2018-04-25T07:07:37.000Z","volume":8000,"label":" ","price":0.36},{"type":"B","date":"2018-04-25T07:12:50.000Z","volume":8000,"label":" ","price":0.36},{"type":"B","date":"2018-04-25T07:13:16.000Z","volume":8000,"label":" ","price":0.36},{"type":"B","date":"2018-04-25T07:29:52.000Z","volume":8000,"label":" ","price":0.365},{"type":"A","date":"2018-04-25T07:33:59.000Z","volume":136000,"label":" ","price":0.375},{"type":"A","date":"2018-04-25T07:39:04.000Z","volume":48000,"label":" ","price":0.38},{"type":"A","date":"2018-04-25T07:39:04.000Z","volume":320000,"label":" ","price":0.385},{"type":"A","date":"2018-04-25T07:39:29.000Z","volume":32000,"label":" ","price":0.385},{"type":"A","date":"2018-04-25T07:43:14.000Z","volume":248000,"label":" ","price":0.385},{"type":"A","date":"2018-04-25T07:43:14.000Z","volume":8000,"label":"Y","price":0.39},{"type":"A","date":"2018-04-25T07:43:14.000Z","volume":168000,"label":" ","price":0.39},{"type":"A","date":"2018-04-25T07:43:14.000Z","volume":184000,"label":" ","price":0.395},{"type":"A","date":"2018-04-25T07:44:41.000Z","volume":160000,"label":" ","price":0.395},{"type":"A","date":"2018-04-25T07:44:59.000Z","volume":16000,"label":" ","price":0.395},{"type":"B","date":"2018-04-25T07:47:05.000Z","volume":40000,"label":" ","price":0.375},{"type":"B","date":"2018-04-25T07:56:16.000Z","volume":8000,"label":" ","price":0.375},{"type":"A","date":"2018-04-25T07:56:26.000Z","volume":32000,"label":" ","price":0.375},{"type":"A","date":"2018-04-25T07:58:01.000Z","volume":96000,"label":" ","price":0.395}]