[{"type":"A","date":"2018-04-19T01:32:55.000Z","volume":5000,"label":" ","price":5.78},{"type":"A","date":"2018-04-19T01:32:59.000Z","volume":7000,"label":" ","price":5.81},{"type":"A","date":"2018-04-19T01:33:12.000Z","volume":2000,"label":" ","price":5.81},{"type":"A","date":"2018-04-19T01:33:22.000Z","volume":500,"label":" ","price":5.8},{"type":"A","date":"2018-04-19T01:33:42.000Z","volume":22500,"label":" ","price":5.8},{"type":"A","date":"2018-04-19T01:33:42.000Z","volume":7500,"label":" ","price":5.81},{"type":"A","date":"2018-04-19T01:33:43.000Z","volume":2000,"label":" ","price":5.81},{"type":"A","date":"2018-04-19T01:33:47.000Z","volume":10000,"label":" ","price":5.81},{"type":"A","date":"2018-04-19T01:33:53.000Z","volume":2000,"label":" ","price":5.81},{"type":"B","date":"2018-04-19T01:34:00.000Z","volume":2000,"label":" ","price":5.8},{"type":"A","date":"2018-04-19T01:34:07.000Z","volume":8000,"label":" ","price":5.8},{"type":"A","date":"2018-04-19T01:34:24.000Z","volume":22000,"label":" ","price":5.81},{"type":"A","date":"2018-04-19T01:34:33.000Z","volume":30000,"label":" ","price":5.82},{"type":"A","date":"2018-04-19T01:34:33.000Z","volume":500,"label":" ","price":5.82},{"type":"A","date":"2018-04-19T01:34:48.000Z","volume":20000,"label":" ","price":5.82},{"type":"A","date":"2018-04-19T01:35:08.000Z","volume":4000,"label":" ","price":5.82},{"type":"A","date":"2018-04-19T01:35:13.000Z","volume":20000,"label":"Y","price":5.82},{"type":"A","date":"2018-04-19T01:35:25.000Z","volume":28000,"label":" ","price":5.82},{"type":"A","date":"2018-04-19T01:35:38.000Z","volume":5000,"label":" ","price":5.83},{"type":"B","date":"2018-04-19T01:35:54.000Z","volume":5000,"label":" ","price":5.82},{"type":"A","date":"2018-04-19T01:35:56.000Z","volume":15000,"label":" ","price":5.82},{"type":"A","date":"2018-04-19T01:35:56.000Z","volume":5000,"label":" ","price":5.83},{"type":"A","date":"2018-04-19T01:37:03.000Z","volume":20000,"label":" ","price":5.83},{"type":"A","date":"2018-04-19T01:37:10.000Z","volume":10000,"label":" ","price":5.83},{"type":"A","date":"2018-04-19T01:37:14.000Z","volume":10000,"label":" ","price":5.83},{"type":"A","date":"2018-04-19T01:37:38.000Z","volume":15000,"label":" ","price":5.83},{"type":"A","date":"2018-04-19T01:37:40.000Z","volume":500,"label":" ","price":5.83},{"type":"A","date":"2018-04-19T01:38:03.000Z","volume":17500,"label":" ","price":5.83},{"type":"A","date":"2018-04-19T01:38:13.000Z","volume":12500,"label":" ","price":5.83},{"type":"A","date":"2018-04-19T01:38:43.000Z","volume":500,"label":" ","price":5.83},{"type":"A","date":"2018-04-19T01:38:54.000Z","volume":500,"label":" ","price":5.83},{"type":"A","date":"2018-04-19T01:38:56.000Z","volume":15500,"label":" ","price":5.83},{"type":"A","date":"2018-04-19T01:39:13.000Z","volume":20000,"label":" ","price":5.83},{"type":"A","date":"2018-04-19T01:40:05.000Z","volume":4500,"label":" ","price":5.83},{"type":"B","date":"2018-04-19T01:40:17.000Z","volume":12500,"label":" ","price":5.81},{"type":"A","date":"2018-04-19T01:41:46.000Z","volume":500,"label":" ","price":5.81},{"type":"A","date":"2018-04-19T01:41:46.000Z","volume":10000,"label":" ","price":5.82},{"type":"A","date":"2018-04-19T01:41:46.000Z","volume":29500,"label":" ","price":5.83},{"type":"A","date":"2018-04-19T01:42:13.000Z","volume":19500,"label":" ","price":5.83},{"type":"A","date":"2018-04-19T01:42:13.000Z","volume":40000,"label":" ","price":5.84},{"type":"A","date":"2018-04-19T01:42:13.000Z","volume":20500,"label":" ","price":5.85},{"type":"A","date":"2018-04-19T01:42:28.000Z","volume":500,"label":" ","price":5.85},{"type":"A","date":"2018-04-19T01:42:59.000Z","volume":19000,"label":" ","price":5.85},{"type":"A","date":"2018-04-19T01:42:59.000Z","volume":500,"label":" ","price":5.86},{"type":"A","date":"2018-04-19T01:42:59.000Z","volume":500,"label":" ","price":5.89},{"type":"A","date":"2018-04-19T01:43:05.000Z","volume":2500,"label":" ","price":5.89},{"type":"A","date":"2018-04-19T01:43:05.000Z","volume":27500,"label":" ","price":5.9},{"type":"A","date":"2018-04-19T01:43:16.000Z","volume":7500,"label":" ","price":5.9},{"type":"A","date":"2018-04-19T01:43:24.000Z","volume":1500,"label":" ","price":5.9},{"type":"A","date":"2018-04-19T01:43:30.000Z","volume":3500,"label":" ","price":5.9},{"type":"B","date":"2018-04-19T01:43:55.000Z","volume":19000,"label":" ","price":5.9},{"type":"A","date":"2018-04-19T01:44:36.000Z","volume":10000,"label":" ","price":5.89},{"type":"B","date":"2018-04-19T01:44:43.000Z","volume":10000,"label":" ","price":5.89},{"type":"B","date":"2018-04-19T01:44:44.000Z","volume":10000,"label":" ","price":5.89},{"type":"A","date":"2018-04-19T01:44:46.000Z","volume":10000,"label":" ","price":5.9},{"type":"A","date":"2018-04-19T01:44:53.000Z","volume":1000,"label":" ","price":5.9},{"type":"A","date":"2018-04-19T01:45:10.000Z","volume":20000,"label":" ","price":5.9},{"type":"A","date":"2018-04-19T01:45:10.000Z","volume":1000,"label":" ","price":5.93},{"type":"A","date":"2018-04-19T01:45:10.000Z","volume":1000,"label":" ","price":5.94},{"type":"A","date":"2018-04-19T01:45:10.000Z","volume":3500,"label":" ","price":5.95},{"type":"A","date":"2018-04-19T01:45:10.000Z","volume":14500,"label":" ","price":5.96},{"type":"A","date":"2018-04-19T01:46:34.000Z","volume":1000,"label":" ","price":5.94},{"type":"A","date":"2018-04-19T01:46:43.000Z","volume":2000,"label":" ","price":5.94},{"type":"A","date":"2018-04-19T01:46:43.000Z","volume":3000,"label":" ","price":5.95},{"type":"A","date":"2018-04-19T01:46:43.000Z","volume":37000,"label":" ","price":5.95},{"type":"A","date":"2018-04-19T01:46:47.000Z","volume":7500,"label":" ","price":5.96},{"type":"A","date":"2018-04-19T01:47:08.000Z","volume":500,"label":" ","price":5.99},{"type":"A","date":"2018-04-19T01:47:10.000Z","volume":30000,"label":" ","price":6},{"type":"B","date":"2018-04-19T01:47:26.000Z","volume":7000,"label":" ","price":5.99},{"type":"A","date":"2018-04-19T01:48:15.000Z","volume":5000,"label":" ","price":5.99},{"type":"A","date":"2018-04-19T01:48:57.000Z","volume":8000,"label":" ","price":5.99},{"type":"A","date":"2018-04-19T01:48:58.000Z","volume":5500,"label":" ","price":6},{"type":"A","date":"2018-04-19T01:49:14.000Z","volume":10000,"label":" ","price":6.01},{"type":"B","date":"2018-04-19T01:49:17.000Z","volume":2000,"label":" ","price":6},{"type":"B","date":"2018-04-19T01:49:17.000Z","volume":28000,"label":" ","price":6},{"type":"A","date":"2018-04-19T01:50:02.000Z","volume":7000,"label":" ","price":6.01},{"type":"A","date":"2018-04-19T01:50:02.000Z","volume":3000,"label":" ","price":6.02},{"type":"B","date":"2018-04-19T01:50:07.000Z","volume":1000,"label":" ","price":6},{"type":"A","date":"2018-04-19T01:50:40.000Z","volume":4000,"label":" ","price":6.02},{"type":"A","date":"2018-04-19T01:50:57.000Z","volume":2000,"label":" ","price":6.02},{"type":"A","date":"2018-04-19T01:51:15.000Z","volume":30000,"label":" ","price":6.02},{"type":"B","date":"2018-04-19T01:51:31.000Z","volume":1000,"label":" ","price":6},{"type":"B","date":"2018-04-19T01:52:23.000Z","volume":2000,"label":" ","price":6},{"type":"B","date":"2018-04-19T01:52:57.000Z","volume":5000,"label":" ","price":5.99},{"type":"B","date":"2018-04-19T01:52:57.000Z","volume":5000,"label":" ","price":5.98},{"type":"B","date":"2018-04-19T01:53:10.000Z","volume":2000,"label":" ","price":5.98},{"type":"B","date":"2018-04-19T01:53:10.000Z","volume":2500,"label":" ","price":5.97},{"type":"B","date":"2018-04-19T01:53:10.000Z","volume":500,"label":" ","price":5.95},{"type":"A","date":"2018-04-19T01:54:00.000Z","volume":10000,"label":" ","price":5.98},{"type":"B","date":"2018-04-19T01:54:04.000Z","volume":1500,"label":" ","price":5.95},{"type":"B","date":"2018-04-19T01:54:07.000Z","volume":2000,"label":" ","price":5.94},{"type":"A","date":"2018-04-19T01:54:23.000Z","volume":10000,"label":" ","price":5.96},{"type":"A","date":"2018-04-19T01:55:31.000Z","volume":3000,"label":" ","price":5.96},{"type":"A","date":"2018-04-19T01:55:31.000Z","volume":17000,"label":" ","price":5.97},{"type":"A","date":"2018-04-19T01:55:46.000Z","volume":10000,"label":" ","price":5.97},{"type":"A","date":"2018-04-19T01:56:29.000Z","volume":500,"label":" ","price":5.96},{"type":"A","date":"2018-04-19T01:56:38.000Z","volume":4000,"label":" ","price":5.96},{"type":"A","date":"2018-04-19T01:56:48.000Z","volume":10000,"label":" ","price":5.97},{"type":"A","date":"2018-04-19T01:56:52.000Z","volume":20000,"label":" ","price":5.97},{"type":"B","date":"2018-04-19T01:57:16.000Z","volume":50000,"label":" ","price":5.97},{"type":"B","date":"2018-04-19T01:57:20.000Z","volume":30000,"label":" ","price":5.97},{"type":"B","date":"2018-04-19T01:57:23.000Z","volume":10000,"label":" ","price":5.97},{"type":"B","date":"2018-04-19T01:57:50.000Z","volume":10000,"label":" ","price":5.97},{"type":"A","date":"2018-04-19T01:57:55.000Z","volume":4500,"label":" ","price":5.98},{"type":"B","date":"2018-04-19T01:58:13.000Z","volume":6500,"label":" ","price":5.97},{"type":"A","date":"2018-04-19T01:58:57.000Z","volume":2500,"label":" ","price":5.98},{"type":"A","date":"2018-04-19T01:58:57.000Z","volume":5000,"label":" ","price":5.99},{"type":"A","date":"2018-04-19T01:58:57.000Z","volume":2500,"label":" ","price":6},{"type":"B","date":"2018-04-19T01:59:02.000Z","volume":2000,"label":" ","price":5.97},{"type":"B","date":"2018-04-19T01:59:36.000Z","volume":3000,"label":" ","price":5.96},{"type":"A","date":"2018-04-19T01:59:40.000Z","volume":50000,"label":" ","price":5.99},{"type":"A","date":"2018-04-19T02:01:39.000Z","volume":500,"label":" ","price":5.99},{"type":"A","date":"2018-04-19T02:02:00.000Z","volume":6000,"label":" ","price":5.99},{"type":"A","date":"2018-04-19T02:02:45.000Z","volume":8000,"label":" ","price":5.99},{"type":"A","date":"2018-04-19T02:03:24.000Z","volume":1000,"label":" ","price":5.97},{"type":"A","date":"2018-04-19T02:03:38.000Z","volume":19000,"label":" ","price":5.97},{"type":"A","date":"2018-04-19T02:03:38.000Z","volume":31000,"label":" ","price":5.99},{"type":"A","date":"2018-04-19T02:03:55.000Z","volume":1000,"label":" ","price":5.98},{"type":"A","date":"2018-04-19T02:03:55.000Z","volume":19000,"label":" ","price":5.99},{"type":"A","date":"2018-04-19T02:04:42.000Z","volume":1000,"label":" ","price":5.99},{"type":"A","date":"2018-04-19T02:05:04.000Z","volume":1000,"label":" ","price":5.99},{"type":"A","date":"2018-04-19T02:05:54.000Z","volume":20000,"label":" ","price":5.99},{"type":"A","date":"2018-04-19T02:05:57.000Z","volume":15000,"label":" ","price":5.99},{"type":"A","date":"2018-04-19T02:06:00.000Z","volume":15000,"label":" ","price":5.99},{"type":"A","date":"2018-04-19T02:06:59.000Z","volume":1000,"label":" ","price":5.99},{"type":"A","date":"2018-04-19T02:07:01.000Z","volume":30000,"label":" ","price":5.99},{"type":"A","date":"2018-04-19T02:08:33.000Z","volume":1000,"label":" ","price":5.98},{"type":"B","date":"2018-04-19T02:08:51.000Z","volume":5000,"label":" ","price":5.95},{"type":"B","date":"2018-04-19T02:10:30.000Z","volume":1000,"label":" ","price":5.95},{"type":"A","date":"2018-04-19T02:12:44.000Z","volume":1000,"label":" ","price":5.96},{"type":"B","date":"2018-04-19T02:14:03.000Z","volume":2000,"label":" ","price":5.95},{"type":"B","date":"2018-04-19T02:14:19.000Z","volume":1000,"label":" ","price":5.95},{"type":"B","date":"2018-04-19T02:15:41.000Z","volume":9000,"label":" ","price":5.95},{"type":"B","date":"2018-04-19T02:15:51.000Z","volume":1000,"label":" ","price":5.95},{"type":"B","date":"2018-04-19T02:16:43.000Z","volume":4000,"label":" ","price":5.94},{"type":"B","date":"2018-04-19T02:16:43.000Z","volume":12000,"label":" ","price":5.93},{"type":"A","date":"2018-04-19T02:17:40.000Z","volume":4500,"label":" ","price":5.93},{"type":"A","date":"2018-04-19T02:17:40.000Z","volume":500,"label":" ","price":5.94},{"type":"B","date":"2018-04-19T02:20:08.000Z","volume":3500,"label":" ","price":5.92},{"type":"B","date":"2018-04-19T02:20:11.000Z","volume":500,"label":" ","price":5.92},{"type":"A","date":"2018-04-19T02:20:27.000Z","volume":5000,"label":" ","price":5.94},{"type":"A","date":"2018-04-19T02:20:38.000Z","volume":5000,"label":" ","price":5.94},{"type":"A","date":"2018-04-19T02:20:52.000Z","volume":60000,"label":" ","price":5.94},{"type":"A","date":"2018-04-19T02:21:30.000Z","volume":10000,"label":" ","price":5.94},{"type":"A","date":"2018-04-19T02:21:47.000Z","volume":20000,"label":" ","price":5.94},{"type":"A","date":"2018-04-19T02:21:56.000Z","volume":5000,"label":" ","price":5.94},{"type":"A","date":"2018-04-19T02:22:06.000Z","volume":8000,"label":" ","price":5.94},{"type":"A","date":"2018-04-19T02:22:08.000Z","volume":5000,"label":" ","price":5.94},{"type":"A","date":"2018-04-19T02:23:17.000Z","volume":5000,"label":" ","price":5.94},{"type":"A","date":"2018-04-19T02:24:02.000Z","volume":8000,"label":" ","price":5.94},{"type":"A","date":"2018-04-19T02:24:02.000Z","volume":500,"label":" ","price":5.94},{"type":"A","date":"2018-04-19T02:24:29.000Z","volume":500,"label":" ","price":5.95},{"type":"A","date":"2018-04-19T02:26:03.000Z","volume":500,"label":" ","price":5.95},{"type":"A","date":"2018-04-19T02:26:34.000Z","volume":1000,"label":" ","price":5.95},{"type":"A","date":"2018-04-19T02:28:08.000Z","volume":1000,"label":" ","price":5.94},{"type":"A","date":"2018-04-19T02:28:33.000Z","volume":20000,"label":" ","price":5.94},{"type":"A","date":"2018-04-19T02:28:40.000Z","volume":10000,"label":" ","price":5.94},{"type":"A","date":"2018-04-19T02:28:40.000Z","volume":1000,"label":" ","price":5.94},{"type":"A","date":"2018-04-19T02:28:54.000Z","volume":30000,"label":" ","price":5.94},{"type":"A","date":"2018-04-19T02:29:42.000Z","volume":22000,"label":" ","price":5.94},{"type":"A","date":"2018-04-19T02:30:54.000Z","volume":1000,"label":" ","price":5.95},{"type":"B","date":"2018-04-19T02:31:55.000Z","volume":10000,"label":" ","price":5.92},{"type":"A","date":"2018-04-19T02:32:28.000Z","volume":1000,"label":" ","price":5.95},{"type":"A","date":"2018-04-19T02:33:04.000Z","volume":1000,"label":" ","price":5.95},{"type":"A","date":"2018-04-19T02:33:16.000Z","volume":7000,"label":" ","price":5.95},{"type":"A","date":"2018-04-19T02:33:16.000Z","volume":1000,"label":"Y","price":5.96},{"type":"A","date":"2018-04-19T02:33:47.000Z","volume":10000,"label":" ","price":5.96},{"type":"A","date":"2018-04-19T02:34:59.000Z","volume":1000,"label":" ","price":5.96},{"type":"A","date":"2018-04-19T02:36:28.000Z","volume":1000,"label":" ","price":5.96},{"type":"A","date":"2018-04-19T02:36:59.000Z","volume":1000,"label":" ","price":5.96},{"type":"A","date":"2018-04-19T02:39:19.000Z","volume":1000,"label":" ","price":5.95},{"type":"A","date":"2018-04-19T02:40:53.000Z","volume":1000,"label":" ","price":5.95},{"type":"A","date":"2018-04-19T02:41:29.000Z","volume":1000,"label":" ","price":5.94},{"type":"A","date":"2018-04-19T02:41:43.000Z","volume":5000,"label":" ","price":5.94},{"type":"B","date":"2018-04-19T02:41:44.000Z","volume":3000,"label":" ","price":5.92},{"type":"A","date":"2018-04-19T02:41:47.000Z","volume":8000,"label":" ","price":5.94},{"type":"A","date":"2018-04-19T02:41:59.000Z","volume":6000,"label":" ","price":5.94},{"type":"A","date":"2018-04-19T02:42:35.000Z","volume":16000,"label":" ","price":5.94},{"type":"A","date":"2018-04-19T02:43:13.000Z","volume":500,"label":" ","price":5.94},{"type":"A","date":"2018-04-19T02:43:16.000Z","volume":20000,"label":" ","price":5.94},{"type":"A","date":"2018-04-19T02:44:18.000Z","volume":26500,"label":" ","price":5.94},{"type":"A","date":"2018-04-19T02:44:18.000Z","volume":33500,"label":" ","price":5.95},{"type":"A","date":"2018-04-19T02:44:45.000Z","volume":10000,"label":" ","price":5.95},{"type":"A","date":"2018-04-19T02:45:44.000Z","volume":40000,"label":" ","price":5.95},{"type":"A","date":"2018-04-19T02:46:17.000Z","volume":25000,"label":" ","price":5.95},{"type":"A","date":"2018-04-19T02:47:14.000Z","volume":500,"label":" ","price":5.95},{"type":"A","date":"2018-04-19T02:47:43.000Z","volume":1000,"label":" ","price":5.95},{"type":"A","date":"2018-04-19T02:48:24.000Z","volume":1000,"label":" ","price":5.95},{"type":"A","date":"2018-04-19T02:48:54.000Z","volume":30000,"label":" ","price":5.95},{"type":"A","date":"2018-04-19T02:50:14.000Z","volume":4000,"label":" ","price":5.95},{"type":"A","date":"2018-04-19T02:50:34.000Z","volume":1000,"label":" ","price":5.96},{"type":"A","date":"2018-04-19T02:50:39.000Z","volume":1000,"label":" ","price":5.98},{"type":"A","date":"2018-04-19T02:52:08.000Z","volume":1000,"label":" ","price":5.98},{"type":"A","date":"2018-04-19T02:52:30.000Z","volume":13000,"label":" ","price":5.98},{"type":"A","date":"2018-04-19T02:52:41.000Z","volume":4000,"label":" ","price":6},{"type":"A","date":"2018-04-19T02:52:49.000Z","volume":1000,"label":" ","price":6},{"type":"A","date":"2018-04-19T02:53:15.000Z","volume":50000,"label":" ","price":6},{"type":"A","date":"2018-04-19T02:53:15.000Z","volume":50000,"label":" ","price":6},{"type":"A","date":"2018-04-19T02:55:13.000Z","volume":1000,"label":" ","price":6.01},{"type":"B","date":"2018-04-19T02:56:24.000Z","volume":5000,"label":" ","price":6},{"type":"B","date":"2018-04-19T02:56:47.000Z","volume":10000,"label":" ","price":6},{"type":"B","date":"2018-04-19T02:57:16.000Z","volume":1500,"label":" ","price":6},{"type":"A","date":"2018-04-19T02:58:53.000Z","volume":5500,"label":" ","price":6},{"type":"B","date":"2018-04-19T02:59:11.000Z","volume":15000,"label":" ","price":6},{"type":"B","date":"2018-04-19T02:59:46.000Z","volume":1000,"label":" ","price":6},{"type":"A","date":"2018-04-19T03:02:13.000Z","volume":6000,"label":" ","price":5.99},{"type":"A","date":"2018-04-19T03:02:25.000Z","volume":20000,"label":" ","price":5.99},{"type":"B","date":"2018-04-19T03:04:22.000Z","volume":10000,"label":" ","price":5.97},{"type":"A","date":"2018-04-19T03:05:09.000Z","volume":1000,"label":" ","price":5.99},{"type":"B","date":"2018-04-19T03:06:11.000Z","volume":3500,"label":" ","price":5.97},{"type":"A","date":"2018-04-19T03:06:57.000Z","volume":7000,"label":" ","price":5.97},{"type":"A","date":"2018-04-19T03:06:57.000Z","volume":23000,"label":" ","price":5.98},{"type":"A","date":"2018-04-19T03:07:15.000Z","volume":7500,"label":" ","price":5.98},{"type":"A","date":"2018-04-19T03:07:18.000Z","volume":10000,"label":" ","price":5.98},{"type":"A","date":"2018-04-19T03:07:21.000Z","volume":5000,"label":" ","price":5.98},{"type":"A","date":"2018-04-19T03:07:31.000Z","volume":17500,"label":" ","price":5.98},{"type":"B","date":"2018-04-19T03:08:27.000Z","volume":3000,"label":" ","price":5.96},{"type":"B","date":"2018-04-19T03:10:19.000Z","volume":2000,"label":" ","price":5.96},{"type":"A","date":"2018-04-19T03:15:00.000Z","volume":2000,"label":" ","price":5.98},{"type":"A","date":"2018-04-19T03:15:06.000Z","volume":3000,"label":" ","price":5.98},{"type":"A","date":"2018-04-19T03:15:29.000Z","volume":500,"label":" ","price":5.98},{"type":"A","date":"2018-04-19T03:15:34.000Z","volume":8000,"label":" ","price":5.98},{"type":"A","date":"2018-04-19T03:15:42.000Z","volume":7000,"label":" ","price":5.98},{"type":"A","date":"2018-04-19T03:15:49.000Z","volume":6500,"label":" ","price":5.98},{"type":"B","date":"2018-04-19T03:15:52.000Z","volume":3500,"label":" ","price":5.98},{"type":"B","date":"2018-04-19T03:17:07.000Z","volume":2000,"label":" ","price":5.95},{"type":"A","date":"2018-04-19T03:18:20.000Z","volume":13000,"label":" ","price":5.98},{"type":"A","date":"2018-04-19T03:19:07.000Z","volume":50000,"label":" ","price":5.98},{"type":"A","date":"2018-04-19T03:20:53.000Z","volume":40000,"label":" ","price":5.97},{"type":"A","date":"2018-04-19T03:22:13.000Z","volume":500,"label":" ","price":5.98},{"type":"B","date":"2018-04-19T03:22:18.000Z","volume":3000,"label":" ","price":5.95},{"type":"A","date":"2018-04-19T03:24:09.000Z","volume":20000,"label":" ","price":5.97},{"type":"A","date":"2018-04-19T03:24:23.000Z","volume":23000,"label":" ","price":5.97},{"type":"B","date":"2018-04-19T03:26:23.000Z","volume":2000,"label":" ","price":5.95},{"type":"B","date":"2018-04-19T03:29:57.000Z","volume":2000,"label":" ","price":5.95},{"type":"A","date":"2018-04-19T03:33:23.000Z","volume":500,"label":" ","price":5.98},{"type":"A","date":"2018-04-19T03:33:31.000Z","volume":23000,"label":" ","price":5.97},{"type":"A","date":"2018-04-19T03:33:38.000Z","volume":10000,"label":" ","price":5.97},{"type":"A","date":"2018-04-19T03:33:49.000Z","volume":41500,"label":" ","price":5.97},{"type":"B","date":"2018-04-19T03:34:44.000Z","volume":2000,"label":" ","price":5.95},{"type":"A","date":"2018-04-19T03:36:48.000Z","volume":50000,"label":" ","price":5.97},{"type":"A","date":"2018-04-19T03:38:12.000Z","volume":56500,"label":" ","price":5.97},{"type":"A","date":"2018-04-19T03:38:46.000Z","volume":20000,"label":" ","price":5.97},{"type":"A","date":"2018-04-19T03:38:50.000Z","volume":8000,"label":" ","price":5.97},{"type":"B","date":"2018-04-19T03:39:37.000Z","volume":5000,"label":" ","price":5.97},{"type":"A","date":"2018-04-19T03:39:37.000Z","volume":40000,"label":" ","price":5.97},{"type":"B","date":"2018-04-19T03:40:08.000Z","volume":5000,"label":" ","price":5.95},{"type":"B","date":"2018-04-19T03:43:36.000Z","volume":2000,"label":" ","price":5.95},{"type":"B","date":"2018-04-19T03:45:31.000Z","volume":5000,"label":" ","price":5.95},{"type":"A","date":"2018-04-19T03:46:17.000Z","volume":10000,"label":" ","price":5.97},{"type":"B","date":"2018-04-19T03:49:08.000Z","volume":3000,"label":" ","price":5.95},{"type":"B","date":"2018-04-19T03:49:43.000Z","volume":5000,"label":" ","price":5.95},{"type":"A","date":"2018-04-19T03:51:09.000Z","volume":60000,"label":" ","price":5.97},{"type":"B","date":"2018-04-19T03:52:44.000Z","volume":2000,"label":" ","price":5.95},{"type":"A","date":"2018-04-19T03:53:03.000Z","volume":10000,"label":" ","price":5.97},{"type":"A","date":"2018-04-19T03:53:07.000Z","volume":12000,"label":" ","price":5.97},{"type":"A","date":"2018-04-19T03:53:36.000Z","volume":16000,"label":" ","price":5.97},{"type":"A","date":"2018-04-19T03:53:45.000Z","volume":4000,"label":" ","price":5.97},{"type":"A","date":"2018-04-19T03:54:31.000Z","volume":18000,"label":" ","price":5.97},{"type":"A","date":"2018-04-19T03:55:54.000Z","volume":15000,"label":" ","price":5.97},{"type":"A","date":"2018-04-19T03:56:01.000Z","volume":5000,"label":" ","price":5.97},{"type":"B","date":"2018-04-19T03:56:06.000Z","volume":2000,"label":" ","price":5.95},{"type":"A","date":"2018-04-19T03:56:08.000Z","volume":10000,"label":" ","price":5.97},{"type":"A","date":"2018-04-19T03:56:28.000Z","volume":1500,"label":" ","price":5.97},{"type":"A","date":"2018-04-19T03:56:41.000Z","volume":8500,"label":" ","price":5.97},{"type":"A","date":"2018-04-19T03:57:01.000Z","volume":10000,"label":" ","price":5.97},{"type":"A","date":"2018-04-19T03:57:43.000Z","volume":27000,"label":" ","price":5.97},{"type":"A","date":"2018-04-19T03:59:26.000Z","volume":49500,"label":" ","price":5.98},{"type":"B","date":"2018-04-19T03:59:39.000Z","volume":1500,"label":" ","price":5.98},{"type":"B","date":"2018-04-19T03:59:39.000Z","volume":500,"label":" ","price":5.97},{"type":"B","date":"2018-04-19T05:00:30.000Z","volume":2000,"label":" ","price":5.98},{"type":"B","date":"2018-04-19T05:01:03.000Z","volume":1000,"label":" ","price":5.98},{"type":"B","date":"2018-04-19T05:01:03.000Z","volume":9000,"label":" ","price":5.94},{"type":"B","date":"2018-04-19T05:01:20.000Z","volume":11000,"label":" ","price":5.94},{"type":"B","date":"2018-04-19T05:01:20.000Z","volume":19000,"label":" ","price":5.93},{"type":"A","date":"2018-04-19T05:04:31.000Z","volume":50000,"label":" ","price":5.96},{"type":"A","date":"2018-04-19T05:04:31.000Z","volume":50000,"label":" ","price":5.98},{"type":"A","date":"2018-04-19T05:05:24.000Z","volume":28500,"label":" ","price":5.97},{"type":"A","date":"2018-04-19T05:05:24.000Z","volume":9500,"label":" ","price":5.98},{"type":"A","date":"2018-04-19T05:05:24.000Z","volume":500,"label":" ","price":5.98},{"type":"B","date":"2018-04-19T05:05:58.000Z","volume":4000,"label":" ","price":5.94},{"type":"B","date":"2018-04-19T05:05:58.000Z","volume":4000,"label":" ","price":5.93},{"type":"B","date":"2018-04-19T05:05:58.000Z","volume":2000,"label":" ","price":5.92},{"type":"A","date":"2018-04-19T05:07:04.000Z","volume":10000,"label":" ","price":5.97},{"type":"A","date":"2018-04-19T05:07:11.000Z","volume":19000,"label":" ","price":5.97},{"type":"A","date":"2018-04-19T05:07:15.000Z","volume":1000,"label":" ","price":5.97},{"type":"A","date":"2018-04-19T05:08:02.000Z","volume":20000,"label":" ","price":5.97},{"type":"A","date":"2018-04-19T05:08:52.000Z","volume":5000,"label":" ","price":5.97},{"type":"A","date":"2018-04-19T05:09:02.000Z","volume":5000,"label":" ","price":5.97},{"type":"A","date":"2018-04-19T05:09:17.000Z","volume":15000,"label":" ","price":5.97},{"type":"A","date":"2018-04-19T05:10:11.000Z","volume":22000,"label":" ","price":5.97},{"type":"A","date":"2018-04-19T05:10:28.000Z","volume":60000,"label":" ","price":5.97},{"type":"A","date":"2018-04-19T05:11:06.000Z","volume":23000,"label":" ","price":5.97},{"type":"B","date":"2018-04-19T05:11:25.000Z","volume":3000,"label":" ","price":5.94},{"type":"A","date":"2018-04-19T05:16:46.000Z","volume":15000,"label":" ","price":5.97},{"type":"A","date":"2018-04-19T05:16:59.000Z","volume":21500,"label":" ","price":5.97},{"type":"A","date":"2018-04-19T05:17:01.000Z","volume":500,"label":" ","price":5.97},{"type":"A","date":"2018-04-19T05:17:17.000Z","volume":500,"label":" ","price":5.97},{"type":"A","date":"2018-04-19T05:17:38.000Z","volume":20000,"label":" ","price":5.97},{"type":"A","date":"2018-04-19T05:17:38.000Z","volume":16500,"label":" ","price":5.97},{"type":"A","date":"2018-04-19T05:17:45.000Z","volume":4500,"label":" ","price":5.97},{"type":"A","date":"2018-04-19T05:17:54.000Z","volume":500,"label":" ","price":5.97},{"type":"A","date":"2018-04-19T05:18:08.000Z","volume":15000,"label":" ","price":5.97},{"type":"A","date":"2018-04-19T05:18:09.000Z","volume":22000,"label":" ","price":5.97},{"type":"A","date":"2018-04-19T05:19:50.000Z","volume":500,"label":" ","price":5.97},{"type":"B","date":"2018-04-19T05:21:06.000Z","volume":8000,"label":" ","price":5.95},{"type":"B","date":"2018-04-19T05:23:00.000Z","volume":2000,"label":" ","price":5.95},{"type":"A","date":"2018-04-19T05:24:54.000Z","volume":23000,"label":" ","price":5.97},{"type":"A","date":"2018-04-19T05:26:21.000Z","volume":37000,"label":" ","price":5.97},{"type":"A","date":"2018-04-19T05:26:27.000Z","volume":16000,"label":" ","price":5.97},{"type":"A","date":"2018-04-19T05:26:32.000Z","volume":5000,"label":" ","price":5.97},{"type":"B","date":"2018-04-19T05:27:40.000Z","volume":2000,"label":" ","price":5.95},{"type":"A","date":"2018-04-19T05:29:04.000Z","volume":14000,"label":" ","price":5.97},{"type":"A","date":"2018-04-19T05:29:14.000Z","volume":36000,"label":" ","price":5.97},{"type":"A","date":"2018-04-19T05:30:14.000Z","volume":12000,"label":" ","price":5.96},{"type":"A","date":"2018-04-19T05:30:17.000Z","volume":20000,"label":" ","price":5.96},{"type":"A","date":"2018-04-19T05:30:19.000Z","volume":8000,"label":" ","price":5.96},{"type":"B","date":"2018-04-19T05:31:10.000Z","volume":7000,"label":" ","price":5.95},{"type":"A","date":"2018-04-19T05:31:50.000Z","volume":8000,"label":" ","price":5.97},{"type":"A","date":"2018-04-19T05:32:45.000Z","volume":10000,"label":" ","price":5.97},{"type":"A","date":"2018-04-19T05:32:47.000Z","volume":5000,"label":" ","price":5.97},{"type":"A","date":"2018-04-19T05:32:52.000Z","volume":7500,"label":" ","price":5.97},{"type":"A","date":"2018-04-19T05:32:56.000Z","volume":6000,"label":" ","price":5.97},{"type":"A","date":"2018-04-19T05:33:08.000Z","volume":7000,"label":" ","price":5.97},{"type":"A","date":"2018-04-19T05:33:12.000Z","volume":4500,"label":" ","price":5.97},{"type":"A","date":"2018-04-19T05:33:54.000Z","volume":20000,"label":" ","price":5.97},{"type":"A","date":"2018-04-19T05:33:59.000Z","volume":12000,"label":" ","price":5.97},{"type":"A","date":"2018-04-19T05:34:05.000Z","volume":8000,"label":" ","price":5.97},{"type":"A","date":"2018-04-19T05:35:03.000Z","volume":12500,"label":" ","price":5.97},{"type":"B","date":"2018-04-19T05:35:12.000Z","volume":19500,"label":" ","price":5.97},{"type":"A","date":"2018-04-19T05:39:42.000Z","volume":20000,"label":" ","price":5.97},{"type":"A","date":"2018-04-19T05:40:02.000Z","volume":20000,"label":" ","price":5.97},{"type":"B","date":"2018-04-19T05:40:24.000Z","volume":2000,"label":" ","price":5.95},{"type":"A","date":"2018-04-19T05:42:09.000Z","volume":15000,"label":" ","price":5.97},{"type":"A","date":"2018-04-19T05:42:16.000Z","volume":5000,"label":" ","price":5.97},{"type":"A","date":"2018-04-19T05:42:24.000Z","volume":10000,"label":" ","price":5.97},{"type":"A","date":"2018-04-19T05:42:42.000Z","volume":54000,"label":" ","price":5.97},{"type":"B","date":"2018-04-19T05:44:37.000Z","volume":3000,"label":" ","price":5.95},{"type":"A","date":"2018-04-19T05:45:06.000Z","volume":58500,"label":" ","price":5.97},{"type":"B","date":"2018-04-19T05:46:10.000Z","volume":2000,"label":" ","price":5.95},{"type":"A","date":"2018-04-19T05:46:12.000Z","volume":15000,"label":" ","price":5.97},{"type":"B","date":"2018-04-19T05:47:02.000Z","volume":2000,"label":" ","price":5.95},{"type":"A","date":"2018-04-19T05:49:19.000Z","volume":36500,"label":" ","price":5.95},{"type":"A","date":"2018-04-19T05:50:03.000Z","volume":11500,"label":" ","price":5.95},{"type":"A","date":"2018-04-19T05:51:43.000Z","volume":15000,"label":" ","price":5.96},{"type":"B","date":"2018-04-19T05:51:53.000Z","volume":4000,"label":" ","price":5.94},{"type":"B","date":"2018-04-19T05:51:53.000Z","volume":1500,"label":" ","price":5.92},{"type":"B","date":"2018-04-19T05:51:53.000Z","volume":3500,"label":" ","price":5.91},{"type":"B","date":"2018-04-19T05:51:53.000Z","volume":1000,"label":" ","price":5.9},{"type":"A","date":"2018-04-19T05:52:43.000Z","volume":32000,"label":" ","price":5.96},{"type":"A","date":"2018-04-19T05:52:56.000Z","volume":8000,"label":" ","price":5.96},{"type":"A","date":"2018-04-19T05:53:48.000Z","volume":10000,"label":" ","price":5.96},{"type":"A","date":"2018-04-19T05:53:51.000Z","volume":5000,"label":" ","price":5.96},{"type":"A","date":"2018-04-19T05:53:56.000Z","volume":15000,"label":" ","price":5.96},{"type":"A","date":"2018-04-19T05:54:00.000Z","volume":3000,"label":" ","price":5.96},{"type":"A","date":"2018-04-19T05:54:02.000Z","volume":7000,"label":" ","price":5.96},{"type":"A","date":"2018-04-19T05:56:07.000Z","volume":10000,"label":" ","price":5.96},{"type":"B","date":"2018-04-19T05:56:14.000Z","volume":2000,"label":" ","price":5.94},{"type":"A","date":"2018-04-19T05:56:23.000Z","volume":15000,"label":" ","price":5.96},{"type":"B","date":"2018-04-19T05:56:36.000Z","volume":500,"label":" ","price":5.94},{"type":"B","date":"2018-04-19T05:56:36.000Z","volume":7000,"label":" ","price":5.91},{"type":"B","date":"2018-04-19T05:56:36.000Z","volume":2500,"label":" ","price":5.9},{"type":"A","date":"2018-04-19T05:57:59.000Z","volume":4500,"label":" ","price":5.95},{"type":"A","date":"2018-04-19T05:57:59.000Z","volume":10000,"label":" ","price":5.96},{"type":"B","date":"2018-04-19T06:00:05.000Z","volume":2000,"label":" ","price":5.94},{"type":"B","date":"2018-04-19T06:00:05.000Z","volume":5000,"label":" ","price":5.91},{"type":"B","date":"2018-04-19T06:00:05.000Z","volume":3000,"label":" ","price":5.9},{"type":"B","date":"2018-04-19T06:04:16.000Z","volume":1000,"label":" ","price":5.9},{"type":"A","date":"2018-04-19T06:04:22.000Z","volume":30000,"label":" ","price":5.92},{"type":"A","date":"2018-04-19T06:04:54.000Z","volume":500,"label":" ","price":5.93},{"type":"A","date":"2018-04-19T06:07:39.000Z","volume":19500,"label":" ","price":5.92},{"type":"A","date":"2018-04-19T06:07:39.000Z","volume":500,"label":" ","price":5.93},{"type":"A","date":"2018-04-19T06:07:39.000Z","volume":20000,"label":" ","price":5.94},{"type":"A","date":"2018-04-19T06:07:44.000Z","volume":500,"label":" ","price":5.94},{"type":"A","date":"2018-04-19T06:10:39.000Z","volume":1000,"label":" ","price":5.94},{"type":"A","date":"2018-04-19T06:11:16.000Z","volume":1500,"label":" ","price":5.93},{"type":"A","date":"2018-04-19T06:11:16.000Z","volume":4500,"label":" ","price":5.94},{"type":"A","date":"2018-04-19T06:11:27.000Z","volume":2000,"label":" ","price":5.94},{"type":"B","date":"2018-04-19T06:11:48.000Z","volume":500,"label":" ","price":5.94},{"type":"B","date":"2018-04-19T06:11:48.000Z","volume":4500,"label":" ","price":5.94},{"type":"B","date":"2018-04-19T06:13:15.000Z","volume":1000,"label":" ","price":5.94},{"type":"A","date":"2018-04-19T06:13:22.000Z","volume":20000,"label":" ","price":5.94},{"type":"A","date":"2018-04-19T06:13:29.000Z","volume":4000,"label":" ","price":5.94},{"type":"A","date":"2018-04-19T06:13:40.000Z","volume":6000,"label":" ","price":5.94},{"type":"A","date":"2018-04-19T06:14:00.000Z","volume":50000,"label":" ","price":5.94},{"type":"A","date":"2018-04-19T06:14:25.000Z","volume":40000,"label":" ","price":5.94},{"type":"A","date":"2018-04-19T06:15:42.000Z","volume":1500,"label":" ","price":5.94},{"type":"B","date":"2018-04-19T06:15:42.000Z","volume":2000,"label":" ","price":5.94},{"type":"B","date":"2018-04-19T06:16:57.000Z","volume":500,"label":" ","price":5.94},{"type":"A","date":"2018-04-19T06:19:25.000Z","volume":15000,"label":" ","price":5.93},{"type":"A","date":"2018-04-19T06:19:35.000Z","volume":15000,"label":" ","price":5.93},{"type":"A","date":"2018-04-19T06:21:16.000Z","volume":10000,"label":" ","price":5.93},{"type":"B","date":"2018-04-19T06:21:35.000Z","volume":4000,"label":" ","price":5.91},{"type":"B","date":"2018-04-19T06:21:35.000Z","volume":2000,"label":" ","price":5.9},{"type":"A","date":"2018-04-19T06:21:38.000Z","volume":6000,"label":" ","price":5.91},{"type":"A","date":"2018-04-19T06:21:38.000Z","volume":4000,"label":" ","price":5.93},{"type":"A","date":"2018-04-19T06:27:04.000Z","volume":500,"label":" ","price":5.93},{"type":"A","date":"2018-04-19T06:29:49.000Z","volume":1000,"label":" ","price":5.92},{"type":"A","date":"2018-04-19T06:31:00.000Z","volume":8000,"label":" ","price":5.92},{"type":"A","date":"2018-04-19T06:31:00.000Z","volume":22000,"label":" ","price":5.92},{"type":"B","date":"2018-04-19T06:31:39.000Z","volume":5000,"label":" ","price":5.9},{"type":"A","date":"2018-04-19T06:31:58.000Z","volume":500,"label":" ","price":5.92},{"type":"A","date":"2018-04-19T06:32:25.000Z","volume":80000,"label":" ","price":5.92},{"type":"A","date":"2018-04-19T06:32:39.000Z","volume":20000,"label":" ","price":5.92},{"type":"B","date":"2018-04-19T06:33:15.000Z","volume":3000,"label":" ","price":5.9},{"type":"A","date":"2018-04-19T06:34:05.000Z","volume":5000,"label":" ","price":5.92},{"type":"B","date":"2018-04-19T06:34:36.000Z","volume":500,"label":" ","price":5.9},{"type":"A","date":"2018-04-19T06:35:52.000Z","volume":14000,"label":" ","price":5.91},{"type":"A","date":"2018-04-19T06:36:07.000Z","volume":11000,"label":" ","price":5.91},{"type":"A","date":"2018-04-19T06:36:19.000Z","volume":10000,"label":" ","price":5.91},{"type":"B","date":"2018-04-19T06:36:30.000Z","volume":10000,"label":" ","price":5.9},{"type":"B","date":"2018-04-19T06:36:43.000Z","volume":2000,"label":" ","price":5.9},{"type":"A","date":"2018-04-19T06:36:48.000Z","volume":30000,"label":" ","price":5.91},{"type":"A","date":"2018-04-19T06:42:14.000Z","volume":500,"label":" ","price":5.91},{"type":"B","date":"2018-04-19T06:42:34.000Z","volume":10000,"label":" ","price":5.9},{"type":"B","date":"2018-04-19T06:42:41.000Z","volume":10000,"label":" ","price":5.9},{"type":"B","date":"2018-04-19T06:42:48.000Z","volume":10000,"label":" ","price":5.9},{"type":"B","date":"2018-04-19T06:43:38.000Z","volume":4000,"label":" ","price":5.9},{"type":"A","date":"2018-04-19T06:45:50.000Z","volume":70000,"label":" ","price":5.91},{"type":"A","date":"2018-04-19T06:46:11.000Z","volume":500,"label":" ","price":5.92},{"type":"B","date":"2018-04-19T06:46:25.000Z","volume":1000,"label":" ","price":5.91},{"type":"A","date":"2018-04-19T06:46:25.000Z","volume":500,"label":" ","price":5.91},{"type":"A","date":"2018-04-19T06:49:20.000Z","volume":20000,"label":" ","price":5.91},{"type":"A","date":"2018-04-19T06:49:22.000Z","volume":20000,"label":" ","price":5.91},{"type":"A","date":"2018-04-19T06:49:52.000Z","volume":1000,"label":" ","price":5.91},{"type":"A","date":"2018-04-19T06:50:19.000Z","volume":500,"label":" ","price":5.91},{"type":"A","date":"2018-04-19T06:50:52.000Z","volume":20000,"label":" ","price":5.91},{"type":"A","date":"2018-04-19T06:50:52.000Z","volume":500,"label":" ","price":5.91},{"type":"A","date":"2018-04-19T06:51:00.000Z","volume":10000,"label":" ","price":5.91},{"type":"A","date":"2018-04-19T06:51:55.000Z","volume":12500,"label":" ","price":5.91},{"type":"A","date":"2018-04-19T06:52:10.000Z","volume":7500,"label":" ","price":5.91},{"type":"A","date":"2018-04-19T06:52:23.000Z","volume":3500,"label":" ","price":5.91},{"type":"A","date":"2018-04-19T06:52:37.000Z","volume":6500,"label":" ","price":5.91},{"type":"A","date":"2018-04-19T06:52:52.000Z","volume":40000,"label":" ","price":5.91},{"type":"A","date":"2018-04-19T06:52:52.000Z","volume":1000,"label":" ","price":5.92},{"type":"B","date":"2018-04-19T06:54:01.000Z","volume":10000,"label":" ","price":5.91},{"type":"B","date":"2018-04-19T06:54:02.000Z","volume":4000,"label":" ","price":5.91},{"type":"A","date":"2018-04-19T06:54:15.000Z","volume":6000,"label":" ","price":5.91},{"type":"A","date":"2018-04-19T06:54:24.000Z","volume":34000,"label":" ","price":5.92},{"type":"A","date":"2018-04-19T06:55:48.000Z","volume":15000,"label":" ","price":5.92},{"type":"B","date":"2018-04-19T06:56:16.000Z","volume":10000,"label":" ","price":5.9},{"type":"B","date":"2018-04-19T06:56:22.000Z","volume":10000,"label":" ","price":5.9},{"type":"A","date":"2018-04-19T06:56:35.000Z","volume":20000,"label":" ","price":5.92},{"type":"B","date":"2018-04-19T06:56:53.000Z","volume":10000,"label":" ","price":5.9},{"type":"A","date":"2018-04-19T06:57:59.000Z","volume":10000,"label":" ","price":5.92},{"type":"A","date":"2018-04-19T07:00:36.000Z","volume":13500,"label":" ","price":5.92},{"type":"A","date":"2018-04-19T07:00:43.000Z","volume":6000,"label":" ","price":5.92},{"type":"A","date":"2018-04-19T07:02:05.000Z","volume":37500,"label":" ","price":5.92},{"type":"A","date":"2018-04-19T07:03:14.000Z","volume":500,"label":" ","price":5.91},{"type":"A","date":"2018-04-19T07:05:13.000Z","volume":500,"label":" ","price":5.92},{"type":"A","date":"2018-04-19T07:05:54.000Z","volume":1000,"label":" ","price":5.92},{"type":"A","date":"2018-04-19T07:07:50.000Z","volume":30000,"label":" ","price":5.92},{"type":"A","date":"2018-04-19T07:08:04.000Z","volume":5000,"label":" ","price":5.92},{"type":"A","date":"2018-04-19T07:08:13.000Z","volume":1000,"label":" ","price":5.92},{"type":"A","date":"2018-04-19T07:10:03.000Z","volume":1000,"label":" ","price":5.91},{"type":"A","date":"2018-04-19T07:10:44.000Z","volume":1000,"label":" ","price":5.92},{"type":"A","date":"2018-04-19T07:13:19.000Z","volume":1000,"label":" ","price":5.92},{"type":"A","date":"2018-04-19T07:15:08.000Z","volume":1000,"label":" ","price":5.91},{"type":"A","date":"2018-04-19T07:15:49.000Z","volume":1000,"label":" ","price":5.91},{"type":"A","date":"2018-04-19T07:17:21.000Z","volume":500,"label":" ","price":5.91},{"type":"A","date":"2018-04-19T07:17:22.000Z","volume":9000,"label":" ","price":5.91},{"type":"A","date":"2018-04-19T07:17:31.000Z","volume":5000,"label":" ","price":5.91},{"type":"A","date":"2018-04-19T07:17:49.000Z","volume":6000,"label":" ","price":5.91},{"type":"A","date":"2018-04-19T07:18:14.000Z","volume":1000,"label":" ","price":5.91},{"type":"A","date":"2018-04-19T07:18:23.000Z","volume":10000,"label":" ","price":5.91},{"type":"A","date":"2018-04-19T07:19:58.000Z","volume":1500,"label":" ","price":5.91},{"type":"A","date":"2018-04-19T07:20:29.000Z","volume":1000,"label":" ","price":5.91},{"type":"A","date":"2018-04-19T07:21:00.000Z","volume":15000,"label":" ","price":5.91},{"type":"A","date":"2018-04-19T07:21:14.000Z","volume":5000,"label":" ","price":5.91},{"type":"A","date":"2018-04-19T07:22:16.000Z","volume":10000,"label":" ","price":5.91},{"type":"A","date":"2018-04-19T07:22:28.000Z","volume":7000,"label":" ","price":5.91},{"type":"A","date":"2018-04-19T07:22:49.000Z","volume":1000,"label":" ","price":5.91},{"type":"A","date":"2018-04-19T07:23:01.000Z","volume":80000,"label":" ","price":5.91},{"type":"A","date":"2018-04-19T07:24:28.000Z","volume":1000,"label":" ","price":5.91},{"type":"A","date":"2018-04-19T07:25:04.000Z","volume":1000,"label":" ","price":5.91},{"type":"A","date":"2018-04-19T07:25:38.000Z","volume":5000,"label":" ","price":5.91},{"type":"A","date":"2018-04-19T07:26:36.000Z","volume":15000,"label":" ","price":5.91},{"type":"A","date":"2018-04-19T07:27:23.000Z","volume":1000,"label":" ","price":5.91},{"type":"A","date":"2018-04-19T07:27:32.000Z","volume":24000,"label":" ","price":5.91},{"type":"A","date":"2018-04-19T07:28:23.000Z","volume":21000,"label":" ","price":5.91},{"type":"B","date":"2018-04-19T07:29:07.000Z","volume":10000,"label":" ","price":5.9},{"type":"A","date":"2018-04-19T07:33:28.000Z","volume":500,"label":" ","price":5.91},{"type":"A","date":"2018-04-19T07:33:36.000Z","volume":8000,"label":" ","price":5.91},{"type":"A","date":"2018-04-19T07:33:43.000Z","volume":500,"label":" ","price":5.91},{"type":"A","date":"2018-04-19T07:33:57.000Z","volume":4000,"label":" ","price":5.91},{"type":"A","date":"2018-04-19T07:34:17.000Z","volume":2000,"label":" ","price":5.91},{"type":"A","date":"2018-04-19T07:34:41.000Z","volume":1000,"label":" ","price":5.91},{"type":"A","date":"2018-04-19T07:34:44.000Z","volume":15000,"label":" ","price":5.91},{"type":"A","date":"2018-04-19T07:34:49.000Z","volume":66000,"label":" ","price":5.91},{"type":"A","date":"2018-04-19T07:34:51.000Z","volume":3500,"label":" ","price":5.92},{"type":"B","date":"2018-04-19T07:34:52.000Z","volume":2500,"label":" ","price":5.9},{"type":"A","date":"2018-04-19T07:34:59.000Z","volume":17500,"label":" ","price":5.9},{"type":"A","date":"2018-04-19T07:36:27.000Z","volume":40000,"label":" ","price":5.92},{"type":"A","date":"2018-04-19T07:36:42.000Z","volume":500,"label":" ","price":5.92},{"type":"A","date":"2018-04-19T07:37:45.000Z","volume":2000,"label":" ","price":5.91},{"type":"A","date":"2018-04-19T07:37:45.000Z","volume":7000,"label":" ","price":5.92},{"type":"A","date":"2018-04-19T07:37:45.000Z","volume":1000,"label":" ","price":5.93},{"type":"A","date":"2018-04-19T07:38:00.000Z","volume":500,"label":" ","price":5.93},{"type":"A","date":"2018-04-19T07:39:55.000Z","volume":1000,"label":" ","price":5.93},{"type":"A","date":"2018-04-19T07:41:20.000Z","volume":2500,"label":" ","price":5.93},{"type":"A","date":"2018-04-19T07:41:20.000Z","volume":37500,"label":" ","price":5.94},{"type":"A","date":"2018-04-19T07:41:45.000Z","volume":1000,"label":" ","price":5.94},{"type":"A","date":"2018-04-19T07:42:03.000Z","volume":500,"label":" ","price":5.94},{"type":"B","date":"2018-04-19T07:43:20.000Z","volume":4000,"label":" ","price":5.91},{"type":"B","date":"2018-04-19T07:44:02.000Z","volume":1000,"label":" ","price":5.91},{"type":"A","date":"2018-04-19T07:44:22.000Z","volume":45000,"label":" ","price":5.91},{"type":"A","date":"2018-04-19T07:44:52.000Z","volume":10000,"label":" ","price":5.91},{"type":"B","date":"2018-04-19T07:44:56.000Z","volume":11000,"label":" ","price":5.91},{"type":"B","date":"2018-04-19T07:48:33.000Z","volume":5000,"label":" ","price":5.9},{"type":"A","date":"2018-04-19T07:48:33.000Z","volume":500,"label":" ","price":5.91},{"type":"B","date":"2018-04-19T07:49:07.000Z","volume":5000,"label":" ","price":5.89},{"type":"B","date":"2018-04-19T07:50:11.000Z","volume":5000,"label":" ","price":5.89},{"type":"A","date":"2018-04-19T07:51:30.000Z","volume":500,"label":" ","price":5.91},{"type":"A","date":"2018-04-19T07:52:28.000Z","volume":500,"label":" ","price":5.91},{"type":"A","date":"2018-04-19T07:52:55.000Z","volume":1000,"label":" ","price":5.91},{"type":"B","date":"2018-04-19T07:53:03.000Z","volume":10000,"label":" ","price":5.89},{"type":"B","date":"2018-04-19T07:53:33.000Z","volume":5000,"label":" ","price":5.89},{"type":"A","date":"2018-04-19T07:54:16.000Z","volume":500,"label":" ","price":5.91},{"type":"A","date":"2018-04-19T07:55:27.000Z","volume":4000,"label":" ","price":5.91},{"type":"B","date":"2018-04-19T07:55:34.000Z","volume":3500,"label":" ","price":5.91},{"type":"A","date":"2018-04-19T07:56:23.000Z","volume":5000,"label":" ","price":5.91},{"type":"A","date":"2018-04-19T07:57:43.000Z","volume":500,"label":" ","price":5.91},{"type":"A","date":"2018-04-19T07:57:50.000Z","volume":1000,"label":" ","price":5.91},{"type":"A","date":"2018-04-19T07:58:40.000Z","volume":500,"label":" ","price":5.91},{"type":"A","date":"2018-04-19T07:58:40.000Z","volume":500,"label":" ","price":5.91},{"type":"A","date":"2018-04-19T07:58:42.000Z","volume":2500,"label":" ","price":5.91},{"type":"A","date":"2018-04-19T07:58:42.000Z","volume":10000,"label":" ","price":5.92},{"type":"A","date":"2018-04-19T07:58:49.000Z","volume":7500,"label":" ","price":5.93},{"type":"A","date":"2018-04-19T07:58:53.000Z","volume":1000,"label":" ","price":5.93},{"type":"A","date":"2018-04-19T07:58:53.000Z","volume":1000,"label":" ","price":5.93},{"type":"A","date":"2018-04-19T07:58:56.000Z","volume":2500,"label":" ","price":5.93},{"type":"A","date":"2018-04-19T07:58:56.000Z","volume":7500,"label":" ","price":5.94},{"type":"B","date":"2018-04-19T07:59:11.000Z","volume":1000,"label":" ","price":5.91},{"type":"A","date":"2018-04-19T07:59:13.000Z","volume":3500,"label":" ","price":5.94},{"type":"A","date":"2018-04-19T07:59:13.000Z","volume":1500,"label":" ","price":5.95},{"type":"A","date":"2018-04-19T07:59:21.000Z","volume":500,"label":" ","price":5.95},{"type":"A","date":"2018-04-19T07:59:31.000Z","volume":1000,"label":" ","price":5.95},{"type":"A","date":"2018-04-19T07:59:37.000Z","volume":500,"label":" ","price":5.95}]