[{"type":"U","date":"2018-03-27T01:20:00.000Z","volume":42000,"label":"U","price":1.53},{"type":"B","date":"2018-03-27T01:30:02.000Z","volume":9000,"label":" ","price":1.52},{"type":"B","date":"2018-03-27T01:30:02.000Z","volume":3000,"label":" ","price":1.52},{"type":"A","date":"2018-03-27T01:30:02.000Z","volume":30000,"label":" ","price":1.53},{"type":"B","date":"2018-03-27T01:30:03.000Z","volume":6000,"label":" ","price":1.51},{"type":"A","date":"2018-03-27T01:30:04.000Z","volume":132000,"label":" ","price":1.53},{"type":"A","date":"2018-03-27T01:30:04.000Z","volume":1500,"label":" ","price":1.53},{"type":"B","date":"2018-03-27T01:30:16.000Z","volume":19500,"label":" ","price":1.53},{"type":"B","date":"2018-03-27T01:30:17.000Z","volume":1500,"label":" ","price":1.52},{"type":"B","date":"2018-03-27T01:30:17.000Z","volume":1500,"label":" ","price":1.52},{"type":"A","date":"2018-03-27T01:31:10.000Z","volume":117000,"label":" ","price":1.54},{"type":"B","date":"2018-03-27T01:31:10.000Z","volume":12000,"label":" ","price":1.53},{"type":"B","date":"2018-03-27T01:32:01.000Z","volume":1500,"label":" ","price":1.53},{"type":"B","date":"2018-03-27T01:32:58.000Z","volume":172500,"label":" ","price":1.53},{"type":"B","date":"2018-03-27T01:32:59.000Z","volume":18000,"label":" ","price":1.52},{"type":"B","date":"2018-03-27T01:33:05.000Z","volume":9000,"label":" ","price":1.52},{"type":"B","date":"2018-03-27T01:33:11.000Z","volume":1500,"label":" ","price":1.52},{"type":"B","date":"2018-03-27T01:33:11.000Z","volume":10500,"label":" ","price":1.52},{"type":"B","date":"2018-03-27T01:33:48.000Z","volume":354000,"label":" ","price":1.52},{"type":"B","date":"2018-03-27T01:33:49.000Z","volume":30000,"label":" ","price":1.51},{"type":"B","date":"2018-03-27T01:33:49.000Z","volume":4500,"label":" ","price":1.51},{"type":"B","date":"2018-03-27T01:33:49.000Z","volume":1500,"label":" ","price":1.5},{"type":"B","date":"2018-03-27T01:33:49.000Z","volume":1500,"label":" ","price":1.5},{"type":"B","date":"2018-03-27T01:33:49.000Z","volume":9000,"label":" ","price":1.5},{"type":"U","date":"2018-03-27T01:34:16.000Z","volume":3000,"label":" ","price":1.51},{"type":"A","date":"2018-03-27T01:36:55.000Z","volume":15000,"label":" ","price":1.52},{"type":"A","date":"2018-03-27T01:36:55.000Z","volume":7500,"label":" ","price":1.52},{"type":"A","date":"2018-03-27T01:37:19.000Z","volume":1500,"label":" ","price":1.52},{"type":"B","date":"2018-03-27T01:37:19.000Z","volume":1500,"label":" ","price":1.51},{"type":"B","date":"2018-03-27T01:37:19.000Z","volume":1500,"label":" ","price":1.51},{"type":"B","date":"2018-03-27T01:37:19.000Z","volume":1500,"label":" ","price":1.51},{"type":"B","date":"2018-03-27T01:37:19.000Z","volume":9000,"label":" ","price":1.51},{"type":"A","date":"2018-03-27T01:37:21.000Z","volume":7500,"label":" ","price":1.51},{"type":"A","date":"2018-03-27T01:37:41.000Z","volume":3000,"label":" ","price":1.52},{"type":"A","date":"2018-03-27T01:38:09.000Z","volume":6000,"label":" ","price":1.52},{"type":"A","date":"2018-03-27T01:38:24.000Z","volume":1500,"label":" ","price":1.52},{"type":"A","date":"2018-03-27T01:40:12.000Z","volume":7500,"label":" ","price":1.52},{"type":"A","date":"2018-03-27T01:40:16.000Z","volume":7500,"label":" ","price":1.52},{"type":"A","date":"2018-03-27T01:40:16.000Z","volume":66000,"label":" ","price":1.53},{"type":"B","date":"2018-03-27T01:44:05.000Z","volume":211500,"label":" ","price":1.51},{"type":"A","date":"2018-03-27T01:45:03.000Z","volume":52500,"label":" ","price":1.51},{"type":"A","date":"2018-03-27T01:45:15.000Z","volume":61500,"label":" ","price":1.51},{"type":"A","date":"2018-03-27T01:45:15.000Z","volume":58500,"label":" ","price":1.51},{"type":"A","date":"2018-03-27T01:45:21.000Z","volume":13500,"label":" ","price":1.51},{"type":"U","date":"2018-03-27T01:45:40.000Z","volume":12000,"label":" ","price":1.51},{"type":"A","date":"2018-03-27T01:50:48.000Z","volume":60000,"label":"Y","price":1.51},{"type":"A","date":"2018-03-27T01:50:48.000Z","volume":19500,"label":" ","price":1.51},{"type":"A","date":"2018-03-27T01:50:48.000Z","volume":81000,"label":" ","price":1.51},{"type":"U","date":"2018-03-27T01:52:17.000Z","volume":6000,"label":" ","price":1.51},{"type":"A","date":"2018-03-27T01:53:35.000Z","volume":3000,"label":" ","price":1.51},{"type":"A","date":"2018-03-27T01:55:46.000Z","volume":33000,"label":" ","price":1.51},{"type":"A","date":"2018-03-27T01:55:50.000Z","volume":75000,"label":" ","price":1.51},{"type":"A","date":"2018-03-27T01:55:50.000Z","volume":7500,"label":" ","price":1.51},{"type":"A","date":"2018-03-27T01:56:09.000Z","volume":3000,"label":" ","price":1.51},{"type":"A","date":"2018-03-27T01:57:25.000Z","volume":30000,"label":" ","price":1.51},{"type":"A","date":"2018-03-27T01:58:30.000Z","volume":111000,"label":" ","price":1.51},{"type":"B","date":"2018-03-27T02:02:50.000Z","volume":123000,"label":" ","price":1.5},{"type":"B","date":"2018-03-27T02:02:50.000Z","volume":25500,"label":" ","price":1.49},{"type":"B","date":"2018-03-27T02:03:20.000Z","volume":1500,"label":" ","price":1.49},{"type":"A","date":"2018-03-27T02:04:53.000Z","volume":105000,"label":" ","price":1.5},{"type":"A","date":"2018-03-27T02:04:53.000Z","volume":4500,"label":" ","price":1.5},{"type":"A","date":"2018-03-27T02:04:53.000Z","volume":6000,"label":" ","price":1.5},{"type":"A","date":"2018-03-27T02:04:53.000Z","volume":3000,"label":" ","price":1.5},{"type":"B","date":"2018-03-27T02:04:54.000Z","volume":1500,"label":" ","price":1.5},{"type":"A","date":"2018-03-27T02:05:00.000Z","volume":3000,"label":" ","price":1.5},{"type":"B","date":"2018-03-27T02:07:11.000Z","volume":4500,"label":" ","price":1.5},{"type":"B","date":"2018-03-27T02:07:38.000Z","volume":97500,"label":" ","price":1.5},{"type":"A","date":"2018-03-27T02:07:59.000Z","volume":31500,"label":" ","price":1.5},{"type":"A","date":"2018-03-27T02:08:03.000Z","volume":12000,"label":" ","price":1.5},{"type":"A","date":"2018-03-27T02:13:56.000Z","volume":22500,"label":" ","price":1.51},{"type":"B","date":"2018-03-27T02:14:41.000Z","volume":4500,"label":" ","price":1.5},{"type":"B","date":"2018-03-27T02:14:41.000Z","volume":6000,"label":" ","price":1.5},{"type":"B","date":"2018-03-27T02:15:11.000Z","volume":4500,"label":" ","price":1.5},{"type":"B","date":"2018-03-27T02:16:17.000Z","volume":1500,"label":" ","price":1.5},{"type":"B","date":"2018-03-27T02:17:11.000Z","volume":6000,"label":" ","price":1.5},{"type":"B","date":"2018-03-27T02:17:15.000Z","volume":3000,"label":"Y","price":1.5},{"type":"B","date":"2018-03-27T02:17:15.000Z","volume":22500,"label":" ","price":1.5},{"type":"B","date":"2018-03-27T02:18:57.000Z","volume":3000,"label":" ","price":1.5},{"type":"B","date":"2018-03-27T02:19:31.000Z","volume":72000,"label":" ","price":1.5},{"type":"B","date":"2018-03-27T02:19:39.000Z","volume":100500,"label":"Y","price":1.49},{"type":"B","date":"2018-03-27T02:19:39.000Z","volume":36000,"label":" ","price":1.49},{"type":"B","date":"2018-03-27T02:19:40.000Z","volume":10500,"label":" ","price":1.49},{"type":"A","date":"2018-03-27T02:21:45.000Z","volume":450000,"label":" ","price":1.5},{"type":"A","date":"2018-03-27T02:21:45.000Z","volume":1500,"label":" ","price":1.5},{"type":"B","date":"2018-03-27T02:24:54.000Z","volume":274500,"label":" ","price":1.49},{"type":"A","date":"2018-03-27T02:25:08.000Z","volume":30000,"label":" ","price":1.49},{"type":"A","date":"2018-03-27T02:25:14.000Z","volume":15000,"label":" ","price":1.49},{"type":"B","date":"2018-03-27T02:25:14.000Z","volume":6000,"label":" ","price":1.49},{"type":"A","date":"2018-03-27T02:25:39.000Z","volume":414000,"label":" ","price":1.5},{"type":"B","date":"2018-03-27T02:25:44.000Z","volume":30000,"label":" ","price":1.5},{"type":"B","date":"2018-03-27T02:25:44.000Z","volume":6000,"label":" ","price":1.5},{"type":"A","date":"2018-03-27T02:26:41.000Z","volume":9000,"label":" ","price":1.5},{"type":"A","date":"2018-03-27T02:30:30.000Z","volume":40500,"label":" ","price":1.5},{"type":"B","date":"2018-03-27T02:30:34.000Z","volume":9000,"label":" ","price":1.5},{"type":"A","date":"2018-03-27T02:30:39.000Z","volume":60000,"label":" ","price":1.51},{"type":"A","date":"2018-03-27T02:30:39.000Z","volume":28500,"label":" ","price":1.51},{"type":"B","date":"2018-03-27T02:31:05.000Z","volume":49500,"label":" ","price":1.51},{"type":"B","date":"2018-03-27T02:31:05.000Z","volume":3000,"label":" ","price":1.51},{"type":"B","date":"2018-03-27T02:34:11.000Z","volume":1500,"label":" ","price":1.5},{"type":"A","date":"2018-03-27T02:34:23.000Z","volume":3000,"label":" ","price":1.5},{"type":"B","date":"2018-03-27T02:35:02.000Z","volume":6000,"label":" ","price":1.5},{"type":"B","date":"2018-03-27T02:35:14.000Z","volume":4500,"label":" ","price":1.5},{"type":"A","date":"2018-03-27T02:35:53.000Z","volume":27000,"label":" ","price":1.51},{"type":"A","date":"2018-03-27T02:37:11.000Z","volume":138000,"label":" ","price":1.52},{"type":"B","date":"2018-03-27T02:39:16.000Z","volume":90000,"label":" ","price":1.52},{"type":"B","date":"2018-03-27T02:39:16.000Z","volume":18000,"label":" ","price":1.52},{"type":"B","date":"2018-03-27T02:39:16.000Z","volume":28500,"label":" ","price":1.52},{"type":"B","date":"2018-03-27T02:39:22.000Z","volume":13500,"label":" ","price":1.52},{"type":"A","date":"2018-03-27T02:40:03.000Z","volume":21000,"label":" ","price":1.52},{"type":"B","date":"2018-03-27T02:40:06.000Z","volume":9000,"label":" ","price":1.52},{"type":"A","date":"2018-03-27T02:40:19.000Z","volume":4500,"label":" ","price":1.52},{"type":"B","date":"2018-03-27T02:40:47.000Z","volume":4500,"label":" ","price":1.52},{"type":"B","date":"2018-03-27T02:42:14.000Z","volume":81000,"label":" ","price":1.52},{"type":"A","date":"2018-03-27T02:42:40.000Z","volume":150000,"label":" ","price":1.52},{"type":"A","date":"2018-03-27T02:42:43.000Z","volume":94500,"label":" ","price":1.52},{"type":"A","date":"2018-03-27T02:43:58.000Z","volume":60000,"label":" ","price":1.53},{"type":"A","date":"2018-03-27T02:44:04.000Z","volume":45000,"label":" ","price":1.53},{"type":"A","date":"2018-03-27T02:44:32.000Z","volume":115500,"label":" ","price":1.53},{"type":"A","date":"2018-03-27T02:44:57.000Z","volume":31500,"label":" ","price":1.54},{"type":"A","date":"2018-03-27T02:46:22.000Z","volume":7500,"label":"Y","price":1.54},{"type":"A","date":"2018-03-27T02:46:22.000Z","volume":172500,"label":" ","price":1.54},{"type":"A","date":"2018-03-27T02:46:37.000Z","volume":3000,"label":" ","price":1.54},{"type":"B","date":"2018-03-27T02:46:41.000Z","volume":4500,"label":" ","price":1.53},{"type":"A","date":"2018-03-27T02:46:44.000Z","volume":76500,"label":"Y","price":1.54},{"type":"A","date":"2018-03-27T02:46:44.000Z","volume":1500,"label":" ","price":1.54},{"type":"B","date":"2018-03-27T02:47:17.000Z","volume":30000,"label":"Y","price":1.54},{"type":"B","date":"2018-03-27T02:47:20.000Z","volume":19500,"label":" ","price":1.54},{"type":"A","date":"2018-03-27T02:47:26.000Z","volume":3000,"label":" ","price":1.54},{"type":"B","date":"2018-03-27T02:48:43.000Z","volume":12000,"label":" ","price":1.54},{"type":"A","date":"2018-03-27T02:49:26.000Z","volume":48000,"label":" ","price":1.54},{"type":"B","date":"2018-03-27T02:53:12.000Z","volume":4500,"label":" ","price":1.53},{"type":"A","date":"2018-03-27T02:53:21.000Z","volume":69000,"label":" ","price":1.54},{"type":"B","date":"2018-03-27T02:53:42.000Z","volume":4500,"label":" ","price":1.54},{"type":"B","date":"2018-03-27T02:54:38.000Z","volume":3000,"label":" ","price":1.54},{"type":"B","date":"2018-03-27T02:54:38.000Z","volume":12000,"label":" ","price":1.53},{"type":"A","date":"2018-03-27T02:57:26.000Z","volume":34500,"label":" ","price":1.54},{"type":"A","date":"2018-03-27T02:57:41.000Z","volume":30000,"label":" ","price":1.54},{"type":"A","date":"2018-03-27T02:57:41.000Z","volume":1500,"label":" ","price":1.54},{"type":"A","date":"2018-03-27T02:57:55.000Z","volume":30000,"label":" ","price":1.54},{"type":"A","date":"2018-03-27T02:57:55.000Z","volume":1500,"label":" ","price":1.54},{"type":"A","date":"2018-03-27T03:02:52.000Z","volume":15000,"label":" ","price":1.54},{"type":"A","date":"2018-03-27T03:10:14.000Z","volume":4500,"label":" ","price":1.54},{"type":"A","date":"2018-03-27T03:10:38.000Z","volume":40500,"label":" ","price":1.54},{"type":"B","date":"2018-03-27T03:11:57.000Z","volume":1500,"label":" ","price":1.53},{"type":"A","date":"2018-03-27T03:21:57.000Z","volume":3000,"label":" ","price":1.55},{"type":"B","date":"2018-03-27T03:22:57.000Z","volume":4500,"label":" ","price":1.54},{"type":"B","date":"2018-03-27T03:22:57.000Z","volume":4500,"label":" ","price":1.54},{"type":"B","date":"2018-03-27T03:22:57.000Z","volume":4500,"label":" ","price":1.54},{"type":"A","date":"2018-03-27T03:24:33.000Z","volume":60000,"label":" ","price":1.55},{"type":"A","date":"2018-03-27T03:25:02.000Z","volume":7500,"label":" ","price":1.55},{"type":"A","date":"2018-03-27T03:28:14.000Z","volume":51000,"label":" ","price":1.55},{"type":"A","date":"2018-03-27T03:33:27.000Z","volume":3000,"label":" ","price":1.55},{"type":"A","date":"2018-03-27T03:34:58.000Z","volume":1500,"label":" ","price":1.55},{"type":"A","date":"2018-03-27T03:35:24.000Z","volume":1500,"label":" ","price":1.55},{"type":"A","date":"2018-03-27T03:36:27.000Z","volume":340500,"label":" ","price":1.55},{"type":"A","date":"2018-03-27T03:36:27.000Z","volume":10500,"label":" ","price":1.55},{"type":"B","date":"2018-03-27T03:37:07.000Z","volume":15000,"label":" ","price":1.55},{"type":"A","date":"2018-03-27T03:44:19.000Z","volume":60000,"label":" ","price":1.56},{"type":"B","date":"2018-03-27T03:44:47.000Z","volume":1500,"label":" ","price":1.55},{"type":"B","date":"2018-03-27T03:45:57.000Z","volume":1500,"label":" ","price":1.55},{"type":"A","date":"2018-03-27T03:45:57.000Z","volume":3000,"label":" ","price":1.56},{"type":"A","date":"2018-03-27T03:48:15.000Z","volume":21000,"label":" ","price":1.56},{"type":"A","date":"2018-03-27T03:48:59.000Z","volume":144000,"label":"Y","price":1.56},{"type":"A","date":"2018-03-27T03:48:59.000Z","volume":6000,"label":" ","price":1.56},{"type":"B","date":"2018-03-27T03:49:27.000Z","volume":1500,"label":" ","price":1.55},{"type":"B","date":"2018-03-27T03:52:27.000Z","volume":1500,"label":" ","price":1.55},{"type":"B","date":"2018-03-27T03:57:33.000Z","volume":3000,"label":" ","price":1.55},{"type":"B","date":"2018-03-27T03:59:07.000Z","volume":225000,"label":" ","price":1.55},{"type":"B","date":"2018-03-27T03:59:16.000Z","volume":45000,"label":" ","price":1.55},{"type":"A","date":"2018-03-27T03:59:23.000Z","volume":13500,"label":" ","price":1.55},{"type":"A","date":"2018-03-27T03:59:45.000Z","volume":9000,"label":" ","price":1.55},{"type":"B","date":"2018-03-27T03:59:45.000Z","volume":6000,"label":" ","price":1.55},{"type":"B","date":"2018-03-27T05:00:00.000Z","volume":9000,"label":" ","price":1.55},{"type":"A","date":"2018-03-27T05:00:00.000Z","volume":10500,"label":"Y","price":1.56},{"type":"B","date":"2018-03-27T05:00:04.000Z","volume":3000,"label":" ","price":1.55},{"type":"A","date":"2018-03-27T05:01:01.000Z","volume":31500,"label":" ","price":1.55},{"type":"A","date":"2018-03-27T05:01:01.000Z","volume":9000,"label":" ","price":1.55},{"type":"A","date":"2018-03-27T05:02:49.000Z","volume":15000,"label":" ","price":1.55},{"type":"A","date":"2018-03-27T05:03:37.000Z","volume":1500,"label":"Y","price":1.56},{"type":"A","date":"2018-03-27T05:03:59.000Z","volume":9000,"label":"Y","price":1.56},{"type":"B","date":"2018-03-27T05:04:42.000Z","volume":1500,"label":" ","price":1.55},{"type":"B","date":"2018-03-27T05:08:05.000Z","volume":120000,"label":" ","price":1.55},{"type":"B","date":"2018-03-27T05:08:12.000Z","volume":150000,"label":" ","price":1.55},{"type":"B","date":"2018-03-27T05:10:16.000Z","volume":9000,"label":" ","price":1.55},{"type":"A","date":"2018-03-27T05:13:01.000Z","volume":153000,"label":" ","price":1.56},{"type":"A","date":"2018-03-27T05:13:01.000Z","volume":472500,"label":" ","price":1.56},{"type":"A","date":"2018-03-27T05:13:01.000Z","volume":420000,"label":" ","price":1.57},{"type":"A","date":"2018-03-27T05:13:08.000Z","volume":1500,"label":" ","price":1.57},{"type":"A","date":"2018-03-27T05:13:20.000Z","volume":30000,"label":" ","price":1.57},{"type":"A","date":"2018-03-27T05:13:39.000Z","volume":57000,"label":" ","price":1.57},{"type":"A","date":"2018-03-27T05:13:40.000Z","volume":21000,"label":" ","price":1.57},{"type":"A","date":"2018-03-27T05:13:46.000Z","volume":30000,"label":" ","price":1.57},{"type":"A","date":"2018-03-27T05:13:46.000Z","volume":4500,"label":" ","price":1.57},{"type":"A","date":"2018-03-27T05:13:48.000Z","volume":118500,"label":" ","price":1.57},{"type":"A","date":"2018-03-27T05:13:48.000Z","volume":18000,"label":" ","price":1.57},{"type":"A","date":"2018-03-27T05:14:31.000Z","volume":1500,"label":" ","price":1.58},{"type":"A","date":"2018-03-27T05:15:21.000Z","volume":22500,"label":"Y","price":1.58},{"type":"A","date":"2018-03-27T05:15:21.000Z","volume":25500,"label":" ","price":1.58},{"type":"A","date":"2018-03-27T05:15:24.000Z","volume":1500,"label":" ","price":1.58},{"type":"A","date":"2018-03-27T05:15:28.000Z","volume":1500,"label":" ","price":1.58},{"type":"A","date":"2018-03-27T05:15:30.000Z","volume":4500,"label":" ","price":1.58},{"type":"B","date":"2018-03-27T05:16:31.000Z","volume":9000,"label":" ","price":1.57},{"type":"A","date":"2018-03-27T05:16:38.000Z","volume":4500,"label":"Y","price":1.58},{"type":"A","date":"2018-03-27T05:16:38.000Z","volume":72000,"label":" ","price":1.58},{"type":"A","date":"2018-03-27T05:16:55.000Z","volume":1500,"label":" ","price":1.58},{"type":"B","date":"2018-03-27T05:17:18.000Z","volume":7500,"label":" ","price":1.57},{"type":"A","date":"2018-03-27T05:17:22.000Z","volume":27000,"label":" ","price":1.58},{"type":"B","date":"2018-03-27T05:17:40.000Z","volume":4500,"label":" ","price":1.57},{"type":"A","date":"2018-03-27T05:17:46.000Z","volume":295500,"label":" ","price":1.58},{"type":"B","date":"2018-03-27T05:19:02.000Z","volume":7500,"label":" ","price":1.58},{"type":"B","date":"2018-03-27T05:19:18.000Z","volume":15000,"label":" ","price":1.58},{"type":"A","date":"2018-03-27T05:19:48.000Z","volume":13500,"label":" ","price":1.58},{"type":"B","date":"2018-03-27T05:20:32.000Z","volume":3000,"label":" ","price":1.58},{"type":"A","date":"2018-03-27T05:20:41.000Z","volume":12000,"label":" ","price":1.58},{"type":"B","date":"2018-03-27T05:22:32.000Z","volume":4500,"label":" ","price":1.58},{"type":"B","date":"2018-03-27T05:23:00.000Z","volume":30000,"label":"Y","price":1.58},{"type":"A","date":"2018-03-27T05:24:07.000Z","volume":1500,"label":" ","price":1.59},{"type":"A","date":"2018-03-27T05:24:09.000Z","volume":1500,"label":" ","price":1.59},{"type":"A","date":"2018-03-27T05:25:06.000Z","volume":3000,"label":" ","price":1.59},{"type":"A","date":"2018-03-27T05:25:50.000Z","volume":1500,"label":" ","price":1.59},{"type":"B","date":"2018-03-27T05:25:51.000Z","volume":4500,"label":" ","price":1.58},{"type":"B","date":"2018-03-27T05:26:07.000Z","volume":6000,"label":"Y","price":1.58},{"type":"B","date":"2018-03-27T05:26:07.000Z","volume":1500,"label":" ","price":1.58},{"type":"A","date":"2018-03-27T05:26:08.000Z","volume":7500,"label":" ","price":1.58},{"type":"A","date":"2018-03-27T05:26:22.000Z","volume":1500,"label":" ","price":1.59},{"type":"B","date":"2018-03-27T05:27:25.000Z","volume":15000,"label":" ","price":1.58},{"type":"A","date":"2018-03-27T05:27:29.000Z","volume":15000,"label":" ","price":1.58},{"type":"A","date":"2018-03-27T05:28:01.000Z","volume":1500,"label":" ","price":1.59},{"type":"A","date":"2018-03-27T05:30:25.000Z","volume":1500,"label":" ","price":1.59},{"type":"B","date":"2018-03-27T05:30:49.000Z","volume":1500,"label":" ","price":1.58},{"type":"A","date":"2018-03-27T05:31:13.000Z","volume":1500,"label":" ","price":1.59},{"type":"B","date":"2018-03-27T05:31:53.000Z","volume":150000,"label":" ","price":1.58},{"type":"B","date":"2018-03-27T05:31:53.000Z","volume":28500,"label":" ","price":1.58},{"type":"A","date":"2018-03-27T05:32:48.000Z","volume":1500,"label":" ","price":1.59},{"type":"A","date":"2018-03-27T05:33:00.000Z","volume":4500,"label":" ","price":1.58},{"type":"A","date":"2018-03-27T05:33:01.000Z","volume":57000,"label":" ","price":1.58},{"type":"A","date":"2018-03-27T05:33:26.000Z","volume":40500,"label":" ","price":1.58},{"type":"A","date":"2018-03-27T05:33:30.000Z","volume":3000,"label":" ","price":1.58},{"type":"B","date":"2018-03-27T05:33:43.000Z","volume":1500,"label":"Y","price":1.57},{"type":"A","date":"2018-03-27T05:36:00.000Z","volume":1500,"label":" ","price":1.58},{"type":"A","date":"2018-03-27T05:36:14.000Z","volume":22500,"label":" ","price":1.58},{"type":"A","date":"2018-03-27T05:36:21.000Z","volume":1500,"label":" ","price":1.59},{"type":"B","date":"2018-03-27T05:36:46.000Z","volume":3000,"label":" ","price":1.58},{"type":"B","date":"2018-03-27T05:36:46.000Z","volume":18000,"label":" ","price":1.57},{"type":"A","date":"2018-03-27T05:37:49.000Z","volume":10500,"label":" ","price":1.58},{"type":"B","date":"2018-03-27T05:38:24.000Z","volume":1500,"label":"Y","price":1.57},{"type":"B","date":"2018-03-27T05:38:53.000Z","volume":1500,"label":"Y","price":1.57},{"type":"B","date":"2018-03-27T05:39:56.000Z","volume":1500,"label":" ","price":1.57},{"type":"A","date":"2018-03-27T05:40:32.000Z","volume":45000,"label":" ","price":1.58},{"type":"A","date":"2018-03-27T05:41:27.000Z","volume":1500,"label":"Y","price":1.58},{"type":"A","date":"2018-03-27T05:41:27.000Z","volume":19500,"label":" ","price":1.58},{"type":"A","date":"2018-03-27T05:42:44.000Z","volume":19500,"label":" ","price":1.58},{"type":"A","date":"2018-03-27T05:44:00.000Z","volume":3000,"label":" ","price":1.58},{"type":"A","date":"2018-03-27T05:45:46.000Z","volume":1500,"label":" ","price":1.58},{"type":"A","date":"2018-03-27T05:46:32.000Z","volume":7500,"label":"Y","price":1.58},{"type":"A","date":"2018-03-27T05:46:32.000Z","volume":7500,"label":" ","price":1.58},{"type":"A","date":"2018-03-27T05:46:46.000Z","volume":85500,"label":"Y","price":1.58},{"type":"A","date":"2018-03-27T05:46:46.000Z","volume":4500,"label":" ","price":1.58},{"type":"A","date":"2018-03-27T05:47:53.000Z","volume":24000,"label":"Y","price":1.58},{"type":"A","date":"2018-03-27T05:47:53.000Z","volume":6000,"label":" ","price":1.58},{"type":"B","date":"2018-03-27T05:48:00.000Z","volume":3000,"label":" ","price":1.58},{"type":"B","date":"2018-03-27T05:48:00.000Z","volume":12000,"label":" ","price":1.58},{"type":"A","date":"2018-03-27T05:49:00.000Z","volume":1500,"label":" ","price":1.59},{"type":"B","date":"2018-03-27T05:52:34.000Z","volume":150000,"label":" ","price":1.57},{"type":"B","date":"2018-03-27T05:52:34.000Z","volume":4500,"label":" ","price":1.57},{"type":"A","date":"2018-03-27T05:53:26.000Z","volume":34500,"label":" ","price":1.57},{"type":"A","date":"2018-03-27T05:53:28.000Z","volume":6000,"label":" ","price":1.57},{"type":"A","date":"2018-03-27T05:57:30.000Z","volume":3000,"label":" ","price":1.57},{"type":"B","date":"2018-03-27T05:57:34.000Z","volume":12000,"label":" ","price":1.56},{"type":"B","date":"2018-03-27T05:58:19.000Z","volume":16500,"label":" ","price":1.56},{"type":"A","date":"2018-03-27T05:59:46.000Z","volume":30000,"label":" ","price":1.57},{"type":"A","date":"2018-03-27T06:01:32.000Z","volume":10500,"label":" ","price":1.57},{"type":"A","date":"2018-03-27T06:03:13.000Z","volume":90000,"label":" ","price":1.57},{"type":"A","date":"2018-03-27T06:03:26.000Z","volume":45000,"label":" ","price":1.57},{"type":"A","date":"2018-03-27T06:03:27.000Z","volume":60000,"label":" ","price":1.57},{"type":"A","date":"2018-03-27T06:03:27.000Z","volume":4500,"label":" ","price":1.57},{"type":"B","date":"2018-03-27T06:03:57.000Z","volume":165000,"label":" ","price":1.56},{"type":"B","date":"2018-03-27T06:03:57.000Z","volume":27000,"label":" ","price":1.56},{"type":"B","date":"2018-03-27T06:04:09.000Z","volume":4500,"label":" ","price":1.56},{"type":"A","date":"2018-03-27T06:07:16.000Z","volume":6000,"label":" ","price":1.57},{"type":"A","date":"2018-03-27T06:12:39.000Z","volume":75000,"label":" ","price":1.58},{"type":"A","date":"2018-03-27T06:12:45.000Z","volume":1500,"label":" ","price":1.57},{"type":"A","date":"2018-03-27T06:12:49.000Z","volume":36000,"label":" ","price":1.57},{"type":"A","date":"2018-03-27T06:13:01.000Z","volume":3000,"label":" ","price":1.57},{"type":"A","date":"2018-03-27T06:13:13.000Z","volume":19500,"label":" ","price":1.57},{"type":"A","date":"2018-03-27T06:16:20.000Z","volume":10500,"label":" ","price":1.57},{"type":"B","date":"2018-03-27T06:22:17.000Z","volume":4500,"label":" ","price":1.56},{"type":"B","date":"2018-03-27T06:22:17.000Z","volume":4500,"label":" ","price":1.56},{"type":"B","date":"2018-03-27T06:22:34.000Z","volume":81000,"label":" ","price":1.56},{"type":"B","date":"2018-03-27T06:22:34.000Z","volume":3000,"label":" ","price":1.56},{"type":"A","date":"2018-03-27T06:22:34.000Z","volume":3000,"label":" ","price":1.56},{"type":"A","date":"2018-03-27T06:22:34.000Z","volume":3000,"label":" ","price":1.56},{"type":"A","date":"2018-03-27T06:22:34.000Z","volume":3000,"label":" ","price":1.56},{"type":"A","date":"2018-03-27T06:24:54.000Z","volume":1500,"label":" ","price":1.56},{"type":"B","date":"2018-03-27T06:28:40.000Z","volume":6000,"label":" ","price":1.55},{"type":"B","date":"2018-03-27T06:30:36.000Z","volume":337500,"label":" ","price":1.55},{"type":"B","date":"2018-03-27T06:30:36.000Z","volume":10500,"label":" ","price":1.55},{"type":"B","date":"2018-03-27T06:30:36.000Z","volume":3000,"label":" ","price":1.55},{"type":"B","date":"2018-03-27T06:30:47.000Z","volume":4500,"label":"Y","price":1.55},{"type":"B","date":"2018-03-27T06:30:47.000Z","volume":4500,"label":"Y","price":1.55},{"type":"B","date":"2018-03-27T06:30:47.000Z","volume":4500,"label":"Y","price":1.55},{"type":"B","date":"2018-03-27T06:30:49.000Z","volume":19500,"label":" ","price":1.55},{"type":"A","date":"2018-03-27T06:30:55.000Z","volume":31500,"label":" ","price":1.55},{"type":"A","date":"2018-03-27T06:30:55.000Z","volume":9000,"label":" ","price":1.55},{"type":"B","date":"2018-03-27T06:35:33.000Z","volume":63000,"label":"Y","price":1.55},{"type":"B","date":"2018-03-27T06:36:31.000Z","volume":1500,"label":" ","price":1.55},{"type":"A","date":"2018-03-27T06:37:27.000Z","volume":90000,"label":" ","price":1.56},{"type":"A","date":"2018-03-27T06:37:58.000Z","volume":3000,"label":" ","price":1.56},{"type":"B","date":"2018-03-27T06:39:33.000Z","volume":183000,"label":" ","price":1.55},{"type":"B","date":"2018-03-27T06:39:33.000Z","volume":3000,"label":" ","price":1.55},{"type":"B","date":"2018-03-27T06:39:33.000Z","volume":3000,"label":" ","price":1.55},{"type":"B","date":"2018-03-27T06:39:33.000Z","volume":3000,"label":" ","price":1.55},{"type":"B","date":"2018-03-27T06:39:33.000Z","volume":3000,"label":" ","price":1.55},{"type":"A","date":"2018-03-27T06:39:38.000Z","volume":52500,"label":" ","price":1.55},{"type":"A","date":"2018-03-27T06:39:38.000Z","volume":13500,"label":" ","price":1.55},{"type":"A","date":"2018-03-27T06:39:41.000Z","volume":3000,"label":" ","price":1.55},{"type":"A","date":"2018-03-27T06:39:42.000Z","volume":36000,"label":" ","price":1.55},{"type":"B","date":"2018-03-27T06:39:47.000Z","volume":3000,"label":"Y","price":1.55},{"type":"A","date":"2018-03-27T06:39:47.000Z","volume":1500,"label":"Y","price":1.55},{"type":"B","date":"2018-03-27T06:43:03.000Z","volume":154500,"label":" ","price":1.55},{"type":"A","date":"2018-03-27T06:43:03.000Z","volume":3000,"label":" ","price":1.55},{"type":"A","date":"2018-03-27T06:43:03.000Z","volume":3000,"label":" ","price":1.55},{"type":"A","date":"2018-03-27T06:43:03.000Z","volume":3000,"label":" ","price":1.55},{"type":"A","date":"2018-03-27T06:43:03.000Z","volume":3000,"label":" ","price":1.55},{"type":"A","date":"2018-03-27T06:44:18.000Z","volume":3000,"label":" ","price":1.55},{"type":"A","date":"2018-03-27T06:46:36.000Z","volume":391500,"label":" ","price":1.55},{"type":"A","date":"2018-03-27T06:47:43.000Z","volume":90000,"label":" ","price":1.56},{"type":"A","date":"2018-03-27T06:47:43.000Z","volume":12000,"label":" ","price":1.56},{"type":"A","date":"2018-03-27T06:48:51.000Z","volume":3000,"label":" ","price":1.56},{"type":"A","date":"2018-03-27T06:49:17.000Z","volume":27000,"label":" ","price":1.56},{"type":"A","date":"2018-03-27T06:49:31.000Z","volume":51000,"label":" ","price":1.56},{"type":"B","date":"2018-03-27T06:49:32.000Z","volume":4500,"label":" ","price":1.56},{"type":"B","date":"2018-03-27T06:49:44.000Z","volume":43500,"label":" ","price":1.56},{"type":"A","date":"2018-03-27T06:49:44.000Z","volume":3000,"label":" ","price":1.56},{"type":"A","date":"2018-03-27T06:49:44.000Z","volume":3000,"label":" ","price":1.56},{"type":"A","date":"2018-03-27T06:51:14.000Z","volume":21000,"label":" ","price":1.56},{"type":"A","date":"2018-03-27T06:51:25.000Z","volume":90000,"label":" ","price":1.56},{"type":"A","date":"2018-03-27T06:51:52.000Z","volume":90000,"label":" ","price":1.56},{"type":"A","date":"2018-03-27T06:56:34.000Z","volume":15000,"label":" ","price":1.56},{"type":"A","date":"2018-03-27T06:59:39.000Z","volume":1500,"label":" ","price":1.56},{"type":"A","date":"2018-03-27T06:59:40.000Z","volume":1500,"label":" ","price":1.56},{"type":"A","date":"2018-03-27T07:00:31.000Z","volume":90000,"label":" ","price":1.56},{"type":"A","date":"2018-03-27T07:00:31.000Z","volume":3000,"label":" ","price":1.56},{"type":"B","date":"2018-03-27T07:01:02.000Z","volume":4500,"label":" ","price":1.55},{"type":"B","date":"2018-03-27T07:01:02.000Z","volume":4500,"label":" ","price":1.55},{"type":"A","date":"2018-03-27T07:01:04.000Z","volume":1500,"label":" ","price":1.56},{"type":"A","date":"2018-03-27T07:02:07.000Z","volume":3000,"label":" ","price":1.56},{"type":"A","date":"2018-03-27T07:02:35.000Z","volume":1500,"label":" ","price":1.56},{"type":"A","date":"2018-03-27T07:02:38.000Z","volume":3000,"label":" ","price":1.56},{"type":"A","date":"2018-03-27T07:03:09.000Z","volume":3000,"label":" ","price":1.56},{"type":"B","date":"2018-03-27T07:03:40.000Z","volume":4500,"label":" ","price":1.55},{"type":"A","date":"2018-03-27T07:03:40.000Z","volume":3000,"label":" ","price":1.56},{"type":"A","date":"2018-03-27T07:04:16.000Z","volume":3000,"label":" ","price":1.56},{"type":"A","date":"2018-03-27T07:04:48.000Z","volume":3000,"label":" ","price":1.56},{"type":"A","date":"2018-03-27T07:05:23.000Z","volume":4500,"label":" ","price":1.56},{"type":"A","date":"2018-03-27T07:05:57.000Z","volume":3000,"label":" ","price":1.56},{"type":"B","date":"2018-03-27T07:06:00.000Z","volume":1500,"label":" ","price":1.55},{"type":"A","date":"2018-03-27T07:06:27.000Z","volume":3000,"label":" ","price":1.56},{"type":"A","date":"2018-03-27T07:07:03.000Z","volume":3000,"label":" ","price":1.56},{"type":"A","date":"2018-03-27T07:07:38.000Z","volume":4500,"label":" ","price":1.56},{"type":"B","date":"2018-03-27T07:08:10.000Z","volume":4500,"label":" ","price":1.55},{"type":"A","date":"2018-03-27T07:08:14.000Z","volume":3000,"label":" ","price":1.56},{"type":"A","date":"2018-03-27T07:08:47.000Z","volume":3000,"label":" ","price":1.56},{"type":"A","date":"2018-03-27T07:09:18.000Z","volume":3000,"label":" ","price":1.56},{"type":"A","date":"2018-03-27T07:09:48.000Z","volume":3000,"label":" ","price":1.56},{"type":"A","date":"2018-03-27T07:10:02.000Z","volume":1500,"label":" ","price":1.56},{"type":"A","date":"2018-03-27T07:10:22.000Z","volume":4500,"label":" ","price":1.56},{"type":"A","date":"2018-03-27T07:10:55.000Z","volume":3000,"label":" ","price":1.56},{"type":"A","date":"2018-03-27T07:11:26.000Z","volume":3000,"label":" ","price":1.56},{"type":"A","date":"2018-03-27T07:11:59.000Z","volume":4500,"label":" ","price":1.56},{"type":"A","date":"2018-03-27T07:12:34.000Z","volume":3000,"label":" ","price":1.56},{"type":"B","date":"2018-03-27T07:13:04.000Z","volume":3000,"label":" ","price":1.55},{"type":"A","date":"2018-03-27T07:13:04.000Z","volume":3000,"label":" ","price":1.56},{"type":"A","date":"2018-03-27T07:13:39.000Z","volume":4500,"label":" ","price":1.56},{"type":"A","date":"2018-03-27T07:14:15.000Z","volume":4500,"label":" ","price":1.56},{"type":"B","date":"2018-03-27T07:14:39.000Z","volume":1500,"label":" ","price":1.55},{"type":"A","date":"2018-03-27T07:14:50.000Z","volume":3000,"label":" ","price":1.56},{"type":"A","date":"2018-03-27T07:15:22.000Z","volume":3000,"label":" ","price":1.56},{"type":"A","date":"2018-03-27T07:15:52.000Z","volume":4500,"label":" ","price":1.56},{"type":"A","date":"2018-03-27T07:16:27.000Z","volume":3000,"label":" ","price":1.56},{"type":"A","date":"2018-03-27T07:16:59.000Z","volume":4500,"label":" ","price":1.56},{"type":"A","date":"2018-03-27T07:17:33.000Z","volume":3000,"label":" ","price":1.56},{"type":"A","date":"2018-03-27T07:18:09.000Z","volume":4500,"label":" ","price":1.56},{"type":"A","date":"2018-03-27T07:18:40.000Z","volume":4500,"label":" ","price":1.56},{"type":"A","date":"2018-03-27T07:19:15.000Z","volume":3000,"label":" ","price":1.56},{"type":"A","date":"2018-03-27T07:19:50.000Z","volume":1500,"label":" ","price":1.56},{"type":"B","date":"2018-03-27T07:24:00.000Z","volume":1500,"label":" ","price":1.55},{"type":"A","date":"2018-03-27T07:24:00.000Z","volume":1500,"label":" ","price":1.56},{"type":"A","date":"2018-03-27T07:25:30.000Z","volume":13500,"label":" ","price":1.56},{"type":"A","date":"2018-03-27T07:25:31.000Z","volume":13500,"label":" ","price":1.56},{"type":"A","date":"2018-03-27T07:27:03.000Z","volume":3000,"label":" ","price":1.56},{"type":"A","date":"2018-03-27T07:27:03.000Z","volume":3000,"label":" ","price":1.56},{"type":"B","date":"2018-03-27T07:30:17.000Z","volume":6000,"label":" ","price":1.55},{"type":"B","date":"2018-03-27T07:30:17.000Z","volume":4500,"label":" ","price":1.55},{"type":"A","date":"2018-03-27T07:30:18.000Z","volume":10500,"label":" ","price":1.56},{"type":"A","date":"2018-03-27T07:35:49.000Z","volume":1500,"label":" ","price":1.56},{"type":"A","date":"2018-03-27T07:35:50.000Z","volume":1500,"label":" ","price":1.56},{"type":"A","date":"2018-03-27T07:38:08.000Z","volume":1500,"label":" ","price":1.56},{"type":"A","date":"2018-03-27T07:38:09.000Z","volume":1500,"label":" ","price":1.56},{"type":"B","date":"2018-03-27T07:38:47.000Z","volume":4500,"label":" ","price":1.55},{"type":"B","date":"2018-03-27T07:38:47.000Z","volume":3000,"label":" ","price":1.55},{"type":"A","date":"2018-03-27T07:38:48.000Z","volume":7500,"label":" ","price":1.56},{"type":"B","date":"2018-03-27T07:40:01.000Z","volume":40500,"label":" ","price":1.55},{"type":"A","date":"2018-03-27T07:40:01.000Z","volume":19500,"label":" ","price":1.56},{"type":"A","date":"2018-03-27T07:40:02.000Z","volume":6000,"label":" ","price":1.56},{"type":"A","date":"2018-03-27T07:41:08.000Z","volume":100500,"label":" ","price":1.56},{"type":"A","date":"2018-03-27T07:41:09.000Z","volume":96000,"label":" ","price":1.56},{"type":"A","date":"2018-03-27T07:41:17.000Z","volume":4500,"label":" ","price":1.56},{"type":"A","date":"2018-03-27T07:42:08.000Z","volume":1500,"label":" ","price":1.57},{"type":"A","date":"2018-03-27T07:42:09.000Z","volume":1500,"label":" ","price":1.57},{"type":"A","date":"2018-03-27T07:46:08.000Z","volume":1500,"label":" ","price":1.57},{"type":"A","date":"2018-03-27T07:46:09.000Z","volume":1500,"label":" ","price":1.57},{"type":"B","date":"2018-03-27T07:47:31.000Z","volume":253500,"label":" ","price":1.56},{"type":"B","date":"2018-03-27T07:47:31.000Z","volume":3000,"label":" ","price":1.56},{"type":"B","date":"2018-03-27T07:47:31.000Z","volume":1500,"label":" ","price":1.56},{"type":"B","date":"2018-03-27T07:47:31.000Z","volume":3000,"label":" ","price":1.56},{"type":"B","date":"2018-03-27T07:47:31.000Z","volume":3000,"label":" ","price":1.56},{"type":"B","date":"2018-03-27T07:47:31.000Z","volume":3000,"label":" ","price":1.56},{"type":"B","date":"2018-03-27T07:49:22.000Z","volume":10500,"label":" ","price":1.55},{"type":"A","date":"2018-03-27T07:50:43.000Z","volume":3000,"label":" ","price":1.56},{"type":"A","date":"2018-03-27T07:51:17.000Z","volume":6000,"label":" ","price":1.56},{"type":"B","date":"2018-03-27T07:51:32.000Z","volume":4500,"label":" ","price":1.55},{"type":"A","date":"2018-03-27T07:51:37.000Z","volume":1500,"label":" ","price":1.56},{"type":"A","date":"2018-03-27T07:51:52.000Z","volume":6000,"label":" ","price":1.56},{"type":"A","date":"2018-03-27T07:52:23.000Z","volume":6000,"label":" ","price":1.56},{"type":"A","date":"2018-03-27T07:52:33.000Z","volume":3000,"label":" ","price":1.56},{"type":"A","date":"2018-03-27T07:52:58.000Z","volume":6000,"label":" ","price":1.56},{"type":"A","date":"2018-03-27T07:53:32.000Z","volume":6000,"label":" ","price":1.56},{"type":"B","date":"2018-03-27T07:53:47.000Z","volume":3000,"label":" ","price":1.55},{"type":"B","date":"2018-03-27T07:53:47.000Z","volume":3000,"label":" ","price":1.55},{"type":"A","date":"2018-03-27T07:54:04.000Z","volume":6000,"label":" ","price":1.56},{"type":"B","date":"2018-03-27T07:54:36.000Z","volume":9000,"label":"Y","price":1.55},{"type":"B","date":"2018-03-27T07:54:36.000Z","volume":18000,"label":" ","price":1.55},{"type":"A","date":"2018-03-27T07:54:36.000Z","volume":6000,"label":" ","price":1.56},{"type":"A","date":"2018-03-27T07:55:07.000Z","volume":6000,"label":" ","price":1.56},{"type":"A","date":"2018-03-27T07:55:42.000Z","volume":3000,"label":" ","price":1.56},{"type":"B","date":"2018-03-27T07:56:02.000Z","volume":1500,"label":" ","price":1.55},{"type":"B","date":"2018-03-27T07:56:02.000Z","volume":3000,"label":" ","price":1.55},{"type":"B","date":"2018-03-27T07:56:02.000Z","volume":4500,"label":"Y","price":1.55},{"type":"B","date":"2018-03-27T07:56:02.000Z","volume":1500,"label":" ","price":1.55},{"type":"A","date":"2018-03-27T07:56:13.000Z","volume":3000,"label":" ","price":1.56},{"type":"A","date":"2018-03-27T07:56:48.000Z","volume":6000,"label":" ","price":1.56},{"type":"A","date":"2018-03-27T07:57:08.000Z","volume":1500,"label":" ","price":1.56},{"type":"A","date":"2018-03-27T07:57:21.000Z","volume":4500,"label":" ","price":1.56},{"type":"B","date":"2018-03-27T07:57:55.000Z","volume":1500,"label":"Y","price":1.55},{"type":"A","date":"2018-03-27T07:57:57.000Z","volume":6000,"label":" ","price":1.56},{"type":"A","date":"2018-03-27T07:58:32.000Z","volume":3000,"label":" ","price":1.56},{"type":"B","date":"2018-03-27T07:58:32.000Z","volume":1500,"label":"Y","price":1.55},{"type":"A","date":"2018-03-27T07:58:38.000Z","volume":1500,"label":" ","price":1.56},{"type":"B","date":"2018-03-27T07:58:53.000Z","volume":15000,"label":" ","price":1.55},{"type":"B","date":"2018-03-27T07:59:08.000Z","volume":3000,"label":" ","price":1.55},{"type":"B","date":"2018-03-27T07:59:09.000Z","volume":1500,"label":" ","price":1.55},{"type":"A","date":"2018-03-27T07:59:30.000Z","volume":1500,"label":" ","price":1.56},{"type":"A","date":"2018-03-27T07:59:33.000Z","volume":1500,"label":" ","price":1.56},{"type":"A","date":"2018-03-27T07:59:36.000Z","volume":1500,"label":" ","price":1.56},{"type":"B","date":"2018-03-27T07:59:37.000Z","volume":1500,"label":" ","price":1.55},{"type":"B","date":"2018-03-27T07:59:50.000Z","volume":1500,"label":" ","price":1.55},{"type":"A","date":"2018-03-27T07:59:55.000Z","volume":6000,"label":" ","price":1.56},{"type":"U","date":"2018-03-27T08:08:29.000Z","volume":579000,"label":"U","price":1.56}]