[{"type":"U","date":"2018-04-23T01:30:16.000Z","volume":3500,"label":" ","price":6.16},{"type":"B","date":"2018-04-23T01:31:05.000Z","volume":7500,"label":" ","price":6.16},{"type":"B","date":"2018-04-23T01:31:09.000Z","volume":2000,"label":" ","price":6.16},{"type":"B","date":"2018-04-23T01:31:12.000Z","volume":27000,"label":" ","price":6.15},{"type":"B","date":"2018-04-23T01:31:19.000Z","volume":1000,"label":" ","price":6.15},{"type":"B","date":"2018-04-23T01:32:22.000Z","volume":3500,"label":" ","price":6.15},{"type":"B","date":"2018-04-23T01:32:25.000Z","volume":3500,"label":" ","price":6.14},{"type":"B","date":"2018-04-23T01:32:25.000Z","volume":9000,"label":" ","price":6.14},{"type":"B","date":"2018-04-23T01:32:25.000Z","volume":2500,"label":" ","price":6.14},{"type":"B","date":"2018-04-23T01:32:27.000Z","volume":1000,"label":" ","price":6.13},{"type":"B","date":"2018-04-23T01:32:55.000Z","volume":3000,"label":" ","price":6.1},{"type":"A","date":"2018-04-23T01:34:02.000Z","volume":500,"label":" ","price":6.13},{"type":"A","date":"2018-04-23T01:34:52.000Z","volume":500,"label":" ","price":6.13},{"type":"B","date":"2018-04-23T01:35:19.000Z","volume":6000,"label":" ","price":6.1},{"type":"B","date":"2018-04-23T01:35:19.000Z","volume":18500,"label":" ","price":6.1},{"type":"B","date":"2018-04-23T01:36:05.000Z","volume":10500,"label":" ","price":6.1},{"type":"B","date":"2018-04-23T01:36:06.000Z","volume":2500,"label":" ","price":6.1},{"type":"B","date":"2018-04-23T01:36:07.000Z","volume":4500,"label":" ","price":6.09},{"type":"B","date":"2018-04-23T01:37:01.000Z","volume":2000,"label":" ","price":6.09},{"type":"A","date":"2018-04-23T01:37:16.000Z","volume":8000,"label":" ","price":6.09},{"type":"U","date":"2018-04-23T01:37:19.000Z","volume":2500,"label":" ","price":6.07},{"type":"U","date":"2018-04-23T01:38:19.000Z","volume":1000,"label":" ","price":6.07},{"type":"A","date":"2018-04-23T01:38:31.000Z","volume":16000,"label":" ","price":6.09},{"type":"A","date":"2018-04-23T01:38:39.000Z","volume":2000,"label":" ","price":6.1},{"type":"U","date":"2018-04-23T01:39:50.000Z","volume":1500,"label":" ","price":6.1},{"type":"U","date":"2018-04-23T01:39:50.000Z","volume":1500,"label":" ","price":6.1},{"type":"B","date":"2018-04-23T01:40:03.000Z","volume":3000,"label":" ","price":6.1},{"type":"U","date":"2018-04-23T01:40:08.000Z","volume":1000,"label":" ","price":6.1},{"type":"B","date":"2018-04-23T01:40:18.000Z","volume":500,"label":" ","price":6.1},{"type":"B","date":"2018-04-23T01:40:35.000Z","volume":1000,"label":" ","price":6.1},{"type":"A","date":"2018-04-23T01:42:10.000Z","volume":500,"label":" ","price":6.11},{"type":"A","date":"2018-04-23T01:42:10.000Z","volume":129000,"label":" ","price":6.11},{"type":"A","date":"2018-04-23T01:42:10.000Z","volume":4000,"label":" ","price":6.12},{"type":"A","date":"2018-04-23T01:42:10.000Z","volume":9000,"label":" ","price":6.13},{"type":"A","date":"2018-04-23T01:42:10.000Z","volume":7000,"label":" ","price":6.14},{"type":"A","date":"2018-04-23T01:42:10.000Z","volume":1000,"label":" ","price":6.14},{"type":"U","date":"2018-04-23T01:42:10.000Z","volume":3000,"label":" ","price":6.11},{"type":"A","date":"2018-04-23T01:42:27.000Z","volume":5000,"label":" ","price":6.14},{"type":"A","date":"2018-04-23T01:42:27.000Z","volume":1500,"label":" ","price":6.14},{"type":"A","date":"2018-04-23T01:42:57.000Z","volume":500,"label":" ","price":6.14},{"type":"A","date":"2018-04-23T01:43:17.000Z","volume":500,"label":" ","price":6.14},{"type":"A","date":"2018-04-23T01:43:32.000Z","volume":10000,"label":" ","price":6.13},{"type":"A","date":"2018-04-23T01:43:32.000Z","volume":2000,"label":" ","price":6.13},{"type":"A","date":"2018-04-23T01:43:58.000Z","volume":1000,"label":" ","price":6.13},{"type":"B","date":"2018-04-23T01:44:29.000Z","volume":5000,"label":" ","price":6.12},{"type":"A","date":"2018-04-23T01:45:37.000Z","volume":1000,"label":" ","price":6.13},{"type":"A","date":"2018-04-23T01:45:44.000Z","volume":1000,"label":" ","price":6.13},{"type":"A","date":"2018-04-23T01:47:58.000Z","volume":1000,"label":" ","price":6.13},{"type":"B","date":"2018-04-23T01:47:58.000Z","volume":47000,"label":" ","price":6.12},{"type":"B","date":"2018-04-23T01:47:58.000Z","volume":12500,"label":" ","price":6.12},{"type":"B","date":"2018-04-23T01:48:06.000Z","volume":1000,"label":"Y","price":6.11},{"type":"B","date":"2018-04-23T01:48:06.000Z","volume":1500,"label":" ","price":6.11},{"type":"B","date":"2018-04-23T01:49:48.000Z","volume":4500,"label":" ","price":6.11},{"type":"B","date":"2018-04-23T01:50:10.000Z","volume":22000,"label":" ","price":6.1},{"type":"B","date":"2018-04-23T01:50:10.000Z","volume":5500,"label":" ","price":6.1},{"type":"B","date":"2018-04-23T01:50:42.000Z","volume":36000,"label":" ","price":6.09},{"type":"B","date":"2018-04-23T01:50:42.000Z","volume":71500,"label":" ","price":6.09},{"type":"B","date":"2018-04-23T01:50:42.000Z","volume":500,"label":" ","price":6.08},{"type":"B","date":"2018-04-23T01:50:42.000Z","volume":2500,"label":" ","price":6.09},{"type":"A","date":"2018-04-23T01:53:55.000Z","volume":500,"label":" ","price":6.09},{"type":"A","date":"2018-04-23T01:54:16.000Z","volume":1000,"label":" ","price":6.09},{"type":"B","date":"2018-04-23T01:54:54.000Z","volume":30000,"label":" ","price":6.07},{"type":"B","date":"2018-04-23T01:55:13.000Z","volume":1000,"label":" ","price":6.07},{"type":"A","date":"2018-04-23T01:57:52.000Z","volume":500,"label":" ","price":6.07},{"type":"B","date":"2018-04-23T01:57:52.000Z","volume":50000,"label":" ","price":6.06},{"type":"B","date":"2018-04-23T01:58:36.000Z","volume":10000,"label":" ","price":6.05},{"type":"B","date":"2018-04-23T01:59:11.000Z","volume":1000,"label":" ","price":6.05},{"type":"B","date":"2018-04-23T01:59:32.000Z","volume":2500,"label":" ","price":6.05},{"type":"B","date":"2018-04-23T01:59:45.000Z","volume":2500,"label":" ","price":6.05},{"type":"A","date":"2018-04-23T01:59:45.000Z","volume":500,"label":" ","price":6.05},{"type":"A","date":"2018-04-23T02:02:54.000Z","volume":500,"label":" ","price":6.04},{"type":"A","date":"2018-04-23T02:02:57.000Z","volume":1000,"label":" ","price":6.04},{"type":"B","date":"2018-04-23T02:03:31.000Z","volume":5000,"label":" ","price":6.03},{"type":"A","date":"2018-04-23T02:05:03.000Z","volume":500,"label":" ","price":6.04},{"type":"A","date":"2018-04-23T02:06:05.000Z","volume":1000,"label":" ","price":6.04},{"type":"A","date":"2018-04-23T02:06:18.000Z","volume":500,"label":" ","price":6.04},{"type":"A","date":"2018-04-23T02:06:19.000Z","volume":10000,"label":" ","price":6.04},{"type":"B","date":"2018-04-23T02:06:19.000Z","volume":8000,"label":" ","price":6.03},{"type":"A","date":"2018-04-23T02:06:19.000Z","volume":1500,"label":" ","price":6.04},{"type":"A","date":"2018-04-23T02:06:36.000Z","volume":1000,"label":" ","price":6.04},{"type":"A","date":"2018-04-23T02:06:52.000Z","volume":6000,"label":" ","price":6.04},{"type":"A","date":"2018-04-23T02:06:52.000Z","volume":1500,"label":" ","price":6.04},{"type":"B","date":"2018-04-23T02:06:53.000Z","volume":500,"label":" ","price":6.03},{"type":"A","date":"2018-04-23T02:07:40.000Z","volume":500,"label":" ","price":6.04},{"type":"B","date":"2018-04-23T02:07:58.000Z","volume":3500,"label":" ","price":6.03},{"type":"B","date":"2018-04-23T02:08:08.000Z","volume":2000,"label":" ","price":6.03},{"type":"B","date":"2018-04-23T02:08:13.000Z","volume":1000,"label":" ","price":6.03},{"type":"B","date":"2018-04-23T02:08:22.000Z","volume":1000,"label":" ","price":6.03},{"type":"B","date":"2018-04-23T02:08:22.000Z","volume":15000,"label":" ","price":6.03},{"type":"B","date":"2018-04-23T02:08:36.000Z","volume":6000,"label":" ","price":6.02},{"type":"B","date":"2018-04-23T02:08:47.000Z","volume":9000,"label":"Y","price":6.02},{"type":"B","date":"2018-04-23T02:08:47.000Z","volume":11000,"label":" ","price":6.02},{"type":"B","date":"2018-04-23T02:08:47.000Z","volume":3500,"label":" ","price":6.02},{"type":"B","date":"2018-04-23T02:08:52.000Z","volume":1000,"label":" ","price":6.02},{"type":"A","date":"2018-04-23T02:08:52.000Z","volume":500,"label":" ","price":6.02},{"type":"B","date":"2018-04-23T02:08:58.000Z","volume":4000,"label":" ","price":6},{"type":"B","date":"2018-04-23T02:09:00.000Z","volume":4500,"label":"Y","price":6},{"type":"B","date":"2018-04-23T02:09:00.000Z","volume":3000,"label":" ","price":6},{"type":"B","date":"2018-04-23T02:09:08.000Z","volume":3500,"label":"Y","price":6},{"type":"B","date":"2018-04-23T02:09:21.000Z","volume":1000,"label":" ","price":6},{"type":"B","date":"2018-04-23T02:09:24.000Z","volume":1000,"label":"Y","price":6},{"type":"B","date":"2018-04-23T02:09:30.000Z","volume":500,"label":" ","price":6},{"type":"B","date":"2018-04-23T02:09:32.000Z","volume":1000,"label":" ","price":6},{"type":"B","date":"2018-04-23T02:09:48.000Z","volume":500,"label":" ","price":6},{"type":"B","date":"2018-04-23T02:10:02.000Z","volume":9500,"label":" ","price":6},{"type":"B","date":"2018-04-23T02:10:12.000Z","volume":1000,"label":" ","price":5.99},{"type":"B","date":"2018-04-23T02:10:12.000Z","volume":2000,"label":" ","price":5.99},{"type":"B","date":"2018-04-23T02:10:28.000Z","volume":500,"label":" ","price":5.97},{"type":"A","date":"2018-04-23T02:10:29.000Z","volume":2000,"label":" ","price":5.98},{"type":"B","date":"2018-04-23T02:10:36.000Z","volume":1000,"label":" ","price":5.97},{"type":"A","date":"2018-04-23T02:10:48.000Z","volume":1000,"label":" ","price":5.98},{"type":"B","date":"2018-04-23T02:11:00.000Z","volume":500,"label":" ","price":5.97},{"type":"B","date":"2018-04-23T02:11:42.000Z","volume":3500,"label":" ","price":5.97},{"type":"B","date":"2018-04-23T02:11:56.000Z","volume":1000,"label":" ","price":5.97},{"type":"B","date":"2018-04-23T02:12:20.000Z","volume":500,"label":" ","price":5.97},{"type":"A","date":"2018-04-23T02:12:29.000Z","volume":49500,"label":" ","price":5.98},{"type":"A","date":"2018-04-23T02:12:29.000Z","volume":1000,"label":"Y","price":5.99},{"type":"A","date":"2018-04-23T02:12:29.000Z","volume":7500,"label":" ","price":5.99},{"type":"A","date":"2018-04-23T02:12:29.000Z","volume":1000,"label":" ","price":6},{"type":"A","date":"2018-04-23T02:12:29.000Z","volume":7000,"label":" ","price":6},{"type":"A","date":"2018-04-23T02:12:29.000Z","volume":3500,"label":" ","price":6.01},{"type":"B","date":"2018-04-23T02:12:44.000Z","volume":500,"label":"Y","price":5.98},{"type":"B","date":"2018-04-23T02:12:44.000Z","volume":16000,"label":" ","price":5.98},{"type":"B","date":"2018-04-23T02:12:44.000Z","volume":4500,"label":" ","price":5.98},{"type":"A","date":"2018-04-23T02:12:44.000Z","volume":1500,"label":" ","price":6.02},{"type":"B","date":"2018-04-23T02:13:00.000Z","volume":7000,"label":" ","price":5.98},{"type":"A","date":"2018-04-23T02:13:00.000Z","volume":1500,"label":" ","price":6.02},{"type":"B","date":"2018-04-23T02:13:08.000Z","volume":2500,"label":" ","price":5.98},{"type":"U","date":"2018-04-23T02:13:10.000Z","volume":7000,"label":" ","price":6},{"type":"A","date":"2018-04-23T02:13:10.000Z","volume":2500,"label":" ","price":6.01},{"type":"U","date":"2018-04-23T02:13:14.000Z","volume":10000,"label":" ","price":6},{"type":"A","date":"2018-04-23T02:13:14.000Z","volume":2500,"label":" ","price":6.01},{"type":"U","date":"2018-04-23T02:13:15.000Z","volume":6000,"label":" ","price":6},{"type":"A","date":"2018-04-23T02:13:15.000Z","volume":1500,"label":" ","price":6.01},{"type":"A","date":"2018-04-23T02:13:16.000Z","volume":500,"label":" ","price":6},{"type":"U","date":"2018-04-23T02:13:17.000Z","volume":500,"label":" ","price":6},{"type":"A","date":"2018-04-23T02:13:17.000Z","volume":1000,"label":" ","price":6},{"type":"A","date":"2018-04-23T02:13:20.000Z","volume":1000,"label":" ","price":6.01},{"type":"B","date":"2018-04-23T02:13:24.000Z","volume":8500,"label":" ","price":5.98},{"type":"A","date":"2018-04-23T02:13:24.000Z","volume":1000,"label":" ","price":5.98},{"type":"A","date":"2018-04-23T02:13:26.000Z","volume":3500,"label":" ","price":6},{"type":"B","date":"2018-04-23T02:13:32.000Z","volume":3000,"label":" ","price":5.98},{"type":"A","date":"2018-04-23T02:13:32.000Z","volume":1000,"label":" ","price":5.98},{"type":"A","date":"2018-04-23T02:13:32.000Z","volume":500,"label":" ","price":5.98},{"type":"A","date":"2018-04-23T02:13:33.000Z","volume":8000,"label":" ","price":5.98},{"type":"A","date":"2018-04-23T02:13:33.000Z","volume":1500,"label":" ","price":6},{"type":"A","date":"2018-04-23T02:13:33.000Z","volume":2000,"label":" ","price":6},{"type":"A","date":"2018-04-23T02:13:33.000Z","volume":5500,"label":"Y","price":6},{"type":"A","date":"2018-04-23T02:13:33.000Z","volume":2000,"label":" ","price":6},{"type":"A","date":"2018-04-23T02:13:33.000Z","volume":500,"label":" ","price":6},{"type":"A","date":"2018-04-23T02:13:33.000Z","volume":2500,"label":" ","price":6.01},{"type":"A","date":"2018-04-23T02:13:35.000Z","volume":2500,"label":" ","price":6},{"type":"A","date":"2018-04-23T02:13:35.000Z","volume":4000,"label":" ","price":6},{"type":"A","date":"2018-04-23T02:13:35.000Z","volume":500,"label":" ","price":6},{"type":"A","date":"2018-04-23T02:13:35.000Z","volume":1500,"label":" ","price":6.01},{"type":"B","date":"2018-04-23T02:13:46.000Z","volume":60000,"label":" ","price":5.98},{"type":"A","date":"2018-04-23T02:13:46.000Z","volume":2000,"label":" ","price":6.01},{"type":"U","date":"2018-04-23T02:13:48.000Z","volume":2500,"label":" ","price":6},{"type":"U","date":"2018-04-23T02:13:48.000Z","volume":500,"label":" ","price":6},{"type":"B","date":"2018-04-23T02:13:49.000Z","volume":12000,"label":" ","price":5.98},{"type":"B","date":"2018-04-23T02:13:50.000Z","volume":10500,"label":" ","price":5.98},{"type":"B","date":"2018-04-23T02:13:51.000Z","volume":3000,"label":" ","price":5.98},{"type":"B","date":"2018-04-23T02:13:51.000Z","volume":7500,"label":" ","price":5.98},{"type":"B","date":"2018-04-23T02:13:52.000Z","volume":7500,"label":" ","price":5.98},{"type":"A","date":"2018-04-23T02:13:52.000Z","volume":1500,"label":" ","price":5.98},{"type":"B","date":"2018-04-23T02:13:58.000Z","volume":1500,"label":" ","price":5.98},{"type":"A","date":"2018-04-23T02:13:58.000Z","volume":2000,"label":" ","price":5.98},{"type":"B","date":"2018-04-23T02:14:01.000Z","volume":20000,"label":" ","price":5.98},{"type":"B","date":"2018-04-23T02:14:01.000Z","volume":1000,"label":" ","price":5.98},{"type":"B","date":"2018-04-23T02:14:03.000Z","volume":2500,"label":" ","price":5.98},{"type":"A","date":"2018-04-23T02:14:03.000Z","volume":1000,"label":" ","price":5.98},{"type":"B","date":"2018-04-23T02:14:13.000Z","volume":500,"label":"Y","price":5.97},{"type":"B","date":"2018-04-23T02:14:13.000Z","volume":39000,"label":" ","price":5.97},{"type":"B","date":"2018-04-23T02:14:13.000Z","volume":13000,"label":" ","price":5.97},{"type":"A","date":"2018-04-23T02:14:13.000Z","volume":500,"label":" ","price":5.98},{"type":"B","date":"2018-04-23T02:14:15.000Z","volume":3500,"label":" ","price":5.97},{"type":"A","date":"2018-04-23T02:14:15.000Z","volume":1000,"label":" ","price":5.98},{"type":"A","date":"2018-04-23T02:14:16.000Z","volume":500,"label":" ","price":5.98},{"type":"A","date":"2018-04-23T02:14:16.000Z","volume":16000,"label":" ","price":5.98},{"type":"A","date":"2018-04-23T02:14:17.000Z","volume":6000,"label":" ","price":5.98},{"type":"B","date":"2018-04-23T02:14:18.000Z","volume":4000,"label":" ","price":5.97},{"type":"A","date":"2018-04-23T02:14:18.000Z","volume":500,"label":"Y","price":5.98},{"type":"A","date":"2018-04-23T02:14:18.000Z","volume":4000,"label":" ","price":5.98},{"type":"B","date":"2018-04-23T02:14:29.000Z","volume":500,"label":"Y","price":5.97},{"type":"B","date":"2018-04-23T02:14:29.000Z","volume":27500,"label":" ","price":5.97},{"type":"B","date":"2018-04-23T02:14:31.000Z","volume":9500,"label":" ","price":5.97},{"type":"B","date":"2018-04-23T02:14:45.000Z","volume":11000,"label":" ","price":5.97},{"type":"U","date":"2018-04-23T02:14:46.000Z","volume":1500,"label":" ","price":5.98},{"type":"B","date":"2018-04-23T02:14:47.000Z","volume":1000,"label":" ","price":5.97},{"type":"B","date":"2018-04-23T02:14:47.000Z","volume":500,"label":" ","price":5.97},{"type":"B","date":"2018-04-23T02:14:48.000Z","volume":500,"label":" ","price":5.96},{"type":"B","date":"2018-04-23T02:14:49.000Z","volume":500,"label":" ","price":5.96},{"type":"B","date":"2018-04-23T02:14:51.000Z","volume":500,"label":" ","price":5.96},{"type":"A","date":"2018-04-23T02:14:51.000Z","volume":500,"label":" ","price":5.96},{"type":"A","date":"2018-04-23T02:14:51.000Z","volume":500,"label":" ","price":5.96},{"type":"B","date":"2018-04-23T02:15:01.000Z","volume":4500,"label":" ","price":5.95},{"type":"B","date":"2018-04-23T02:15:04.000Z","volume":1500,"label":" ","price":5.95},{"type":"A","date":"2018-04-23T02:15:04.000Z","volume":5000,"label":" ","price":5.96},{"type":"B","date":"2018-04-23T02:15:07.000Z","volume":2000,"label":" ","price":5.95},{"type":"B","date":"2018-04-23T02:15:09.000Z","volume":2000,"label":" ","price":5.95},{"type":"B","date":"2018-04-23T02:15:12.000Z","volume":500,"label":" ","price":5.95},{"type":"B","date":"2018-04-23T02:15:12.000Z","volume":30000,"label":" ","price":5.95},{"type":"B","date":"2018-04-23T02:15:12.000Z","volume":2500,"label":" ","price":5.95},{"type":"B","date":"2018-04-23T02:15:15.000Z","volume":11000,"label":" ","price":5.95},{"type":"B","date":"2018-04-23T02:15:15.000Z","volume":4500,"label":" ","price":5.95},{"type":"B","date":"2018-04-23T02:15:17.000Z","volume":3000,"label":" ","price":5.95},{"type":"B","date":"2018-04-23T02:15:18.000Z","volume":1500,"label":" ","price":5.95},{"type":"B","date":"2018-04-23T02:15:20.000Z","volume":500,"label":" ","price":5.95},{"type":"B","date":"2018-04-23T02:15:20.000Z","volume":500,"label":" ","price":5.95},{"type":"A","date":"2018-04-23T02:15:27.000Z","volume":25500,"label":" ","price":5.95},{"type":"A","date":"2018-04-23T02:15:27.000Z","volume":22500,"label":" ","price":5.96},{"type":"A","date":"2018-04-23T02:15:27.000Z","volume":5500,"label":" ","price":5.97},{"type":"A","date":"2018-04-23T02:15:27.000Z","volume":1000,"label":" ","price":5.98},{"type":"A","date":"2018-04-23T02:15:27.000Z","volume":500,"label":" ","price":5.98},{"type":"A","date":"2018-04-23T02:15:27.000Z","volume":500,"label":" ","price":5.98},{"type":"B","date":"2018-04-23T02:15:28.000Z","volume":3000,"label":" ","price":5.97},{"type":"A","date":"2018-04-23T02:15:28.000Z","volume":1000,"label":" ","price":5.98},{"type":"B","date":"2018-04-23T02:15:29.000Z","volume":1000,"label":" ","price":5.97},{"type":"A","date":"2018-04-23T02:15:29.000Z","volume":500,"label":" ","price":5.98},{"type":"B","date":"2018-04-23T02:15:29.000Z","volume":4000,"label":" ","price":5.97},{"type":"A","date":"2018-04-23T02:15:30.000Z","volume":1500,"label":" ","price":5.98},{"type":"A","date":"2018-04-23T02:15:30.000Z","volume":6500,"label":"Y","price":5.98},{"type":"A","date":"2018-04-23T02:15:30.000Z","volume":1500,"label":" ","price":5.98},{"type":"A","date":"2018-04-23T02:15:30.000Z","volume":3000,"label":" ","price":5.98},{"type":"B","date":"2018-04-23T02:15:30.000Z","volume":5500,"label":" ","price":5.97},{"type":"A","date":"2018-04-23T02:15:30.000Z","volume":2500,"label":" ","price":5.98},{"type":"B","date":"2018-04-23T02:15:31.000Z","volume":1500,"label":" ","price":5.97},{"type":"A","date":"2018-04-23T02:15:31.000Z","volume":500,"label":" ","price":5.98},{"type":"B","date":"2018-04-23T02:15:32.000Z","volume":1000,"label":" ","price":5.97},{"type":"A","date":"2018-04-23T02:15:32.000Z","volume":500,"label":" ","price":5.98},{"type":"B","date":"2018-04-23T02:15:33.000Z","volume":16000,"label":" ","price":5.97},{"type":"A","date":"2018-04-23T02:15:33.000Z","volume":6000,"label":" ","price":5.98},{"type":"A","date":"2018-04-23T02:15:34.000Z","volume":500,"label":" ","price":5.98},{"type":"B","date":"2018-04-23T02:15:35.000Z","volume":7500,"label":" ","price":5.97},{"type":"A","date":"2018-04-23T02:15:36.000Z","volume":2500,"label":" ","price":5.98},{"type":"A","date":"2018-04-23T02:15:36.000Z","volume":500,"label":" ","price":5.98},{"type":"B","date":"2018-04-23T02:15:37.000Z","volume":1000,"label":" ","price":5.97},{"type":"A","date":"2018-04-23T02:15:43.000Z","volume":3000,"label":" ","price":5.98},{"type":"A","date":"2018-04-23T02:15:43.000Z","volume":1500,"label":" ","price":5.98},{"type":"A","date":"2018-04-23T02:15:43.000Z","volume":1500,"label":" ","price":5.98},{"type":"A","date":"2018-04-23T02:15:43.000Z","volume":500,"label":" ","price":5.98},{"type":"A","date":"2018-04-23T02:15:43.000Z","volume":10000,"label":" ","price":5.98},{"type":"A","date":"2018-04-23T02:15:44.000Z","volume":2500,"label":" ","price":5.98},{"type":"A","date":"2018-04-23T02:15:44.000Z","volume":3500,"label":" ","price":5.98},{"type":"A","date":"2018-04-23T02:15:44.000Z","volume":1500,"label":" ","price":5.98},{"type":"A","date":"2018-04-23T02:15:44.000Z","volume":1500,"label":" ","price":5.98},{"type":"A","date":"2018-04-23T02:15:44.000Z","volume":500,"label":" ","price":5.98},{"type":"B","date":"2018-04-23T02:15:45.000Z","volume":16000,"label":" ","price":5.97},{"type":"A","date":"2018-04-23T02:15:45.000Z","volume":3500,"label":" ","price":5.98},{"type":"B","date":"2018-04-23T02:15:49.000Z","volume":500,"label":"Y","price":5.97},{"type":"B","date":"2018-04-23T02:15:49.000Z","volume":36000,"label":" ","price":5.97},{"type":"B","date":"2018-04-23T02:15:49.000Z","volume":5500,"label":" ","price":5.97},{"type":"B","date":"2018-04-23T02:15:49.000Z","volume":11000,"label":" ","price":5.97},{"type":"B","date":"2018-04-23T02:15:49.000Z","volume":10000,"label":" ","price":5.97},{"type":"A","date":"2018-04-23T02:15:49.000Z","volume":500,"label":" ","price":5.94},{"type":"A","date":"2018-04-23T02:15:49.000Z","volume":500,"label":" ","price":5.94},{"type":"A","date":"2018-04-23T02:15:49.000Z","volume":4000,"label":" ","price":5.94},{"type":"B","date":"2018-04-23T02:15:57.000Z","volume":5500,"label":" ","price":5.94},{"type":"B","date":"2018-04-23T02:15:57.000Z","volume":1500,"label":" ","price":5.94},{"type":"B","date":"2018-04-23T02:15:57.000Z","volume":2500,"label":" ","price":5.91},{"type":"B","date":"2018-04-23T02:16:13.000Z","volume":3000,"label":" ","price":5.91},{"type":"A","date":"2018-04-23T02:16:15.000Z","volume":1000,"label":" ","price":5.93},{"type":"A","date":"2018-04-23T02:16:21.000Z","volume":10000,"label":" ","price":5.93},{"type":"A","date":"2018-04-23T02:16:22.000Z","volume":3500,"label":" ","price":5.93},{"type":"B","date":"2018-04-23T02:16:24.000Z","volume":1000,"label":" ","price":5.92},{"type":"A","date":"2018-04-23T02:16:26.000Z","volume":2000,"label":" ","price":5.93},{"type":"B","date":"2018-04-23T02:16:29.000Z","volume":3500,"label":" ","price":5.92},{"type":"B","date":"2018-04-23T02:16:29.000Z","volume":1500,"label":" ","price":5.92},{"type":"B","date":"2018-04-23T02:16:32.000Z","volume":1000,"label":" ","price":5.92},{"type":"B","date":"2018-04-23T02:16:37.000Z","volume":500,"label":" ","price":5.92},{"type":"B","date":"2018-04-23T02:16:37.000Z","volume":500,"label":" ","price":5.92},{"type":"A","date":"2018-04-23T02:16:38.000Z","volume":1500,"label":" ","price":5.92},{"type":"A","date":"2018-04-23T02:16:39.000Z","volume":5000,"label":" ","price":5.93},{"type":"U","date":"2018-04-23T02:16:40.000Z","volume":2500,"label":" ","price":5.92},{"type":"B","date":"2018-04-23T02:16:43.000Z","volume":1000,"label":" ","price":5.91},{"type":"B","date":"2018-04-23T02:16:43.000Z","volume":2000,"label":" ","price":5.91},{"type":"U","date":"2018-04-23T02:16:45.000Z","volume":1000,"label":" ","price":5.92},{"type":"B","date":"2018-04-23T02:16:53.000Z","volume":500,"label":" ","price":5.92},{"type":"B","date":"2018-04-23T02:16:53.000Z","volume":500,"label":" ","price":5.92},{"type":"B","date":"2018-04-23T02:17:01.000Z","volume":1000,"label":" ","price":5.9},{"type":"U","date":"2018-04-23T02:17:03.000Z","volume":500,"label":" ","price":5.91},{"type":"A","date":"2018-04-23T02:17:07.000Z","volume":7500,"label":" ","price":5.92},{"type":"A","date":"2018-04-23T02:17:07.000Z","volume":10500,"label":" ","price":5.92},{"type":"A","date":"2018-04-23T02:17:07.000Z","volume":2000,"label":" ","price":5.92},{"type":"B","date":"2018-04-23T02:17:08.000Z","volume":7000,"label":" ","price":5.91},{"type":"A","date":"2018-04-23T02:17:08.000Z","volume":1500,"label":" ","price":5.92},{"type":"B","date":"2018-04-23T02:17:17.000Z","volume":9500,"label":" ","price":5.91},{"type":"B","date":"2018-04-23T02:17:17.000Z","volume":7500,"label":" ","price":5.91},{"type":"B","date":"2018-04-23T02:17:17.000Z","volume":133500,"label":" ","price":5.9},{"type":"A","date":"2018-04-23T02:17:17.000Z","volume":33000,"label":" ","price":5.92},{"type":"A","date":"2018-04-23T02:17:17.000Z","volume":7000,"label":" ","price":5.93},{"type":"A","date":"2018-04-23T02:17:17.000Z","volume":4500,"label":" ","price":5.93},{"type":"A","date":"2018-04-23T02:17:17.000Z","volume":500,"label":" ","price":5.93},{"type":"A","date":"2018-04-23T02:17:17.000Z","volume":1500,"label":" ","price":5.93},{"type":"A","date":"2018-04-23T02:17:17.000Z","volume":2500,"label":" ","price":5.93},{"type":"A","date":"2018-04-23T02:17:17.000Z","volume":1500,"label":" ","price":5.93},{"type":"A","date":"2018-04-23T02:17:17.000Z","volume":500,"label":" ","price":5.93},{"type":"B","date":"2018-04-23T02:17:25.000Z","volume":2000,"label":" ","price":5.92},{"type":"A","date":"2018-04-23T02:17:25.000Z","volume":500,"label":" ","price":5.92},{"type":"B","date":"2018-04-23T02:17:27.000Z","volume":1000,"label":" ","price":5.91},{"type":"B","date":"2018-04-23T02:17:27.000Z","volume":500,"label":" ","price":5.91},{"type":"B","date":"2018-04-23T02:17:27.000Z","volume":500,"label":" ","price":5.91},{"type":"A","date":"2018-04-23T02:17:29.000Z","volume":8500,"label":" ","price":5.91},{"type":"A","date":"2018-04-23T02:17:29.000Z","volume":2500,"label":" ","price":5.92},{"type":"A","date":"2018-04-23T02:17:29.000Z","volume":2000,"label":" ","price":5.92},{"type":"A","date":"2018-04-23T02:17:29.000Z","volume":500,"label":" ","price":5.92},{"type":"A","date":"2018-04-23T02:17:29.000Z","volume":500,"label":" ","price":5.92},{"type":"B","date":"2018-04-23T02:17:42.000Z","volume":2000,"label":" ","price":5.9},{"type":"B","date":"2018-04-23T02:17:42.000Z","volume":1000,"label":" ","price":5.9},{"type":"B","date":"2018-04-23T02:17:42.000Z","volume":2500,"label":" ","price":5.9},{"type":"A","date":"2018-04-23T02:17:42.000Z","volume":1500,"label":" ","price":5.92},{"type":"A","date":"2018-04-23T02:17:42.000Z","volume":500,"label":" ","price":5.92},{"type":"A","date":"2018-04-23T02:17:42.000Z","volume":500,"label":" ","price":5.92},{"type":"U","date":"2018-04-23T02:17:44.000Z","volume":2500,"label":" ","price":5.91},{"type":"A","date":"2018-04-23T02:17:44.000Z","volume":1000,"label":" ","price":5.92},{"type":"A","date":"2018-04-23T02:17:44.000Z","volume":2000,"label":" ","price":5.92},{"type":"A","date":"2018-04-23T02:17:44.000Z","volume":1000,"label":" ","price":5.92},{"type":"U","date":"2018-04-23T02:17:47.000Z","volume":1500,"label":" ","price":5.9},{"type":"A","date":"2018-04-23T02:17:47.000Z","volume":500,"label":" ","price":5.91},{"type":"B","date":"2018-04-23T02:17:49.000Z","volume":2500,"label":" ","price":5.89},{"type":"A","date":"2018-04-23T02:17:49.000Z","volume":1000,"label":" ","price":5.91},{"type":"A","date":"2018-04-23T02:17:49.000Z","volume":1500,"label":" ","price":5.91},{"type":"A","date":"2018-04-23T02:17:49.000Z","volume":3500,"label":" ","price":5.91},{"type":"A","date":"2018-04-23T02:17:49.000Z","volume":2000,"label":" ","price":5.92},{"type":"A","date":"2018-04-23T02:17:49.000Z","volume":1500,"label":" ","price":5.92},{"type":"A","date":"2018-04-23T02:17:49.000Z","volume":1000,"label":" ","price":5.92},{"type":"B","date":"2018-04-23T02:17:52.000Z","volume":1000,"label":" ","price":5.89},{"type":"A","date":"2018-04-23T02:17:52.000Z","volume":500,"label":" ","price":5.9},{"type":"A","date":"2018-04-23T02:17:52.000Z","volume":1000,"label":" ","price":5.9},{"type":"B","date":"2018-04-23T02:17:57.000Z","volume":7000,"label":" ","price":5.89},{"type":"A","date":"2018-04-23T02:17:57.000Z","volume":3000,"label":" ","price":5.92},{"type":"A","date":"2018-04-23T02:17:57.000Z","volume":30500,"label":" ","price":5.92},{"type":"A","date":"2018-04-23T02:17:57.000Z","volume":8000,"label":" ","price":5.93},{"type":"A","date":"2018-04-23T02:17:57.000Z","volume":3000,"label":" ","price":5.95},{"type":"A","date":"2018-04-23T02:17:57.000Z","volume":2000,"label":" ","price":5.95},{"type":"A","date":"2018-04-23T02:17:58.000Z","volume":6500,"label":" ","price":5.95},{"type":"A","date":"2018-04-23T02:17:58.000Z","volume":1500,"label":" ","price":5.95},{"type":"A","date":"2018-04-23T02:18:00.000Z","volume":500,"label":" ","price":5.95},{"type":"A","date":"2018-04-23T02:18:00.000Z","volume":4000,"label":" ","price":5.95},{"type":"U","date":"2018-04-23T02:18:02.000Z","volume":1500,"label":" ","price":5.95},{"type":"U","date":"2018-04-23T02:18:02.000Z","volume":4000,"label":" ","price":5.95},{"type":"A","date":"2018-04-23T02:18:02.000Z","volume":3500,"label":" ","price":5.96},{"type":"A","date":"2018-04-23T02:18:02.000Z","volume":4000,"label":" ","price":5.96},{"type":"A","date":"2018-04-23T02:18:02.000Z","volume":2000,"label":" ","price":5.97},{"type":"A","date":"2018-04-23T02:18:02.000Z","volume":2500,"label":" ","price":5.96},{"type":"A","date":"2018-04-23T02:18:02.000Z","volume":1000,"label":" ","price":5.97},{"type":"B","date":"2018-04-23T02:18:13.000Z","volume":1500,"label":" ","price":5.92},{"type":"B","date":"2018-04-23T02:18:13.000Z","volume":18500,"label":" ","price":5.92},{"type":"A","date":"2018-04-23T02:18:13.000Z","volume":7000,"label":" ","price":5.97},{"type":"A","date":"2018-04-23T02:18:13.000Z","volume":1000,"label":" ","price":5.97},{"type":"U","date":"2018-04-23T02:18:14.000Z","volume":7500,"label":" ","price":5.96},{"type":"U","date":"2018-04-23T02:18:14.000Z","volume":4000,"label":" ","price":5.96},{"type":"A","date":"2018-04-23T02:18:14.000Z","volume":4500,"label":" ","price":5.97},{"type":"A","date":"2018-04-23T02:18:14.000Z","volume":500,"label":" ","price":5.97},{"type":"B","date":"2018-04-23T02:18:22.000Z","volume":2000,"label":" ","price":5.93},{"type":"B","date":"2018-04-23T02:18:22.000Z","volume":3000,"label":" ","price":5.93},{"type":"B","date":"2018-04-23T02:18:22.000Z","volume":1000,"label":" ","price":5.93},{"type":"B","date":"2018-04-23T02:18:22.000Z","volume":500,"label":" ","price":5.93},{"type":"B","date":"2018-04-23T02:18:22.000Z","volume":1500,"label":" ","price":5.93},{"type":"A","date":"2018-04-23T02:18:22.000Z","volume":500,"label":" ","price":5.93},{"type":"A","date":"2018-04-23T02:18:23.000Z","volume":2000,"label":" ","price":5.92},{"type":"A","date":"2018-04-23T02:18:23.000Z","volume":500,"label":" ","price":5.93},{"type":"B","date":"2018-04-23T02:18:37.000Z","volume":2000,"label":" ","price":5.92},{"type":"B","date":"2018-04-23T02:18:37.000Z","volume":6000,"label":" ","price":5.9},{"type":"A","date":"2018-04-23T02:18:37.000Z","volume":2500,"label":" ","price":5.93},{"type":"A","date":"2018-04-23T02:18:37.000Z","volume":500,"label":" ","price":5.93},{"type":"A","date":"2018-04-23T02:18:37.000Z","volume":1500,"label":" ","price":5.93},{"type":"A","date":"2018-04-23T02:18:37.000Z","volume":500,"label":" ","price":5.93},{"type":"A","date":"2018-04-23T02:18:38.000Z","volume":13500,"label":" ","price":5.93},{"type":"A","date":"2018-04-23T02:18:38.000Z","volume":5000,"label":" ","price":5.94},{"type":"A","date":"2018-04-23T02:18:38.000Z","volume":1500,"label":" ","price":5.95},{"type":"A","date":"2018-04-23T02:18:38.000Z","volume":500,"label":" ","price":5.96},{"type":"A","date":"2018-04-23T02:18:38.000Z","volume":500,"label":" ","price":5.97},{"type":"A","date":"2018-04-23T02:18:39.000Z","volume":2500,"label":" ","price":5.96},{"type":"A","date":"2018-04-23T02:18:39.000Z","volume":1000,"label":" ","price":5.97},{"type":"A","date":"2018-04-23T02:18:39.000Z","volume":500,"label":" ","price":5.97},{"type":"U","date":"2018-04-23T02:18:40.000Z","volume":1500,"label":" ","price":5.96},{"type":"U","date":"2018-04-23T02:18:40.000Z","volume":500,"label":" ","price":5.96},{"type":"U","date":"2018-04-23T02:18:41.000Z","volume":500,"label":" ","price":5.95},{"type":"B","date":"2018-04-23T02:18:53.000Z","volume":500,"label":"Y","price":5.92},{"type":"B","date":"2018-04-23T02:18:53.000Z","volume":10500,"label":" ","price":5.92},{"type":"B","date":"2018-04-23T02:18:53.000Z","volume":1000,"label":" ","price":5.92},{"type":"A","date":"2018-04-23T02:18:53.000Z","volume":3000,"label":" ","price":5.96},{"type":"A","date":"2018-04-23T02:18:53.000Z","volume":1500,"label":" ","price":5.96},{"type":"A","date":"2018-04-23T02:18:53.000Z","volume":500,"label":" ","price":5.96},{"type":"A","date":"2018-04-23T02:18:55.000Z","volume":4500,"label":" ","price":5.93},{"type":"A","date":"2018-04-23T02:18:55.000Z","volume":2000,"label":" ","price":5.95},{"type":"A","date":"2018-04-23T02:18:55.000Z","volume":1500,"label":" ","price":5.95},{"type":"A","date":"2018-04-23T02:18:55.000Z","volume":500,"label":" ","price":5.97},{"type":"A","date":"2018-04-23T02:18:57.000Z","volume":1500,"label":" ","price":5.93},{"type":"A","date":"2018-04-23T02:18:57.000Z","volume":1000,"label":" ","price":5.97},{"type":"B","date":"2018-04-23T02:19:09.000Z","volume":8000,"label":" ","price":5.92},{"type":"B","date":"2018-04-23T02:19:09.000Z","volume":500,"label":" ","price":5.92},{"type":"U","date":"2018-04-23T02:19:12.000Z","volume":3000,"label":" ","price":5.93},{"type":"B","date":"2018-04-23T02:19:17.000Z","volume":2000,"label":" ","price":5.93},{"type":"A","date":"2018-04-23T02:19:17.000Z","volume":500,"label":" ","price":5.92},{"type":"A","date":"2018-04-23T02:19:19.000Z","volume":1000,"label":" ","price":5.91},{"type":"A","date":"2018-04-23T02:19:21.000Z","volume":1000,"label":" ","price":5.92},{"type":"B","date":"2018-04-23T02:19:25.000Z","volume":2000,"label":" ","price":5.91},{"type":"A","date":"2018-04-23T02:19:25.000Z","volume":1500,"label":" ","price":5.92},{"type":"A","date":"2018-04-23T02:19:27.000Z","volume":3500,"label":"Y","price":5.92},{"type":"A","date":"2018-04-23T02:19:27.000Z","volume":5500,"label":" ","price":5.92},{"type":"A","date":"2018-04-23T02:19:27.000Z","volume":2000,"label":" ","price":5.95},{"type":"A","date":"2018-04-23T02:19:27.000Z","volume":3000,"label":" ","price":5.95},{"type":"A","date":"2018-04-23T02:19:27.000Z","volume":1000,"label":" ","price":5.96},{"type":"A","date":"2018-04-23T02:19:29.000Z","volume":1500,"label":" ","price":5.93},{"type":"A","date":"2018-04-23T02:19:29.000Z","volume":500,"label":" ","price":5.96},{"type":"A","date":"2018-04-23T02:19:29.000Z","volume":500,"label":" ","price":5.96},{"type":"A","date":"2018-04-23T02:19:30.000Z","volume":1500,"label":" ","price":5.95},{"type":"A","date":"2018-04-23T02:19:30.000Z","volume":500,"label":" ","price":5.96},{"type":"A","date":"2018-04-23T02:19:31.000Z","volume":500,"label":" ","price":5.95},{"type":"B","date":"2018-04-23T02:19:33.000Z","volume":6000,"label":" ","price":5.91},{"type":"B","date":"2018-04-23T02:19:36.000Z","volume":2000,"label":" ","price":5.91},{"type":"B","date":"2018-04-23T02:19:49.000Z","volume":4000,"label":" ","price":5.91},{"type":"A","date":"2018-04-23T02:19:49.000Z","volume":1500,"label":" ","price":5.94},{"type":"A","date":"2018-04-23T02:19:51.000Z","volume":2000,"label":" ","price":5.92},{"type":"A","date":"2018-04-23T02:19:52.000Z","volume":1000,"label":" ","price":5.94},{"type":"B","date":"2018-04-23T02:19:57.000Z","volume":2500,"label":" ","price":5.91},{"type":"A","date":"2018-04-23T02:19:57.000Z","volume":500,"label":" ","price":5.94},{"type":"B","date":"2018-04-23T02:20:00.000Z","volume":1000,"label":" ","price":5.92},{"type":"B","date":"2018-04-23T02:20:06.000Z","volume":1000,"label":" ","price":5.92},{"type":"A","date":"2018-04-23T02:20:06.000Z","volume":500,"label":" ","price":5.94},{"type":"U","date":"2018-04-23T02:20:07.000Z","volume":500,"label":" ","price":5.93},{"type":"A","date":"2018-04-23T02:20:07.000Z","volume":500,"label":" ","price":5.94},{"type":"B","date":"2018-04-23T02:20:21.000Z","volume":1000,"label":" ","price":5.92},{"type":"A","date":"2018-04-23T02:20:21.000Z","volume":500,"label":" ","price":5.94},{"type":"B","date":"2018-04-23T02:20:37.000Z","volume":500,"label":" ","price":5.92},{"type":"A","date":"2018-04-23T02:21:03.000Z","volume":16500,"label":" ","price":5.94},{"type":"A","date":"2018-04-23T02:21:03.000Z","volume":3500,"label":" ","price":5.94},{"type":"A","date":"2018-04-23T02:21:03.000Z","volume":4500,"label":" ","price":5.95},{"type":"A","date":"2018-04-23T02:21:03.000Z","volume":1000,"label":" ","price":5.95},{"type":"A","date":"2018-04-23T02:21:03.000Z","volume":6500,"label":" ","price":5.97},{"type":"A","date":"2018-04-23T02:21:03.000Z","volume":2000,"label":" ","price":5.99},{"type":"A","date":"2018-04-23T02:21:03.000Z","volume":1000,"label":" ","price":5.99},{"type":"U","date":"2018-04-23T02:21:03.000Z","volume":3000,"label":" ","price":5.94},{"type":"U","date":"2018-04-23T02:21:03.000Z","volume":3500,"label":" ","price":5.94},{"type":"A","date":"2018-04-23T02:21:03.000Z","volume":2500,"label":" ","price":5.99},{"type":"B","date":"2018-04-23T02:21:10.000Z","volume":13000,"label":" ","price":5.94},{"type":"U","date":"2018-04-23T02:21:12.000Z","volume":4000,"label":" ","price":5.95},{"type":"A","date":"2018-04-23T02:21:12.000Z","volume":1500,"label":" ","price":5.97},{"type":"A","date":"2018-04-23T02:21:12.000Z","volume":1000,"label":" ","price":5.97},{"type":"B","date":"2018-04-23T02:21:26.000Z","volume":500,"label":"Y","price":5.95},{"type":"B","date":"2018-04-23T02:21:26.000Z","volume":5500,"label":" ","price":5.95},{"type":"B","date":"2018-04-23T02:21:29.000Z","volume":1500,"label":" ","price":5.95},{"type":"B","date":"2018-04-23T02:21:42.000Z","volume":2000,"label":" ","price":5.95},{"type":"B","date":"2018-04-23T02:21:45.000Z","volume":500,"label":" ","price":5.95},{"type":"B","date":"2018-04-23T02:21:50.000Z","volume":1000,"label":" ","price":5.95},{"type":"B","date":"2018-04-23T02:21:50.000Z","volume":1000,"label":" ","price":5.95},{"type":"A","date":"2018-04-23T02:21:50.000Z","volume":500,"label":" ","price":5.95},{"type":"B","date":"2018-04-23T02:21:50.000Z","volume":500,"label":" ","price":5.95},{"type":"B","date":"2018-04-23T02:21:50.000Z","volume":500,"label":" ","price":5.95},{"type":"A","date":"2018-04-23T02:21:53.000Z","volume":3000,"label":" ","price":5.97},{"type":"A","date":"2018-04-23T02:21:54.000Z","volume":1000,"label":" ","price":5.96},{"type":"B","date":"2018-04-23T02:22:06.000Z","volume":2000,"label":" ","price":5.94},{"type":"A","date":"2018-04-23T02:22:08.000Z","volume":500,"label":" ","price":5.95},{"type":"A","date":"2018-04-23T02:22:08.000Z","volume":500,"label":" ","price":5.97},{"type":"A","date":"2018-04-23T02:22:08.000Z","volume":3000,"label":" ","price":5.97},{"type":"A","date":"2018-04-23T02:22:08.000Z","volume":6000,"label":" ","price":5.97},{"type":"B","date":"2018-04-23T02:22:14.000Z","volume":4000,"label":" ","price":5.94},{"type":"B","date":"2018-04-23T02:22:38.000Z","volume":1000,"label":" ","price":5.94},{"type":"B","date":"2018-04-23T02:22:54.000Z","volume":500,"label":" ","price":5.94},{"type":"A","date":"2018-04-23T02:22:55.000Z","volume":500,"label":" ","price":5.96},{"type":"U","date":"2018-04-23T02:23:55.000Z","volume":500,"label":" ","price":5.96},{"type":"B","date":"2018-04-23T02:24:36.000Z","volume":10000,"label":" ","price":5.97},{"type":"B","date":"2018-04-23T02:24:39.000Z","volume":3500,"label":" ","price":5.97},{"type":"B","date":"2018-04-23T02:24:57.000Z","volume":4000,"label":" ","price":5.97},{"type":"B","date":"2018-04-23T02:24:59.000Z","volume":1500,"label":" ","price":5.97},{"type":"B","date":"2018-04-23T02:25:05.000Z","volume":1500,"label":" ","price":5.97},{"type":"B","date":"2018-04-23T02:25:13.000Z","volume":1000,"label":" ","price":5.97},{"type":"B","date":"2018-04-23T02:25:14.000Z","volume":1500,"label":" ","price":5.97},{"type":"A","date":"2018-04-23T02:25:14.000Z","volume":2000,"label":" ","price":5.97},{"type":"A","date":"2018-04-23T02:25:14.000Z","volume":6000,"label":" ","price":5.97},{"type":"B","date":"2018-04-23T02:25:15.000Z","volume":500,"label":" ","price":5.96},{"type":"B","date":"2018-04-23T02:25:16.000Z","volume":3500,"label":" ","price":5.96},{"type":"B","date":"2018-04-23T02:25:29.000Z","volume":4000,"label":" ","price":5.96},{"type":"B","date":"2018-04-23T02:25:31.000Z","volume":1000,"label":" ","price":5.96},{"type":"B","date":"2018-04-23T02:25:37.000Z","volume":1500,"label":" ","price":5.96},{"type":"B","date":"2018-04-23T02:25:37.000Z","volume":112000,"label":" ","price":5.96},{"type":"B","date":"2018-04-23T02:25:37.000Z","volume":40000,"label":" ","price":5.95},{"type":"B","date":"2018-04-23T02:25:37.000Z","volume":11500,"label":" ","price":5.95},{"type":"A","date":"2018-04-23T02:25:37.000Z","volume":2000,"label":" ","price":5.97},{"type":"A","date":"2018-04-23T02:25:37.000Z","volume":500,"label":" ","price":5.97},{"type":"B","date":"2018-04-23T02:25:39.000Z","volume":5500,"label":" ","price":5.95},{"type":"B","date":"2018-04-23T02:25:39.000Z","volume":2500,"label":" ","price":5.95},{"type":"B","date":"2018-04-23T02:25:39.000Z","volume":6000,"label":" ","price":5.94},{"type":"A","date":"2018-04-23T02:25:39.000Z","volume":1500,"label":" ","price":5.94},{"type":"A","date":"2018-04-23T02:25:39.000Z","volume":3000,"label":" ","price":5.94},{"type":"A","date":"2018-04-23T02:25:39.000Z","volume":4000,"label":" ","price":5.94},{"type":"B","date":"2018-04-23T02:25:41.000Z","volume":12500,"label":" ","price":5.92},{"type":"B","date":"2018-04-23T02:26:01.000Z","volume":1000,"label":"Y","price":5.93},{"type":"B","date":"2018-04-23T02:26:01.000Z","volume":37000,"label":" ","price":5.93},{"type":"B","date":"2018-04-23T02:26:01.000Z","volume":19000,"label":" ","price":5.93},{"type":"B","date":"2018-04-23T02:26:01.000Z","volume":2500,"label":" ","price":5.93},{"type":"B","date":"2018-04-23T02:26:01.000Z","volume":5000,"label":" ","price":5.93},{"type":"B","date":"2018-04-23T02:26:01.000Z","volume":1000,"label":" ","price":5.92},{"type":"B","date":"2018-04-23T02:26:01.000Z","volume":19000,"label":" ","price":5.91},{"type":"A","date":"2018-04-23T02:26:03.000Z","volume":9000,"label":" ","price":5.92},{"type":"A","date":"2018-04-23T02:26:03.000Z","volume":12500,"label":" ","price":5.92},{"type":"A","date":"2018-04-23T02:26:03.000Z","volume":1000,"label":" ","price":5.92},{"type":"B","date":"2018-04-23T02:26:09.000Z","volume":25500,"label":" ","price":5.91},{"type":"B","date":"2018-04-23T02:26:12.000Z","volume":8500,"label":" ","price":5.91},{"type":"B","date":"2018-04-23T02:26:25.000Z","volume":16500,"label":" ","price":5.91},{"type":"A","date":"2018-04-23T02:26:25.000Z","volume":6000,"label":" ","price":5.93},{"type":"A","date":"2018-04-23T02:26:25.000Z","volume":500,"label":" ","price":5.93},{"type":"A","date":"2018-04-23T02:26:26.000Z","volume":5500,"label":" ","price":5.92},{"type":"A","date":"2018-04-23T02:26:26.000Z","volume":2000,"label":" ","price":5.92},{"type":"B","date":"2018-04-23T02:26:34.000Z","volume":9500,"label":" ","price":5.91},{"type":"A","date":"2018-04-23T02:26:34.000Z","volume":4000,"label":" ","price":5.93},{"type":"B","date":"2018-04-23T02:26:36.000Z","volume":3500,"label":" ","price":5.91},{"type":"A","date":"2018-04-23T02:26:36.000Z","volume":1500,"label":" ","price":5.92},{"type":"B","date":"2018-04-23T02:26:37.000Z","volume":1000,"label":" ","price":5.91},{"type":"A","date":"2018-04-23T02:26:37.000Z","volume":500,"label":" ","price":5.92},{"type":"B","date":"2018-04-23T02:26:38.000Z","volume":1000,"label":" ","price":5.91},{"type":"A","date":"2018-04-23T02:26:38.000Z","volume":500,"label":" ","price":5.92},{"type":"A","date":"2018-04-23T02:26:40.000Z","volume":4500,"label":"Y","price":5.92},{"type":"A","date":"2018-04-23T02:26:40.000Z","volume":12500,"label":" ","price":5.92},{"type":"A","date":"2018-04-23T02:26:40.000Z","volume":6500,"label":" ","price":5.93},{"type":"A","date":"2018-04-23T02:26:40.000Z","volume":500,"label":" ","price":5.93},{"type":"A","date":"2018-04-23T02:26:44.000Z","volume":500,"label":" ","price":5.93},{"type":"A","date":"2018-04-23T02:26:46.000Z","volume":500,"label":" ","price":5.93},{"type":"B","date":"2018-04-23T02:26:49.000Z","volume":13500,"label":" ","price":5.92},{"type":"A","date":"2018-04-23T02:26:49.000Z","volume":4500,"label":" ","price":5.93},{"type":"A","date":"2018-04-23T02:26:49.000Z","volume":500,"label":" ","price":5.93},{"type":"B","date":"2018-04-23T02:26:51.000Z","volume":4000,"label":" ","price":5.92},{"type":"B","date":"2018-04-23T02:26:58.000Z","volume":7000,"label":" ","price":5.92},{"type":"B","date":"2018-04-23T02:27:00.000Z","volume":2000,"label":"Y","price":5.92},{"type":"B","date":"2018-04-23T02:27:14.000Z","volume":3000,"label":" ","price":5.92},{"type":"B","date":"2018-04-23T02:27:16.000Z","volume":1000,"label":"Y","price":5.92},{"type":"B","date":"2018-04-23T02:27:22.000Z","volume":1000,"label":" ","price":5.92},{"type":"B","date":"2018-04-23T02:27:24.000Z","volume":500,"label":"Y","price":5.92},{"type":"B","date":"2018-04-23T02:27:46.000Z","volume":500,"label":" ","price":5.92},{"type":"A","date":"2018-04-23T02:28:07.000Z","volume":7000,"label":"Y","price":5.93},{"type":"A","date":"2018-04-23T02:28:07.000Z","volume":23000,"label":" ","price":5.93},{"type":"A","date":"2018-04-23T02:28:07.000Z","volume":27000,"label":" ","price":5.93},{"type":"A","date":"2018-04-23T02:28:07.000Z","volume":6500,"label":" ","price":5.94},{"type":"A","date":"2018-04-23T02:28:07.000Z","volume":5000,"label":" ","price":5.95},{"type":"A","date":"2018-04-23T02:28:08.000Z","volume":1500,"label":" ","price":5.96},{"type":"A","date":"2018-04-23T02:28:08.000Z","volume":8000,"label":" ","price":5.96},{"type":"A","date":"2018-04-23T02:28:08.000Z","volume":2000,"label":" ","price":5.97},{"type":"U","date":"2018-04-23T02:28:08.000Z","volume":3000,"label":" ","price":5.94},{"type":"U","date":"2018-04-23T02:28:09.000Z","volume":2000,"label":" ","price":5.98},{"type":"B","date":"2018-04-23T02:28:13.000Z","volume":2000,"label":" ","price":5.93},{"type":"A","date":"2018-04-23T02:28:13.000Z","volume":1000,"label":" ","price":5.94},{"type":"B","date":"2018-04-23T02:28:26.000Z","volume":9000,"label":" ","price":5.93},{"type":"B","date":"2018-04-23T02:28:26.000Z","volume":2500,"label":" ","price":5.93},{"type":"B","date":"2018-04-23T02:28:26.000Z","volume":4000,"label":" ","price":5.93},{"type":"B","date":"2018-04-23T02:28:26.000Z","volume":3000,"label":"Y","price":5.92},{"type":"A","date":"2018-04-23T02:28:26.000Z","volume":16000,"label":" ","price":5.93},{"type":"A","date":"2018-04-23T02:28:27.000Z","volume":3500,"label":" ","price":5.93},{"type":"A","date":"2018-04-23T02:28:27.000Z","volume":500,"label":" ","price":5.94},{"type":"A","date":"2018-04-23T02:28:27.000Z","volume":5000,"label":" ","price":5.94},{"type":"A","date":"2018-04-23T02:28:31.000Z","volume":2500,"label":"Y","price":5.93},{"type":"A","date":"2018-04-23T02:28:31.000Z","volume":7500,"label":" ","price":5.93},{"type":"A","date":"2018-04-23T02:28:31.000Z","volume":3500,"label":"Y","price":5.93},{"type":"A","date":"2018-04-23T02:28:31.000Z","volume":21500,"label":" ","price":5.93},{"type":"B","date":"2018-04-23T02:28:33.000Z","volume":500,"label":" ","price":5.93},{"type":"B","date":"2018-04-23T02:28:33.000Z","volume":500,"label":" ","price":5.93},{"type":"B","date":"2018-04-23T02:28:34.000Z","volume":500,"label":" ","price":5.93},{"type":"B","date":"2018-04-23T02:28:34.000Z","volume":500,"label":" ","price":5.93},{"type":"A","date":"2018-04-23T02:28:41.000Z","volume":1500,"label":"Y","price":5.93},{"type":"A","date":"2018-04-23T02:28:41.000Z","volume":2500,"label":" ","price":5.93},{"type":"B","date":"2018-04-23T02:28:51.000Z","volume":1000,"label":" ","price":5.93},{"type":"B","date":"2018-04-23T02:29:07.000Z","volume":500,"label":" ","price":5.93},{"type":"A","date":"2018-04-23T02:31:51.000Z","volume":1000,"label":" ","price":5.96},{"type":"U","date":"2018-04-23T02:31:53.000Z","volume":500,"label":" ","price":5.94},{"type":"B","date":"2018-04-23T02:32:11.000Z","volume":500,"label":" ","price":5.93},{"type":"B","date":"2018-04-23T02:32:27.000Z","volume":500,"label":" ","price":5.93},{"type":"B","date":"2018-04-23T02:32:38.000Z","volume":20000,"label":" ","price":5.93},{"type":"B","date":"2018-04-23T02:32:38.000Z","volume":34500,"label":" ","price":5.93},{"type":"B","date":"2018-04-23T02:32:38.000Z","volume":4500,"label":" ","price":5.93},{"type":"B","date":"2018-04-23T02:32:38.000Z","volume":5500,"label":" ","price":5.93},{"type":"B","date":"2018-04-23T02:32:40.000Z","volume":20000,"label":" ","price":5.93},{"type":"B","date":"2018-04-23T02:32:40.000Z","volume":3500,"label":" ","price":5.93},{"type":"B","date":"2018-04-23T02:32:40.000Z","volume":3500,"label":" ","price":5.93},{"type":"B","date":"2018-04-23T02:32:40.000Z","volume":8000,"label":" ","price":5.93},{"type":"U","date":"2018-04-23T02:32:40.000Z","volume":3500,"label":" ","price":5.93},{"type":"A","date":"2018-04-23T02:32:40.000Z","volume":1500,"label":" ","price":5.93},{"type":"B","date":"2018-04-23T02:32:46.000Z","volume":19500,"label":" ","price":5.92},{"type":"A","date":"2018-04-23T02:32:48.000Z","volume":1500,"label":" ","price":5.92},{"type":"B","date":"2018-04-23T02:32:51.000Z","volume":22500,"label":" ","price":5.91},{"type":"B","date":"2018-04-23T02:32:51.000Z","volume":3000,"label":" ","price":5.91},{"type":"B","date":"2018-04-23T02:32:52.000Z","volume":5000,"label":" ","price":5.9},{"type":"B","date":"2018-04-23T02:32:52.000Z","volume":2000,"label":" ","price":5.9},{"type":"B","date":"2018-04-23T02:32:54.000Z","volume":9000,"label":" ","price":5.9},{"type":"B","date":"2018-04-23T02:33:00.000Z","volume":1000,"label":"Y","price":5.9},{"type":"B","date":"2018-04-23T02:33:00.000Z","volume":16000,"label":" ","price":5.9},{"type":"B","date":"2018-04-23T02:33:00.000Z","volume":8500,"label":" ","price":5.9},{"type":"A","date":"2018-04-23T02:33:00.000Z","volume":1500,"label":" ","price":5.9},{"type":"B","date":"2018-04-23T02:33:00.000Z","volume":2000,"label":" ","price":5.85},{"type":"U","date":"2018-04-23T02:33:01.000Z","volume":5000,"label":" ","price":5.88},{"type":"B","date":"2018-04-23T02:33:16.000Z","volume":10000,"label":" ","price":5.86},{"type":"A","date":"2018-04-23T02:33:21.000Z","volume":10500,"label":" ","price":5.88},{"type":"A","date":"2018-04-23T02:33:22.000Z","volume":27500,"label":" ","price":5.88},{"type":"A","date":"2018-04-23T02:33:22.000Z","volume":19500,"label":" ","price":5.88},{"type":"A","date":"2018-04-23T02:33:22.000Z","volume":16500,"label":" ","price":5.89},{"type":"B","date":"2018-04-23T02:33:24.000Z","volume":3000,"label":" ","price":5.87},{"type":"A","date":"2018-04-23T02:33:30.000Z","volume":2000,"label":" ","price":5.91},{"type":"B","date":"2018-04-23T02:33:32.000Z","volume":23500,"label":" ","price":5.89},{"type":"A","date":"2018-04-23T02:33:33.000Z","volume":3500,"label":" ","price":5.92},{"type":"A","date":"2018-04-23T02:33:33.000Z","volume":500,"label":"Y","price":5.92},{"type":"B","date":"2018-04-23T02:33:40.000Z","volume":8500,"label":" ","price":5.89},{"type":"B","date":"2018-04-23T02:33:48.000Z","volume":2500,"label":" ","price":5.89},{"type":"B","date":"2018-04-23T02:34:12.000Z","volume":1000,"label":" ","price":5.89},{"type":"B","date":"2018-04-23T02:34:20.000Z","volume":500,"label":" ","price":5.89},{"type":"U","date":"2018-04-23T02:34:23.000Z","volume":6000,"label":" ","price":5.9},{"type":"B","date":"2018-04-23T02:34:36.000Z","volume":1500,"label":" ","price":5.9},{"type":"B","date":"2018-04-23T02:34:44.000Z","volume":500,"label":" ","price":5.9},{"type":"B","date":"2018-04-23T02:34:52.000Z","volume":500,"label":" ","price":5.9},{"type":"A","date":"2018-04-23T02:37:03.000Z","volume":19500,"label":" ","price":5.93},{"type":"A","date":"2018-04-23T02:37:03.000Z","volume":1500,"label":" ","price":5.94},{"type":"A","date":"2018-04-23T02:37:03.000Z","volume":1500,"label":" ","price":5.95},{"type":"A","date":"2018-04-23T02:37:03.000Z","volume":1000,"label":" ","price":5.96},{"type":"A","date":"2018-04-23T02:37:03.000Z","volume":500,"label":" ","price":5.96},{"type":"A","date":"2018-04-23T02:37:03.000Z","volume":2000,"label":" ","price":5.96},{"type":"A","date":"2018-04-23T02:37:03.000Z","volume":1500,"label":" ","price":5.97},{"type":"B","date":"2018-04-23T02:37:08.000Z","volume":8000,"label":" ","price":5.92},{"type":"A","date":"2018-04-23T02:37:08.000Z","volume":500,"label":" ","price":5.96},{"type":"A","date":"2018-04-23T02:37:08.000Z","volume":3500,"label":" ","price":5.96},{"type":"A","date":"2018-04-23T02:37:08.000Z","volume":500,"label":" ","price":5.97},{"type":"A","date":"2018-04-23T02:37:08.000Z","volume":1000,"label":" ","price":5.97},{"type":"A","date":"2018-04-23T02:37:08.000Z","volume":500,"label":" ","price":5.97},{"type":"A","date":"2018-04-23T02:37:08.000Z","volume":4500,"label":" ","price":5.97},{"type":"B","date":"2018-04-23T02:37:24.000Z","volume":6000,"label":" ","price":5.92},{"type":"B","date":"2018-04-23T02:37:40.000Z","volume":1500,"label":" ","price":5.92},{"type":"B","date":"2018-04-23T02:37:48.000Z","volume":500,"label":" ","price":5.92},{"type":"A","date":"2018-04-23T02:39:00.000Z","volume":1000,"label":" ","price":5.96},{"type":"B","date":"2018-04-23T02:39:17.000Z","volume":500,"label":" ","price":5.93},{"type":"A","date":"2018-04-23T02:41:07.000Z","volume":500,"label":"Y","price":5.95},{"type":"A","date":"2018-04-23T02:41:07.000Z","volume":500,"label":" ","price":5.95},{"type":"B","date":"2018-04-23T02:41:17.000Z","volume":500,"label":" ","price":5.93},{"type":"B","date":"2018-04-23T02:41:41.000Z","volume":500,"label":" ","price":5.93},{"type":"A","date":"2018-04-23T02:41:59.000Z","volume":1000,"label":" ","price":5.95},{"type":"A","date":"2018-04-23T02:41:59.000Z","volume":500,"label":" ","price":5.95},{"type":"B","date":"2018-04-23T02:42:13.000Z","volume":500,"label":" ","price":5.93},{"type":"B","date":"2018-04-23T02:42:21.000Z","volume":500,"label":" ","price":5.93},{"type":"B","date":"2018-04-23T02:42:39.000Z","volume":2000,"label":" ","price":5.93},{"type":"A","date":"2018-04-23T02:42:39.000Z","volume":500,"label":" ","price":5.95},{"type":"B","date":"2018-04-23T02:42:53.000Z","volume":500,"label":" ","price":5.93},{"type":"A","date":"2018-04-23T02:42:53.000Z","volume":500,"label":" ","price":5.95},{"type":"B","date":"2018-04-23T02:43:01.000Z","volume":500,"label":" ","price":5.93},{"type":"A","date":"2018-04-23T02:43:16.000Z","volume":500,"label":"Y","price":5.95},{"type":"A","date":"2018-04-23T02:43:16.000Z","volume":500,"label":" ","price":5.95},{"type":"B","date":"2018-04-23T02:43:25.000Z","volume":500,"label":" ","price":5.93},{"type":"A","date":"2018-04-23T02:45:13.000Z","volume":3500,"label":" ","price":5.94},{"type":"A","date":"2018-04-23T02:45:14.000Z","volume":2000,"label":" ","price":5.94},{"type":"A","date":"2018-04-23T02:45:14.000Z","volume":500,"label":" ","price":5.94},{"type":"A","date":"2018-04-23T02:45:14.000Z","volume":6000,"label":" ","price":5.94},{"type":"A","date":"2018-04-23T02:45:23.000Z","volume":1000,"label":" ","price":5.95},{"type":"A","date":"2018-04-23T02:45:23.000Z","volume":2000,"label":" ","price":5.95},{"type":"A","date":"2018-04-23T02:45:23.000Z","volume":3500,"label":" ","price":5.95},{"type":"B","date":"2018-04-23T02:45:25.000Z","volume":3500,"label":" ","price":5.93},{"type":"B","date":"2018-04-23T02:45:33.000Z","volume":3000,"label":" ","price":5.93},{"type":"B","date":"2018-04-23T02:45:41.000Z","volume":1000,"label":" ","price":5.93},{"type":"B","date":"2018-04-23T02:45:49.000Z","volume":500,"label":" ","price":5.94},{"type":"A","date":"2018-04-23T02:47:31.000Z","volume":1000,"label":" ","price":5.96},{"type":"B","date":"2018-04-23T02:47:34.000Z","volume":500,"label":" ","price":5.94},{"type":"A","date":"2018-04-23T02:48:21.000Z","volume":15000,"label":" ","price":5.96},{"type":"A","date":"2018-04-23T02:48:21.000Z","volume":500,"label":" ","price":5.96},{"type":"A","date":"2018-04-23T02:48:21.000Z","volume":4500,"label":" ","price":5.96},{"type":"B","date":"2018-04-23T02:48:30.000Z","volume":6000,"label":" ","price":5.95},{"type":"A","date":"2018-04-23T02:48:30.000Z","volume":1500,"label":" ","price":5.97},{"type":"B","date":"2018-04-23T02:48:38.000Z","volume":2500,"label":" ","price":5.95},{"type":"B","date":"2018-04-23T02:48:46.000Z","volume":500,"label":" ","price":5.95},{"type":"A","date":"2018-04-23T02:49:03.000Z","volume":3000,"label":"Y","price":5.97},{"type":"A","date":"2018-04-23T02:49:03.000Z","volume":2000,"label":" ","price":5.97},{"type":"B","date":"2018-04-23T02:49:10.000Z","volume":1500,"label":" ","price":5.95},{"type":"B","date":"2018-04-23T02:49:18.000Z","volume":500,"label":" ","price":5.95},{"type":"A","date":"2018-04-23T02:49:33.000Z","volume":500,"label":"Y","price":5.97},{"type":"B","date":"2018-04-23T02:49:34.000Z","volume":500,"label":" ","price":5.95},{"type":"A","date":"2018-04-23T02:49:41.000Z","volume":1000,"label":" ","price":5.97},{"type":"A","date":"2018-04-23T02:49:41.000Z","volume":500,"label":" ","price":5.97},{"type":"A","date":"2018-04-23T02:49:43.000Z","volume":4500,"label":" ","price":5.97},{"type":"A","date":"2018-04-23T02:49:43.000Z","volume":2000,"label":" ","price":5.97},{"type":"A","date":"2018-04-23T02:49:43.000Z","volume":4000,"label":" ","price":5.97},{"type":"B","date":"2018-04-23T02:49:50.000Z","volume":3500,"label":" ","price":5.95},{"type":"B","date":"2018-04-23T02:49:58.000Z","volume":1000,"label":" ","price":5.95},{"type":"B","date":"2018-04-23T02:50:03.000Z","volume":20000,"label":" ","price":5.95},{"type":"A","date":"2018-04-23T02:50:03.000Z","volume":4000,"label":" ","price":5.98},{"type":"A","date":"2018-04-23T02:50:03.000Z","volume":2500,"label":" ","price":5.98},{"type":"B","date":"2018-04-23T02:50:08.000Z","volume":500,"label":" ","price":5.95},{"type":"B","date":"2018-04-23T02:50:14.000Z","volume":4000,"label":" ","price":5.96},{"type":"B","date":"2018-04-23T02:50:14.000Z","volume":4000,"label":" ","price":5.95},{"type":"B","date":"2018-04-23T02:50:30.000Z","volume":1000,"label":" ","price":5.96},{"type":"B","date":"2018-04-23T02:50:30.000Z","volume":1500,"label":" ","price":5.96},{"type":"A","date":"2018-04-23T02:50:42.000Z","volume":10000,"label":" ","price":5.99},{"type":"A","date":"2018-04-23T02:50:42.000Z","volume":3500,"label":" ","price":6},{"type":"B","date":"2018-04-23T02:50:46.000Z","volume":500,"label":" ","price":5.98},{"type":"B","date":"2018-04-23T02:50:46.000Z","volume":500,"label":" ","price":5.97},{"type":"A","date":"2018-04-23T02:50:46.000Z","volume":500,"label":" ","price":6},{"type":"B","date":"2018-04-23T02:50:54.000Z","volume":4500,"label":" ","price":5.97},{"type":"A","date":"2018-04-23T02:50:54.000Z","volume":2000,"label":" ","price":6},{"type":"B","date":"2018-04-23T02:51:02.000Z","volume":1500,"label":" ","price":5.97},{"type":"A","date":"2018-04-23T02:51:02.000Z","volume":500,"label":" ","price":6},{"type":"A","date":"2018-04-23T02:51:14.000Z","volume":10000,"label":" ","price":6},{"type":"A","date":"2018-04-23T02:51:14.000Z","volume":4000,"label":" ","price":6},{"type":"A","date":"2018-04-23T02:51:14.000Z","volume":500,"label":" ","price":6},{"type":"B","date":"2018-04-23T02:51:18.000Z","volume":1000,"label":" ","price":5.97},{"type":"A","date":"2018-04-23T02:51:18.000Z","volume":500,"label":" ","price":6},{"type":"A","date":"2018-04-23T02:51:18.000Z","volume":2000,"label":" ","price":6},{"type":"B","date":"2018-04-23T02:51:26.000Z","volume":5000,"label":" ","price":5.97},{"type":"B","date":"2018-04-23T02:51:34.000Z","volume":1500,"label":" ","price":5.97},{"type":"B","date":"2018-04-23T02:51:42.000Z","volume":500,"label":" ","price":5.97},{"type":"B","date":"2018-04-23T02:51:50.000Z","volume":500,"label":" ","price":5.97},{"type":"A","date":"2018-04-23T02:51:56.000Z","volume":1000,"label":" ","price":6.01},{"type":"B","date":"2018-04-23T02:52:06.000Z","volume":500,"label":" ","price":5.97},{"type":"A","date":"2018-04-23T02:54:11.000Z","volume":1000,"label":" ","price":6.01},{"type":"A","date":"2018-04-23T02:56:26.000Z","volume":1000,"label":" ","price":6.01},{"type":"A","date":"2018-04-23T02:56:34.000Z","volume":5000,"label":" ","price":6.01},{"type":"B","date":"2018-04-23T02:56:39.000Z","volume":500,"label":" ","price":5.98},{"type":"B","date":"2018-04-23T02:56:47.000Z","volume":1500,"label":" ","price":5.98},{"type":"A","date":"2018-04-23T02:56:53.000Z","volume":500,"label":" ","price":6.01},{"type":"B","date":"2018-04-23T02:56:55.000Z","volume":500,"label":" ","price":5.98},{"type":"B","date":"2018-04-23T02:57:03.000Z","volume":500,"label":" ","price":5.98},{"type":"A","date":"2018-04-23T02:57:13.000Z","volume":2000,"label":" ","price":6},{"type":"A","date":"2018-04-23T02:57:13.000Z","volume":500,"label":" ","price":6},{"type":"A","date":"2018-04-23T02:57:13.000Z","volume":1000,"label":" ","price":6},{"type":"B","date":"2018-04-23T02:57:19.000Z","volume":1000,"label":" ","price":5.98},{"type":"B","date":"2018-04-23T02:57:27.000Z","volume":500,"label":" ","price":5.98},{"type":"A","date":"2018-04-23T02:57:52.000Z","volume":500,"label":" ","price":6.01},{"type":"A","date":"2018-04-23T02:58:41.000Z","volume":25500,"label":" ","price":6.01},{"type":"A","date":"2018-04-23T02:58:41.000Z","volume":4500,"label":" ","price":6.01},{"type":"A","date":"2018-04-23T02:58:43.000Z","volume":1000,"label":" ","price":6.02},{"type":"A","date":"2018-04-23T02:58:43.000Z","volume":3000,"label":"Y","price":6.02},{"type":"A","date":"2018-04-23T02:58:43.000Z","volume":6000,"label":" ","price":6.02},{"type":"B","date":"2018-04-23T02:58:48.000Z","volume":1000,"label":"Y","price":6.01},{"type":"B","date":"2018-04-23T02:58:48.000Z","volume":11000,"label":" ","price":6.01},{"type":"U","date":"2018-04-23T02:58:53.000Z","volume":3000,"label":"X","price":6.02},{"type":"B","date":"2018-04-23T02:58:56.000Z","volume":500,"label":"Y","price":6.01},{"type":"B","date":"2018-04-23T02:59:04.000Z","volume":1000,"label":" ","price":6},{"type":"A","date":"2018-04-23T02:59:42.000Z","volume":500,"label":" ","price":6.01},{"type":"B","date":"2018-04-23T02:59:52.000Z","volume":500,"label":" ","price":6.01},{"type":"A","date":"2018-04-23T03:00:02.000Z","volume":4000,"label":" ","price":6.02},{"type":"B","date":"2018-04-23T03:00:05.000Z","volume":1000,"label":"Y","price":6.01},{"type":"B","date":"2018-04-23T03:00:05.000Z","volume":1500,"label":" ","price":6.01},{"type":"B","date":"2018-04-23T03:00:16.000Z","volume":2000,"label":" ","price":6},{"type":"B","date":"2018-04-23T03:00:24.000Z","volume":500,"label":" ","price":6},{"type":"B","date":"2018-04-23T03:03:58.000Z","volume":1000,"label":" ","price":6},{"type":"B","date":"2018-04-23T03:04:16.000Z","volume":500,"label":" ","price":6},{"type":"A","date":"2018-04-23T03:04:27.000Z","volume":1000,"label":" ","price":6.02},{"type":"B","date":"2018-04-23T03:04:40.000Z","volume":500,"label":" ","price":6},{"type":"U","date":"2018-04-23T03:04:57.000Z","volume":3500,"label":" ","price":6.01},{"type":"B","date":"2018-04-23T03:05:04.000Z","volume":1000,"label":" ","price":6.01},{"type":"B","date":"2018-04-23T03:05:20.000Z","volume":500,"label":" ","price":6.01},{"type":"A","date":"2018-04-23T03:06:11.000Z","volume":500,"label":" ","price":6.02},{"type":"A","date":"2018-04-23T03:06:39.000Z","volume":3500,"label":" ","price":6.02},{"type":"A","date":"2018-04-23T03:06:39.000Z","volume":13000,"label":" ","price":6.02},{"type":"A","date":"2018-04-23T03:06:39.000Z","volume":1000,"label":"Y","price":6.03},{"type":"A","date":"2018-04-23T03:07:28.000Z","volume":7000,"label":" ","price":6.02},{"type":"A","date":"2018-04-23T03:07:28.000Z","volume":500,"label":" ","price":6.02},{"type":"A","date":"2018-04-23T03:07:28.000Z","volume":500,"label":" ","price":6.02},{"type":"B","date":"2018-04-23T03:07:36.000Z","volume":1000,"label":"Y","price":6.01},{"type":"B","date":"2018-04-23T03:07:36.000Z","volume":7000,"label":" ","price":6.01},{"type":"B","date":"2018-04-23T03:07:44.000Z","volume":1000,"label":"Y","price":6.01},{"type":"B","date":"2018-04-23T03:07:44.000Z","volume":1000,"label":" ","price":6.01},{"type":"B","date":"2018-04-23T03:07:52.000Z","volume":500,"label":" ","price":6},{"type":"B","date":"2018-04-23T03:09:27.000Z","volume":7500,"label":" ","price":6},{"type":"B","date":"2018-04-23T03:09:36.000Z","volume":2500,"label":" ","price":6},{"type":"B","date":"2018-04-23T03:09:36.000Z","volume":3500,"label":" ","price":6},{"type":"B","date":"2018-04-23T03:09:52.000Z","volume":1500,"label":" ","price":6},{"type":"B","date":"2018-04-23T03:10:09.000Z","volume":500,"label":" ","price":6},{"type":"B","date":"2018-04-23T03:11:36.000Z","volume":500,"label":" ","price":6},{"type":"B","date":"2018-04-23T03:11:46.000Z","volume":500,"label":" ","price":6},{"type":"A","date":"2018-04-23T03:13:33.000Z","volume":1000,"label":" ","price":6.01},{"type":"B","date":"2018-04-23T03:13:46.000Z","volume":500,"label":" ","price":6},{"type":"A","date":"2018-04-23T03:14:24.000Z","volume":39500,"label":" ","price":6.01},{"type":"A","date":"2018-04-23T03:14:24.000Z","volume":1000,"label":" ","price":6.01},{"type":"B","date":"2018-04-23T03:14:41.000Z","volume":1000,"label":"Y","price":6},{"type":"B","date":"2018-04-23T03:14:41.000Z","volume":11000,"label":" ","price":6},{"type":"B","date":"2018-04-23T03:14:57.000Z","volume":1000,"label":"Y","price":6},{"type":"B","date":"2018-04-23T03:14:57.000Z","volume":2500,"label":" ","price":6},{"type":"B","date":"2018-04-23T03:15:13.000Z","volume":1000,"label":" ","price":6},{"type":"A","date":"2018-04-23T03:15:17.000Z","volume":1000,"label":" ","price":6.02},{"type":"B","date":"2018-04-23T03:15:21.000Z","volume":500,"label":" ","price":6},{"type":"B","date":"2018-04-23T03:15:29.000Z","volume":500,"label":" ","price":6},{"type":"B","date":"2018-04-23T03:16:55.000Z","volume":2000,"label":" ","price":6.01},{"type":"B","date":"2018-04-23T03:17:05.000Z","volume":500,"label":" ","price":6},{"type":"B","date":"2018-04-23T03:17:13.000Z","volume":500,"label":" ","price":6},{"type":"B","date":"2018-04-23T03:20:06.000Z","volume":26000,"label":" ","price":6},{"type":"B","date":"2018-04-23T03:20:08.000Z","volume":3500,"label":" ","price":6},{"type":"B","date":"2018-04-23T03:20:18.000Z","volume":9000,"label":" ","price":6},{"type":"B","date":"2018-04-23T03:20:26.000Z","volume":2500,"label":" ","price":6},{"type":"B","date":"2018-04-23T03:20:34.000Z","volume":1000,"label":" ","price":6},{"type":"B","date":"2018-04-23T03:20:37.000Z","volume":5500,"label":"Y","price":6},{"type":"B","date":"2018-04-23T03:20:37.000Z","volume":4500,"label":" ","price":6},{"type":"B","date":"2018-04-23T03:20:42.000Z","volume":500,"label":" ","price":6},{"type":"B","date":"2018-04-23T03:20:42.000Z","volume":500,"label":" ","price":6},{"type":"B","date":"2018-04-23T03:20:50.000Z","volume":500,"label":" ","price":5.99},{"type":"B","date":"2018-04-23T03:20:50.000Z","volume":18500,"label":" ","price":5.99},{"type":"B","date":"2018-04-23T03:20:58.000Z","volume":500,"label":" ","price":5.99},{"type":"B","date":"2018-04-23T03:20:58.000Z","volume":500,"label":" ","price":5.99},{"type":"B","date":"2018-04-23T03:21:06.000Z","volume":500,"label":" ","price":5.98},{"type":"B","date":"2018-04-23T03:23:52.000Z","volume":2500,"label":" ","price":5.98},{"type":"B","date":"2018-04-23T03:24:02.000Z","volume":1000,"label":" ","price":5.98},{"type":"B","date":"2018-04-23T03:24:29.000Z","volume":3500,"label":" ","price":5.98},{"type":"B","date":"2018-04-23T03:24:43.000Z","volume":1000,"label":" ","price":5.98},{"type":"B","date":"2018-04-23T03:24:51.000Z","volume":500,"label":" ","price":5.98},{"type":"A","date":"2018-04-23T03:25:18.000Z","volume":1000,"label":" ","price":5.99},{"type":"B","date":"2018-04-23T03:25:31.000Z","volume":500,"label":" ","price":5.98},{"type":"B","date":"2018-04-23T03:25:42.000Z","volume":42500,"label":" ","price":5.98},{"type":"B","date":"2018-04-23T03:25:42.000Z","volume":21000,"label":" ","price":5.98},{"type":"B","date":"2018-04-23T03:25:42.000Z","volume":11000,"label":" ","price":5.98},{"type":"A","date":"2018-04-23T03:25:42.000Z","volume":1500,"label":" ","price":5.98},{"type":"B","date":"2018-04-23T03:25:55.000Z","volume":6500,"label":" ","price":5.97},{"type":"A","date":"2018-04-23T03:25:55.000Z","volume":3000,"label":" ","price":5.97},{"type":"B","date":"2018-04-23T03:26:11.000Z","volume":2500,"label":" ","price":5.96},{"type":"B","date":"2018-04-23T03:26:27.000Z","volume":1000,"label":" ","price":5.96},{"type":"B","date":"2018-04-23T03:26:35.000Z","volume":500,"label":" ","price":5.96},{"type":"A","date":"2018-04-23T03:27:02.000Z","volume":46500,"label":" ","price":5.97},{"type":"A","date":"2018-04-23T03:27:02.000Z","volume":4500,"label":" ","price":5.97},{"type":"B","date":"2018-04-23T03:27:15.000Z","volume":8000,"label":" ","price":5.96},{"type":"B","date":"2018-04-23T03:27:15.000Z","volume":7000,"label":" ","price":5.96},{"type":"B","date":"2018-04-23T03:27:28.000Z","volume":1500,"label":" ","price":5.96},{"type":"A","date":"2018-04-23T03:27:28.000Z","volume":500,"label":" ","price":5.96},{"type":"A","date":"2018-04-23T03:27:28.000Z","volume":1500,"label":" ","price":5.96},{"type":"U","date":"2018-04-23T03:27:28.000Z","volume":3000,"label":" ","price":5.96},{"type":"B","date":"2018-04-23T03:27:31.000Z","volume":4500,"label":" ","price":5.95},{"type":"B","date":"2018-04-23T03:27:39.000Z","volume":3500,"label":" ","price":5.95},{"type":"B","date":"2018-04-23T03:27:55.000Z","volume":1000,"label":" ","price":5.95},{"type":"A","date":"2018-04-23T03:28:09.000Z","volume":1000,"label":" ","price":5.97},{"type":"B","date":"2018-04-23T03:28:11.000Z","volume":500,"label":" ","price":5.95},{"type":"B","date":"2018-04-23T03:28:19.000Z","volume":500,"label":" ","price":5.95},{"type":"A","date":"2018-04-23T03:32:33.000Z","volume":1000,"label":" ","price":5.98},{"type":"B","date":"2018-04-23T03:32:44.000Z","volume":500,"label":" ","price":5.95},{"type":"A","date":"2018-04-23T03:35:00.000Z","volume":1000,"label":" ","price":5.98},{"type":"A","date":"2018-04-23T03:37:34.000Z","volume":1000,"label":" ","price":5.98},{"type":"B","date":"2018-04-23T03:37:41.000Z","volume":500,"label":" ","price":5.96},{"type":"A","date":"2018-04-23T03:37:45.000Z","volume":5000,"label":" ","price":5.98},{"type":"A","date":"2018-04-23T03:37:45.000Z","volume":2000,"label":" ","price":5.98},{"type":"A","date":"2018-04-23T03:37:45.000Z","volume":1500,"label":" ","price":5.98},{"type":"A","date":"2018-04-23T03:37:45.000Z","volume":500,"label":" ","price":5.98},{"type":"A","date":"2018-04-23T03:37:46.000Z","volume":500,"label":" ","price":5.98},{"type":"B","date":"2018-04-23T03:37:57.000Z","volume":3000,"label":" ","price":5.96},{"type":"A","date":"2018-04-23T03:37:57.000Z","volume":500,"label":" ","price":5.98},{"type":"B","date":"2018-04-23T03:38:05.000Z","volume":1000,"label":" ","price":5.96},{"type":"A","date":"2018-04-23T03:38:05.000Z","volume":1500,"label":" ","price":5.98},{"type":"A","date":"2018-04-23T03:38:05.000Z","volume":500,"label":" ","price":5.98},{"type":"A","date":"2018-04-23T03:38:05.000Z","volume":500,"label":" ","price":5.98},{"type":"B","date":"2018-04-23T03:38:13.000Z","volume":1000,"label":" ","price":5.96},{"type":"A","date":"2018-04-23T03:38:13.000Z","volume":500,"label":" ","price":5.98},{"type":"B","date":"2018-04-23T03:38:21.000Z","volume":500,"label":" ","price":5.96},{"type":"A","date":"2018-04-23T03:38:28.000Z","volume":3000,"label":" ","price":5.97},{"type":"A","date":"2018-04-23T03:38:28.000Z","volume":1500,"label":" ","price":5.97},{"type":"B","date":"2018-04-23T03:38:37.000Z","volume":1500,"label":" ","price":5.96},{"type":"A","date":"2018-04-23T03:38:37.000Z","volume":500,"label":" ","price":5.97},{"type":"B","date":"2018-04-23T03:38:45.000Z","volume":500,"label":" ","price":5.96},{"type":"B","date":"2018-04-23T03:38:53.000Z","volume":500,"label":" ","price":5.96},{"type":"A","date":"2018-04-23T03:39:59.000Z","volume":1000,"label":" ","price":5.97},{"type":"B","date":"2018-04-23T03:40:05.000Z","volume":500,"label":" ","price":5.96},{"type":"B","date":"2018-04-23T03:40:27.000Z","volume":9000,"label":" ","price":5.96},{"type":"B","date":"2018-04-23T03:40:28.000Z","volume":2500,"label":" ","price":5.96},{"type":"B","date":"2018-04-23T03:40:37.000Z","volume":3500,"label":" ","price":5.96},{"type":"B","date":"2018-04-23T03:40:43.000Z","volume":2500,"label":" ","price":5.96},{"type":"B","date":"2018-04-23T03:40:43.000Z","volume":1000,"label":" ","price":5.96},{"type":"A","date":"2018-04-23T03:40:45.000Z","volume":7000,"label":" ","price":5.96},{"type":"U","date":"2018-04-23T03:40:46.000Z","volume":3500,"label":" ","price":5.96},{"type":"A","date":"2018-04-23T03:40:46.000Z","volume":3000,"label":" ","price":5.96},{"type":"A","date":"2018-04-23T03:40:46.000Z","volume":500,"label":" ","price":5.96},{"type":"B","date":"2018-04-23T03:40:54.000Z","volume":4000,"label":" ","price":5.95},{"type":"B","date":"2018-04-23T03:41:01.000Z","volume":1500,"label":" ","price":5.95},{"type":"A","date":"2018-04-23T03:41:04.000Z","volume":500,"label":" ","price":5.97},{"type":"B","date":"2018-04-23T03:41:09.000Z","volume":500,"label":" ","price":5.95},{"type":"A","date":"2018-04-23T03:41:10.000Z","volume":500,"label":" ","price":5.97},{"type":"B","date":"2018-04-23T03:41:17.000Z","volume":500,"label":" ","price":5.95},{"type":"B","date":"2018-04-23T03:42:36.000Z","volume":2500,"label":" ","price":5.96},{"type":"A","date":"2018-04-23T03:42:36.000Z","volume":500,"label":" ","price":5.97},{"type":"B","date":"2018-04-23T03:42:43.000Z","volume":1000,"label":" ","price":5.96},{"type":"A","date":"2018-04-23T03:42:43.000Z","volume":2000,"label":" ","price":5.96},{"type":"A","date":"2018-04-23T03:42:43.000Z","volume":500,"label":" ","price":5.97},{"type":"B","date":"2018-04-23T03:42:45.000Z","volume":1000,"label":" ","price":5.96},{"type":"B","date":"2018-04-23T03:42:53.000Z","volume":500,"label":"Y","price":5.96},{"type":"B","date":"2018-04-23T03:42:53.000Z","volume":500,"label":" ","price":5.96},{"type":"B","date":"2018-04-23T03:43:02.000Z","volume":500,"label":"Y","price":5.96},{"type":"A","date":"2018-04-23T03:47:44.000Z","volume":1000,"label":" ","price":5.97},{"type":"B","date":"2018-04-23T03:47:58.000Z","volume":500,"label":"Y","price":5.96},{"type":"A","date":"2018-04-23T03:48:01.000Z","volume":500,"label":" ","price":5.97},{"type":"A","date":"2018-04-23T03:50:24.000Z","volume":1000,"label":" ","price":5.97},{"type":"B","date":"2018-04-23T03:50:24.000Z","volume":6000,"label":" ","price":5.96},{"type":"A","date":"2018-04-23T03:50:24.000Z","volume":2500,"label":" ","price":5.97},{"type":"A","date":"2018-04-23T03:50:26.000Z","volume":500,"label":" ","price":5.97},{"type":"B","date":"2018-04-23T03:50:31.000Z","volume":2500,"label":"Y","price":5.96},{"type":"B","date":"2018-04-23T03:50:31.000Z","volume":500,"label":" ","price":5.96},{"type":"A","date":"2018-04-23T03:50:31.000Z","volume":500,"label":" ","price":5.97},{"type":"B","date":"2018-04-23T03:50:36.000Z","volume":16500,"label":" ","price":5.96},{"type":"B","date":"2018-04-23T03:50:39.000Z","volume":500,"label":"Y","price":5.96},{"type":"B","date":"2018-04-23T03:50:39.000Z","volume":1000,"label":" ","price":5.96},{"type":"B","date":"2018-04-23T03:50:47.000Z","volume":1500,"label":"Y","price":5.96},{"type":"B","date":"2018-04-23T03:50:47.000Z","volume":3500,"label":" ","price":5.96},{"type":"B","date":"2018-04-23T03:50:55.000Z","volume":1500,"label":" ","price":5.96},{"type":"B","date":"2018-04-23T03:50:55.000Z","volume":4000,"label":" ","price":5.96},{"type":"B","date":"2018-04-23T03:51:03.000Z","volume":2000,"label":" ","price":5.96},{"type":"B","date":"2018-04-23T03:51:11.000Z","volume":500,"label":" ","price":5.96},{"type":"A","date":"2018-04-23T03:51:19.000Z","volume":10000,"label":" ","price":5.97},{"type":"B","date":"2018-04-23T03:51:27.000Z","volume":3000,"label":" ","price":5.96},{"type":"B","date":"2018-04-23T03:51:35.000Z","volume":1000,"label":" ","price":5.96},{"type":"B","date":"2018-04-23T03:51:43.000Z","volume":1000,"label":" ","price":5.96},{"type":"A","date":"2018-04-23T03:51:43.000Z","volume":500,"label":" ","price":5.96},{"type":"A","date":"2018-04-23T03:51:43.000Z","volume":1000,"label":" ","price":5.96},{"type":"A","date":"2018-04-23T03:51:43.000Z","volume":500,"label":" ","price":5.96},{"type":"A","date":"2018-04-23T03:51:43.000Z","volume":1500,"label":" ","price":5.96},{"type":"A","date":"2018-04-23T03:51:43.000Z","volume":3500,"label":" ","price":5.96},{"type":"B","date":"2018-04-23T03:51:51.000Z","volume":2000,"label":" ","price":5.95},{"type":"B","date":"2018-04-23T03:52:07.000Z","volume":1000,"label":" ","price":5.95},{"type":"A","date":"2018-04-23T03:52:07.000Z","volume":1500,"label":" ","price":5.96},{"type":"A","date":"2018-04-23T03:52:12.000Z","volume":500,"label":" ","price":5.96},{"type":"B","date":"2018-04-23T03:52:15.000Z","volume":500,"label":" ","price":5.95},{"type":"B","date":"2018-04-23T03:52:23.000Z","volume":500,"label":" ","price":5.95},{"type":"A","date":"2018-04-23T03:52:43.000Z","volume":3500,"label":" ","price":5.96},{"type":"A","date":"2018-04-23T03:52:43.000Z","volume":1500,"label":" ","price":5.96},{"type":"A","date":"2018-04-23T03:52:43.000Z","volume":500,"label":" ","price":5.96},{"type":"B","date":"2018-04-23T03:52:47.000Z","volume":1500,"label":" ","price":5.95},{"type":"A","date":"2018-04-23T03:52:47.000Z","volume":500,"label":" ","price":5.96},{"type":"B","date":"2018-04-23T03:52:55.000Z","volume":500,"label":" ","price":5.95},{"type":"A","date":"2018-04-23T03:52:56.000Z","volume":500,"label":" ","price":5.96},{"type":"B","date":"2018-04-23T03:53:03.000Z","volume":500,"label":" ","price":5.95},{"type":"A","date":"2018-04-23T03:53:33.000Z","volume":500,"label":" ","price":5.96},{"type":"B","date":"2018-04-23T03:53:43.000Z","volume":500,"label":" ","price":5.95},{"type":"A","date":"2018-04-23T03:53:43.000Z","volume":500,"label":" ","price":5.96},{"type":"B","date":"2018-04-23T03:55:19.000Z","volume":10000,"label":" ","price":5.95},{"type":"A","date":"2018-04-23T03:55:19.000Z","volume":4000,"label":" ","price":5.96},{"type":"A","date":"2018-04-23T03:55:19.000Z","volume":3000,"label":" ","price":5.96},{"type":"A","date":"2018-04-23T03:55:20.000Z","volume":1500,"label":" ","price":5.96},{"type":"A","date":"2018-04-23T03:55:24.000Z","volume":1000,"label":" ","price":5.96},{"type":"A","date":"2018-04-23T03:55:24.000Z","volume":500,"label":" ","price":5.96},{"type":"A","date":"2018-04-23T03:55:24.000Z","volume":1500,"label":" ","price":5.96},{"type":"A","date":"2018-04-23T03:55:24.000Z","volume":500,"label":" ","price":5.96},{"type":"B","date":"2018-04-23T03:55:27.000Z","volume":5500,"label":" ","price":5.95},{"type":"A","date":"2018-04-23T03:55:27.000Z","volume":2000,"label":" ","price":5.96},{"type":"A","date":"2018-04-23T03:55:27.000Z","volume":500,"label":" ","price":5.96},{"type":"A","date":"2018-04-23T03:55:28.000Z","volume":1500,"label":" ","price":5.96},{"type":"A","date":"2018-04-23T03:55:28.000Z","volume":500,"label":" ","price":5.96},{"type":"B","date":"2018-04-23T03:55:35.000Z","volume":4000,"label":" ","price":5.95},{"type":"A","date":"2018-04-23T03:55:35.000Z","volume":1500,"label":" ","price":5.96},{"type":"A","date":"2018-04-23T03:55:36.000Z","volume":1500,"label":" ","price":5.96},{"type":"A","date":"2018-04-23T03:55:36.000Z","volume":500,"label":" ","price":5.96},{"type":"B","date":"2018-04-23T03:55:43.000Z","volume":2500,"label":" ","price":5.95},{"type":"A","date":"2018-04-23T03:55:46.000Z","volume":1000,"label":" ","price":5.96},{"type":"A","date":"2018-04-23T03:55:46.000Z","volume":500,"label":" ","price":5.96},{"type":"B","date":"2018-04-23T03:55:51.000Z","volume":1000,"label":" ","price":5.95},{"type":"B","date":"2018-04-23T03:55:59.000Z","volume":500,"label":" ","price":5.95},{"type":"A","date":"2018-04-23T03:56:01.000Z","volume":500,"label":" ","price":5.96},{"type":"B","date":"2018-04-23T03:56:08.000Z","volume":500,"label":" ","price":5.95},{"type":"A","date":"2018-04-23T03:56:08.000Z","volume":1500,"label":" ","price":5.96},{"type":"A","date":"2018-04-23T03:56:11.000Z","volume":500,"label":" ","price":5.96},{"type":"B","date":"2018-04-23T03:56:16.000Z","volume":500,"label":" ","price":5.95},{"type":"A","date":"2018-04-23T03:56:16.000Z","volume":500,"label":" ","price":5.96},{"type":"B","date":"2018-04-23T03:56:24.000Z","volume":500,"label":" ","price":5.95},{"type":"B","date":"2018-04-23T03:56:57.000Z","volume":500,"label":" ","price":5.95},{"type":"A","date":"2018-04-23T03:57:01.000Z","volume":500,"label":" ","price":5.96},{"type":"B","date":"2018-04-23T03:57:12.000Z","volume":500,"label":" ","price":5.95},{"type":"B","date":"2018-04-23T03:57:26.000Z","volume":500,"label":" ","price":5.95},{"type":"A","date":"2018-04-23T03:57:26.000Z","volume":500,"label":" ","price":5.96},{"type":"B","date":"2018-04-23T03:57:43.000Z","volume":500,"label":" ","price":5.95},{"type":"B","date":"2018-04-23T03:57:52.000Z","volume":500,"label":" ","price":5.95},{"type":"B","date":"2018-04-23T03:57:58.000Z","volume":1000,"label":" ","price":5.95},{"type":"A","date":"2018-04-23T03:58:01.000Z","volume":500,"label":" ","price":5.96},{"type":"A","date":"2018-04-23T03:58:01.000Z","volume":500,"label":" ","price":5.96},{"type":"A","date":"2018-04-23T03:58:01.000Z","volume":500,"label":" ","price":5.96},{"type":"B","date":"2018-04-23T03:58:08.000Z","volume":1000,"label":" ","price":5.95},{"type":"A","date":"2018-04-23T03:58:11.000Z","volume":500,"label":" ","price":5.96},{"type":"A","date":"2018-04-23T03:58:11.000Z","volume":15000,"label":" ","price":5.96},{"type":"B","date":"2018-04-23T03:58:24.000Z","volume":4500,"label":" ","price":5.95},{"type":"A","date":"2018-04-23T03:58:29.000Z","volume":1000,"label":" ","price":5.97},{"type":"B","date":"2018-04-23T03:58:40.000Z","volume":2000,"label":" ","price":5.95},{"type":"B","date":"2018-04-23T03:58:48.000Z","volume":500,"label":" ","price":5.96},{"type":"A","date":"2018-04-23T05:00:03.000Z","volume":500,"label":" ","price":5.97},{"type":"B","date":"2018-04-23T05:00:21.000Z","volume":500,"label":" ","price":5.96},{"type":"B","date":"2018-04-23T05:00:35.000Z","volume":4000,"label":"Y","price":5.96},{"type":"B","date":"2018-04-23T05:00:35.000Z","volume":43500,"label":" ","price":5.96},{"type":"B","date":"2018-04-23T05:00:46.000Z","volume":14000,"label":" ","price":5.96},{"type":"B","date":"2018-04-23T05:00:54.000Z","volume":2500,"label":" ","price":5.96},{"type":"B","date":"2018-04-23T05:00:54.000Z","volume":1000,"label":" ","price":5.96},{"type":"B","date":"2018-04-23T05:01:01.000Z","volume":1000,"label":" ","price":5.95},{"type":"B","date":"2018-04-23T05:02:23.000Z","volume":3000,"label":" ","price":5.95},{"type":"B","date":"2018-04-23T05:02:29.000Z","volume":1000,"label":" ","price":5.95},{"type":"B","date":"2018-04-23T05:02:37.000Z","volume":500,"label":" ","price":5.95},{"type":"A","date":"2018-04-23T05:03:11.000Z","volume":1000,"label":" ","price":5.96},{"type":"B","date":"2018-04-23T05:03:25.000Z","volume":500,"label":" ","price":5.95},{"type":"A","date":"2018-04-23T05:03:51.000Z","volume":1000,"label":" ","price":5.96},{"type":"B","date":"2018-04-23T05:03:57.000Z","volume":500,"label":" ","price":5.95},{"type":"A","date":"2018-04-23T05:04:05.000Z","volume":2500,"label":" ","price":5.96},{"type":"B","date":"2018-04-23T05:04:14.000Z","volume":500,"label":" ","price":5.95},{"type":"B","date":"2018-04-23T05:04:29.000Z","volume":500,"label":" ","price":5.95},{"type":"A","date":"2018-04-23T05:04:29.000Z","volume":7000,"label":"Y","price":5.96},{"type":"A","date":"2018-04-23T05:04:29.000Z","volume":44000,"label":" ","price":5.96},{"type":"A","date":"2018-04-23T05:04:29.000Z","volume":2000,"label":" ","price":5.97},{"type":"B","date":"2018-04-23T05:04:45.000Z","volume":16000,"label":" ","price":5.95},{"type":"A","date":"2018-04-23T05:04:45.000Z","volume":6000,"label":" ","price":5.97},{"type":"A","date":"2018-04-23T05:04:45.000Z","volume":500,"label":" ","price":5.97},{"type":"B","date":"2018-04-23T05:04:53.000Z","volume":6500,"label":" ","price":5.95},{"type":"A","date":"2018-04-23T05:04:54.000Z","volume":2500,"label":" ","price":5.97},{"type":"A","date":"2018-04-23T05:04:54.000Z","volume":500,"label":" ","price":5.97},{"type":"A","date":"2018-04-23T05:06:00.000Z","volume":1000,"label":" ","price":5.97},{"type":"A","date":"2018-04-23T05:06:00.000Z","volume":500,"label":" ","price":5.97},{"type":"A","date":"2018-04-23T05:06:15.000Z","volume":500,"label":" ","price":5.97},{"type":"A","date":"2018-04-23T05:06:34.000Z","volume":6000,"label":" ","price":5.97},{"type":"A","date":"2018-04-23T05:06:35.000Z","volume":2500,"label":" ","price":5.97},{"type":"A","date":"2018-04-23T05:08:37.000Z","volume":1000,"label":"Y","price":5.97},{"type":"A","date":"2018-04-23T05:08:37.000Z","volume":500,"label":" ","price":5.97},{"type":"A","date":"2018-04-23T05:10:39.000Z","volume":500,"label":" ","price":5.97},{"type":"A","date":"2018-04-23T05:10:43.000Z","volume":20000,"label":" ","price":5.97},{"type":"A","date":"2018-04-23T05:10:43.000Z","volume":8000,"label":" ","price":5.97},{"type":"A","date":"2018-04-23T05:10:43.000Z","volume":500,"label":" ","price":5.97},{"type":"A","date":"2018-04-23T05:11:17.000Z","volume":1000,"label":" ","price":5.97},{"type":"A","date":"2018-04-23T05:11:17.000Z","volume":500,"label":" ","price":5.97},{"type":"A","date":"2018-04-23T05:12:09.000Z","volume":49000,"label":" ","price":5.97},{"type":"A","date":"2018-04-23T05:12:09.000Z","volume":19000,"label":" ","price":5.98},{"type":"A","date":"2018-04-23T05:12:09.000Z","volume":1000,"label":" ","price":5.98},{"type":"A","date":"2018-04-23T05:12:09.000Z","volume":1000,"label":" ","price":5.98},{"type":"A","date":"2018-04-23T05:12:09.000Z","volume":1500,"label":" ","price":5.99},{"type":"A","date":"2018-04-23T05:12:09.000Z","volume":3000,"label":" ","price":5.99},{"type":"A","date":"2018-04-23T05:12:09.000Z","volume":1000,"label":" ","price":5.99},{"type":"A","date":"2018-04-23T05:12:09.000Z","volume":1000,"label":" ","price":6},{"type":"A","date":"2018-04-23T05:12:09.000Z","volume":500,"label":" ","price":6},{"type":"A","date":"2018-04-23T05:13:52.000Z","volume":1000,"label":" ","price":6},{"type":"A","date":"2018-04-23T05:16:27.000Z","volume":1000,"label":" ","price":6},{"type":"A","date":"2018-04-23T05:16:27.000Z","volume":500,"label":" ","price":6},{"type":"A","date":"2018-04-23T05:17:53.000Z","volume":1000,"label":" ","price":6},{"type":"A","date":"2018-04-23T05:17:53.000Z","volume":500,"label":" ","price":6},{"type":"A","date":"2018-04-23T05:18:04.000Z","volume":1000,"label":" ","price":6},{"type":"A","date":"2018-04-23T05:18:05.000Z","volume":500,"label":" ","price":6},{"type":"A","date":"2018-04-23T05:19:05.000Z","volume":1000,"label":" ","price":6},{"type":"A","date":"2018-04-23T05:19:06.000Z","volume":500,"label":" ","price":6},{"type":"A","date":"2018-04-23T05:20:13.000Z","volume":20000,"label":" ","price":6},{"type":"A","date":"2018-04-23T05:20:13.000Z","volume":7500,"label":" ","price":6},{"type":"A","date":"2018-04-23T05:20:13.000Z","volume":1000,"label":" ","price":6},{"type":"A","date":"2018-04-23T05:20:21.000Z","volume":7000,"label":"Y","price":6},{"type":"A","date":"2018-04-23T05:20:21.000Z","volume":37500,"label":" ","price":6},{"type":"A","date":"2018-04-23T05:20:21.000Z","volume":26000,"label":" ","price":6.01},{"type":"U","date":"2018-04-23T05:21:23.000Z","volume":6500,"label":" ","price":6.01},{"type":"A","date":"2018-04-23T05:21:24.000Z","volume":5500,"label":" ","price":6.01},{"type":"A","date":"2018-04-23T05:21:47.000Z","volume":1000,"label":" ","price":6.02},{"type":"A","date":"2018-04-23T05:22:30.000Z","volume":1000,"label":" ","price":6.02},{"type":"B","date":"2018-04-23T05:23:22.000Z","volume":2000,"label":" ","price":6},{"type":"A","date":"2018-04-23T05:23:29.000Z","volume":1000,"label":" ","price":6.02},{"type":"A","date":"2018-04-23T05:24:22.000Z","volume":1000,"label":" ","price":6.02},{"type":"A","date":"2018-04-23T05:26:36.000Z","volume":1000,"label":" ","price":6.01},{"type":"A","date":"2018-04-23T05:26:54.000Z","volume":500,"label":" ","price":6.01},{"type":"A","date":"2018-04-23T05:26:57.000Z","volume":1000,"label":"Y","price":6.01},{"type":"A","date":"2018-04-23T05:27:04.000Z","volume":1000,"label":" ","price":6.01},{"type":"A","date":"2018-04-23T05:27:04.000Z","volume":500,"label":" ","price":6.01},{"type":"B","date":"2018-04-23T05:29:24.000Z","volume":3000,"label":"Y","price":6},{"type":"B","date":"2018-04-23T05:29:24.000Z","volume":164000,"label":" ","price":6},{"type":"B","date":"2018-04-23T05:29:25.000Z","volume":9500,"label":" ","price":6},{"type":"B","date":"2018-04-23T05:29:27.000Z","volume":50500,"label":" ","price":6},{"type":"B","date":"2018-04-23T05:29:31.000Z","volume":13500,"label":" ","price":6},{"type":"B","date":"2018-04-23T05:29:32.000Z","volume":6500,"label":" ","price":6},{"type":"A","date":"2018-04-23T05:29:32.000Z","volume":3000,"label":" ","price":6},{"type":"A","date":"2018-04-23T05:29:32.000Z","volume":1000,"label":" ","price":6},{"type":"B","date":"2018-04-23T05:29:36.000Z","volume":1000,"label":"Y","price":5.99},{"type":"B","date":"2018-04-23T05:29:36.000Z","volume":6000,"label":" ","price":5.99},{"type":"A","date":"2018-04-23T05:32:12.000Z","volume":35000,"label":" ","price":5.99},{"type":"A","date":"2018-04-23T05:34:43.000Z","volume":1000,"label":" ","price":6},{"type":"U","date":"2018-04-23T05:34:52.000Z","volume":3000,"label":" ","price":5.99},{"type":"A","date":"2018-04-23T05:36:08.000Z","volume":500,"label":" ","price":6},{"type":"A","date":"2018-04-23T05:36:08.000Z","volume":2000,"label":"Y","price":6},{"type":"A","date":"2018-04-23T05:36:08.000Z","volume":40500,"label":" ","price":6},{"type":"A","date":"2018-04-23T05:36:10.000Z","volume":3500,"label":" ","price":6},{"type":"A","date":"2018-04-23T05:37:13.000Z","volume":1000,"label":"Y","price":6},{"type":"A","date":"2018-04-23T05:37:36.000Z","volume":2500,"label":" ","price":6},{"type":"A","date":"2018-04-23T05:38:48.000Z","volume":3500,"label":" ","price":6},{"type":"A","date":"2018-04-23T05:39:43.000Z","volume":1000,"label":" ","price":6.01},{"type":"A","date":"2018-04-23T05:40:48.000Z","volume":1000,"label":" ","price":6.01},{"type":"A","date":"2018-04-23T05:41:57.000Z","volume":1000,"label":" ","price":6.01},{"type":"A","date":"2018-04-23T05:42:18.000Z","volume":1000,"label":" ","price":6.01},{"type":"B","date":"2018-04-23T05:44:24.000Z","volume":4000,"label":"Y","price":5.99},{"type":"A","date":"2018-04-23T05:44:47.000Z","volume":1000,"label":"Y","price":6},{"type":"A","date":"2018-04-23T05:44:48.000Z","volume":3000,"label":" ","price":6},{"type":"B","date":"2018-04-23T05:45:05.000Z","volume":21500,"label":" ","price":5.99},{"type":"A","date":"2018-04-23T05:45:20.000Z","volume":1000,"label":" ","price":6},{"type":"A","date":"2018-04-23T05:47:23.000Z","volume":1000,"label":" ","price":6},{"type":"B","date":"2018-04-23T05:48:53.000Z","volume":2500,"label":" ","price":5.99},{"type":"A","date":"2018-04-23T05:49:53.000Z","volume":1000,"label":" ","price":6},{"type":"B","date":"2018-04-23T05:50:23.000Z","volume":2000,"label":" ","price":5.99},{"type":"B","date":"2018-04-23T05:52:00.000Z","volume":1000,"label":" ","price":5.99},{"type":"A","date":"2018-04-23T05:52:28.000Z","volume":1000,"label":" ","price":6},{"type":"B","date":"2018-04-23T05:52:37.000Z","volume":1500,"label":" ","price":5.99},{"type":"A","date":"2018-04-23T05:52:47.000Z","volume":500,"label":" ","price":6},{"type":"A","date":"2018-04-23T05:53:06.000Z","volume":1000,"label":" ","price":6},{"type":"B","date":"2018-04-23T05:54:24.000Z","volume":500,"label":" ","price":5.99},{"type":"B","date":"2018-04-23T05:54:26.000Z","volume":500,"label":" ","price":5.99},{"type":"B","date":"2018-04-23T05:54:54.000Z","volume":500,"label":" ","price":5.99},{"type":"A","date":"2018-04-23T05:55:03.000Z","volume":1000,"label":"Y","price":6},{"type":"B","date":"2018-04-23T05:55:39.000Z","volume":500,"label":" ","price":5.99},{"type":"B","date":"2018-04-23T05:55:53.000Z","volume":500,"label":" ","price":5.99},{"type":"B","date":"2018-04-23T05:56:07.000Z","volume":500,"label":" ","price":5.99},{"type":"B","date":"2018-04-23T05:56:22.000Z","volume":1000,"label":" ","price":5.99},{"type":"U","date":"2018-04-23T05:56:26.000Z","volume":2000,"label":"X","price":5.995},{"type":"B","date":"2018-04-23T05:57:07.000Z","volume":500,"label":" ","price":5.99},{"type":"B","date":"2018-04-23T05:57:22.000Z","volume":500,"label":" ","price":5.99},{"type":"A","date":"2018-04-23T05:57:32.000Z","volume":1000,"label":" ","price":6},{"type":"A","date":"2018-04-23T05:57:32.000Z","volume":1000,"label":" ","price":6},{"type":"B","date":"2018-04-23T05:57:40.000Z","volume":500,"label":" ","price":5.99},{"type":"A","date":"2018-04-23T05:58:29.000Z","volume":1000,"label":" ","price":6},{"type":"B","date":"2018-04-23T05:58:30.000Z","volume":2500,"label":"Y","price":5.99},{"type":"B","date":"2018-04-23T05:58:30.000Z","volume":4500,"label":" ","price":5.99},{"type":"A","date":"2018-04-23T06:00:02.000Z","volume":1000,"label":" ","price":6},{"type":"A","date":"2018-04-23T06:01:12.000Z","volume":1000,"label":" ","price":6},{"type":"A","date":"2018-04-23T06:02:34.000Z","volume":1000,"label":" ","price":6},{"type":"A","date":"2018-04-23T06:02:34.000Z","volume":2500,"label":"Y","price":6},{"type":"A","date":"2018-04-23T06:02:51.000Z","volume":500,"label":" ","price":6},{"type":"A","date":"2018-04-23T06:03:21.000Z","volume":1000,"label":" ","price":6},{"type":"A","date":"2018-04-23T06:04:59.000Z","volume":1000,"label":" ","price":6},{"type":"A","date":"2018-04-23T06:05:16.000Z","volume":1000,"label":" ","price":6},{"type":"A","date":"2018-04-23T06:07:26.000Z","volume":500,"label":"Y","price":6},{"type":"A","date":"2018-04-23T06:07:26.000Z","volume":1000,"label":" ","price":6},{"type":"A","date":"2018-04-23T06:08:39.000Z","volume":1000,"label":" ","price":6},{"type":"A","date":"2018-04-23T06:09:04.000Z","volume":1000,"label":" ","price":6},{"type":"A","date":"2018-04-23T06:09:54.000Z","volume":1000,"label":" ","price":6},{"type":"A","date":"2018-04-23T06:10:05.000Z","volume":500,"label":"Y","price":6},{"type":"A","date":"2018-04-23T06:10:05.000Z","volume":2500,"label":" ","price":6},{"type":"B","date":"2018-04-23T06:10:23.000Z","volume":10000,"label":"Y","price":5.99},{"type":"B","date":"2018-04-23T06:10:23.000Z","volume":35000,"label":" ","price":5.99},{"type":"A","date":"2018-04-23T06:12:04.000Z","volume":1000,"label":" ","price":6},{"type":"A","date":"2018-04-23T06:12:19.000Z","volume":1000,"label":" ","price":6},{"type":"B","date":"2018-04-23T06:12:24.000Z","volume":33000,"label":" ","price":5.99},{"type":"A","date":"2018-04-23T06:13:04.000Z","volume":500,"label":" ","price":6},{"type":"A","date":"2018-04-23T06:17:41.000Z","volume":1000,"label":" ","price":6},{"type":"A","date":"2018-04-23T06:19:24.000Z","volume":1000,"label":" ","price":6},{"type":"A","date":"2018-04-23T06:19:26.000Z","volume":1000,"label":" ","price":6},{"type":"A","date":"2018-04-23T06:21:37.000Z","volume":500,"label":" ","price":6},{"type":"A","date":"2018-04-23T06:21:49.000Z","volume":1000,"label":" ","price":6},{"type":"A","date":"2018-04-23T06:21:58.000Z","volume":10000,"label":" ","price":6},{"type":"A","date":"2018-04-23T06:22:07.000Z","volume":1000,"label":" ","price":6},{"type":"A","date":"2018-04-23T06:22:27.000Z","volume":95500,"label":" ","price":6},{"type":"A","date":"2018-04-23T06:22:27.000Z","volume":5500,"label":" ","price":6.01},{"type":"U","date":"2018-04-23T06:22:27.000Z","volume":500,"label":" ","price":6},{"type":"U","date":"2018-04-23T06:22:27.000Z","volume":500,"label":" ","price":6},{"type":"A","date":"2018-04-23T06:22:27.000Z","volume":4500,"label":" ","price":6},{"type":"A","date":"2018-04-23T06:22:27.000Z","volume":1000,"label":" ","price":6},{"type":"A","date":"2018-04-23T06:22:27.000Z","volume":2500,"label":" ","price":6.01},{"type":"A","date":"2018-04-23T06:22:28.000Z","volume":500,"label":" ","price":6},{"type":"A","date":"2018-04-23T06:22:28.000Z","volume":500,"label":" ","price":6},{"type":"A","date":"2018-04-23T06:22:28.000Z","volume":500,"label":" ","price":6},{"type":"A","date":"2018-04-23T06:22:30.000Z","volume":1000,"label":" ","price":6.01},{"type":"A","date":"2018-04-23T06:22:30.000Z","volume":500,"label":" ","price":6.01},{"type":"A","date":"2018-04-23T06:22:30.000Z","volume":500,"label":" ","price":6.01},{"type":"A","date":"2018-04-23T06:22:35.000Z","volume":1000,"label":"Y","price":6.01},{"type":"A","date":"2018-04-23T06:24:07.000Z","volume":1000,"label":" ","price":6.01},{"type":"A","date":"2018-04-23T06:24:07.000Z","volume":2500,"label":"Y","price":6.01},{"type":"A","date":"2018-04-23T06:24:07.000Z","volume":1000,"label":" ","price":6.01},{"type":"A","date":"2018-04-23T06:25:28.000Z","volume":500,"label":" ","price":6.01},{"type":"A","date":"2018-04-23T06:25:28.000Z","volume":1000,"label":"Y","price":6.01},{"type":"A","date":"2018-04-23T06:25:28.000Z","volume":2500,"label":" ","price":6.01},{"type":"A","date":"2018-04-23T06:25:57.000Z","volume":500,"label":" ","price":6.01},{"type":"A","date":"2018-04-23T06:25:57.000Z","volume":4000,"label":" ","price":6.01},{"type":"A","date":"2018-04-23T06:26:25.000Z","volume":1000,"label":" ","price":6.01},{"type":"A","date":"2018-04-23T06:26:25.000Z","volume":3500,"label":" ","price":6.01},{"type":"A","date":"2018-04-23T06:26:35.000Z","volume":500,"label":"Y","price":6.01},{"type":"A","date":"2018-04-23T06:26:35.000Z","volume":3500,"label":" ","price":6.01},{"type":"A","date":"2018-04-23T06:26:35.000Z","volume":500,"label":" ","price":6.01},{"type":"A","date":"2018-04-23T06:26:35.000Z","volume":2000,"label":" ","price":6.01},{"type":"A","date":"2018-04-23T06:27:05.000Z","volume":3500,"label":" ","price":6.02},{"type":"A","date":"2018-04-23T06:28:07.000Z","volume":500,"label":" ","price":6.02},{"type":"A","date":"2018-04-23T06:28:45.000Z","volume":1000,"label":" ","price":6.02},{"type":"A","date":"2018-04-23T06:29:04.000Z","volume":1000,"label":" ","price":6.02},{"type":"A","date":"2018-04-23T06:31:04.000Z","volume":1000,"label":" ","price":6.02},{"type":"A","date":"2018-04-23T06:31:37.000Z","volume":500,"label":" ","price":6.02},{"type":"A","date":"2018-04-23T06:33:25.000Z","volume":1000,"label":" ","price":6.02},{"type":"A","date":"2018-04-23T06:33:28.000Z","volume":1000,"label":" ","price":6.02},{"type":"A","date":"2018-04-23T06:34:37.000Z","volume":500,"label":" ","price":6.02},{"type":"A","date":"2018-04-23T06:35:45.000Z","volume":1000,"label":" ","price":6.02},{"type":"A","date":"2018-04-23T06:37:05.000Z","volume":3500,"label":" ","price":6.02},{"type":"A","date":"2018-04-23T06:37:23.000Z","volume":1000,"label":" ","price":6.02},{"type":"A","date":"2018-04-23T06:37:48.000Z","volume":1000,"label":" ","price":6.02},{"type":"A","date":"2018-04-23T06:37:58.000Z","volume":1000,"label":" ","price":6.02},{"type":"A","date":"2018-04-23T06:38:18.000Z","volume":500,"label":" ","price":6.02},{"type":"A","date":"2018-04-23T06:38:18.000Z","volume":71500,"label":" ","price":6.02},{"type":"A","date":"2018-04-23T06:40:15.000Z","volume":1000,"label":" ","price":6.03},{"type":"B","date":"2018-04-23T06:40:32.000Z","volume":3000,"label":" ","price":6.02},{"type":"A","date":"2018-04-23T06:41:24.000Z","volume":1000,"label":" ","price":6.03}