[{"type":"A","date":"2018-04-25T01:30:07.000Z","volume":16000,"label":" ","price":0.42},{"type":"B","date":"2018-04-25T01:33:58.000Z","volume":24000,"label":" ","price":0.415},{"type":"B","date":"2018-04-25T01:34:07.000Z","volume":8000,"label":" ","price":0.41},{"type":"B","date":"2018-04-25T01:34:22.000Z","volume":248000,"label":" ","price":0.41},{"type":"U","date":"2018-04-25T01:35:54.000Z","volume":24000,"label":" ","price":0.41},{"type":"B","date":"2018-04-25T01:36:12.000Z","volume":8000,"label":" ","price":0.41},{"type":"A","date":"2018-04-25T01:36:13.000Z","volume":16000,"label":" ","price":0.41},{"type":"B","date":"2018-04-25T01:37:30.000Z","volume":80000,"label":" ","price":0.415},{"type":"U","date":"2018-04-25T01:40:25.000Z","volume":8000,"label":" ","price":0.415},{"type":"B","date":"2018-04-25T01:50:29.000Z","volume":24000,"label":" ","price":0.41},{"type":"B","date":"2018-04-25T01:51:55.000Z","volume":16000,"label":" ","price":0.41},{"type":"B","date":"2018-04-25T01:55:00.000Z","volume":56000,"label":" ","price":0.41},{"type":"B","date":"2018-04-25T02:00:34.000Z","volume":80000,"label":" ","price":0.41},{"type":"B","date":"2018-04-25T02:02:10.000Z","volume":136000,"label":" ","price":0.41},{"type":"B","date":"2018-04-25T02:06:03.000Z","volume":8000,"label":" ","price":0.405},{"type":"B","date":"2018-04-25T02:09:44.000Z","volume":72000,"label":" ","price":0.405},{"type":"B","date":"2018-04-25T02:11:50.000Z","volume":16000,"label":" ","price":0.405},{"type":"B","date":"2018-04-25T02:11:56.000Z","volume":80000,"label":" ","price":0.405},{"type":"B","date":"2018-04-25T02:14:19.000Z","volume":200000,"label":" ","price":0.405},{"type":"B","date":"2018-04-25T02:14:38.000Z","volume":200000,"label":" ","price":0.405},{"type":"U","date":"2018-04-25T02:17:04.000Z","volume":80000,"label":" ","price":0.405},{"type":"B","date":"2018-04-25T02:17:13.000Z","volume":40000,"label":" ","price":0.405},{"type":"B","date":"2018-04-25T02:27:40.000Z","volume":80000,"label":" ","price":0.405},{"type":"A","date":"2018-04-25T02:37:53.000Z","volume":24000,"label":" ","price":0.405},{"type":"A","date":"2018-04-25T02:49:11.000Z","volume":8000,"label":" ","price":0.41},{"type":"B","date":"2018-04-25T02:58:31.000Z","volume":200000,"label":" ","price":0.405},{"type":"B","date":"2018-04-25T03:03:07.000Z","volume":16000,"label":" ","price":0.405},{"type":"B","date":"2018-04-25T03:23:35.000Z","volume":136000,"label":" ","price":0.405},{"type":"B","date":"2018-04-25T03:40:20.000Z","volume":24000,"label":" ","price":0.405},{"type":"A","date":"2018-04-25T03:52:00.000Z","volume":48000,"label":" ","price":0.405},{"type":"B","date":"2018-04-25T03:58:51.000Z","volume":312000,"label":" ","price":0.4},{"type":"B","date":"2018-04-25T03:59:01.000Z","volume":504000,"label":" ","price":0.4},{"type":"B","date":"2018-04-25T05:00:00.000Z","volume":8000,"label":"Y","price":0.4},{"type":"B","date":"2018-04-25T05:03:49.000Z","volume":80000,"label":" ","price":0.4},{"type":"B","date":"2018-04-25T05:05:07.000Z","volume":104000,"label":" ","price":0.4},{"type":"B","date":"2018-04-25T05:06:20.000Z","volume":32000,"label":" ","price":0.4},{"type":"A","date":"2018-04-25T05:10:49.000Z","volume":80000,"label":" ","price":0.405},{"type":"B","date":"2018-04-25T05:11:35.000Z","volume":88000,"label":"Y","price":0.4},{"type":"B","date":"2018-04-25T05:15:52.000Z","volume":40000,"label":"Y","price":0.4},{"type":"B","date":"2018-04-25T05:15:52.000Z","volume":80000,"label":" ","price":0.4},{"type":"A","date":"2018-04-25T05:33:42.000Z","volume":72000,"label":" ","price":0.405},{"type":"B","date":"2018-04-25T05:34:08.000Z","volume":88000,"label":" ","price":0.405},{"type":"A","date":"2018-04-25T05:35:12.000Z","volume":16000,"label":" ","price":0.405},{"type":"B","date":"2018-04-25T05:38:42.000Z","volume":48000,"label":" ","price":0.4},{"type":"B","date":"2018-04-25T05:43:42.000Z","volume":40000,"label":"Y","price":0.4},{"type":"B","date":"2018-04-25T05:43:42.000Z","volume":40000,"label":" ","price":0.4},{"type":"B","date":"2018-04-25T05:45:38.000Z","volume":32000,"label":" ","price":0.4},{"type":"B","date":"2018-04-25T05:46:08.000Z","volume":40000,"label":" ","price":0.4},{"type":"B","date":"2018-04-25T05:59:41.000Z","volume":184000,"label":" ","price":0.4},{"type":"B","date":"2018-04-25T06:00:26.000Z","volume":8000,"label":" ","price":0.4},{"type":"B","date":"2018-04-25T06:07:26.000Z","volume":8000,"label":" ","price":0.4},{"type":"B","date":"2018-04-25T06:11:30.000Z","volume":40000,"label":" ","price":0.4},{"type":"B","date":"2018-04-25T06:11:50.000Z","volume":64000,"label":" ","price":0.4},{"type":"B","date":"2018-04-25T06:14:13.000Z","volume":32000,"label":" ","price":0.4},{"type":"A","date":"2018-04-25T06:18:19.000Z","volume":8000,"label":" ","price":0.4},{"type":"B","date":"2018-04-25T06:18:19.000Z","volume":88000,"label":" ","price":0.4},{"type":"B","date":"2018-04-25T06:18:23.000Z","volume":56000,"label":" ","price":0.4},{"type":"B","date":"2018-04-25T06:21:07.000Z","volume":80000,"label":" ","price":0.4},{"type":"B","date":"2018-04-25T06:21:37.000Z","volume":24000,"label":" ","price":0.4},{"type":"B","date":"2018-04-25T06:22:45.000Z","volume":16000,"label":" ","price":0.4},{"type":"B","date":"2018-04-25T06:22:46.000Z","volume":8000,"label":" ","price":0.4},{"type":"A","date":"2018-04-25T06:23:47.000Z","volume":8000,"label":" ","price":0.4},{"type":"A","date":"2018-04-25T06:23:47.000Z","volume":8000,"label":" ","price":0.4},{"type":"A","date":"2018-04-25T06:26:11.000Z","volume":24000,"label":" ","price":0.4},{"type":"B","date":"2018-04-25T06:27:39.000Z","volume":24000,"label":" ","price":0.4},{"type":"A","date":"2018-04-25T06:27:49.000Z","volume":8000,"label":" ","price":0.4},{"type":"A","date":"2018-04-25T06:27:49.000Z","volume":96000,"label":" ","price":0.405},{"type":"A","date":"2018-04-25T06:44:53.000Z","volume":120000,"label":" ","price":0.405},{"type":"B","date":"2018-04-25T07:14:32.000Z","volume":40000,"label":" ","price":0.4},{"type":"A","date":"2018-04-25T07:16:21.000Z","volume":8000,"label":"Y","price":0.405},{"type":"A","date":"2018-04-25T07:16:21.000Z","volume":144000,"label":" ","price":0.405},{"type":"A","date":"2018-04-25T07:22:10.000Z","volume":104000,"label":" ","price":0.41},{"type":"A","date":"2018-04-25T07:23:08.000Z","volume":24000,"label":" ","price":0.41},{"type":"A","date":"2018-04-25T07:26:31.000Z","volume":16000,"label":" ","price":0.41},{"type":"A","date":"2018-04-25T07:27:39.000Z","volume":240000,"label":" ","price":0.41},{"type":"A","date":"2018-04-25T07:39:00.000Z","volume":96000,"label":" ","price":0.41},{"type":"B","date":"2018-04-25T07:41:53.000Z","volume":8000,"label":" ","price":0.41},{"type":"B","date":"2018-04-25T07:49:32.000Z","volume":40000,"label":" ","price":0.41},{"type":"A","date":"2018-04-25T07:49:45.000Z","volume":8000,"label":"Y","price":0.415},{"type":"B","date":"2018-04-25T07:54:15.000Z","volume":24000,"label":" ","price":0.41},{"type":"B","date":"2018-04-25T07:56:23.000Z","volume":80000,"label":" ","price":0.41},{"type":"A","date":"2018-04-25T07:59:03.000Z","volume":72000,"label":" ","price":0.415}]