[{"type":"U","date":"2018-04-23T01:02:10.000Z","volume":5600,"label":"P","price":14.14},{"type":"B","date":"2018-04-23T01:30:46.000Z","volume":200,"label":" ","price":14.14},{"type":"B","date":"2018-04-23T01:30:47.000Z","volume":200,"label":" ","price":14.14},{"type":"A","date":"2018-04-23T01:31:18.000Z","volume":2000,"label":" ","price":14.14},{"type":"A","date":"2018-04-23T01:31:20.000Z","volume":200,"label":" ","price":14.16},{"type":"A","date":"2018-04-23T01:31:33.000Z","volume":400,"label":" ","price":14.16},{"type":"A","date":"2018-04-23T01:32:07.000Z","volume":4200,"label":" ","price":14.18},{"type":"A","date":"2018-04-23T01:32:07.000Z","volume":1800,"label":" ","price":14.18},{"type":"A","date":"2018-04-23T01:32:08.000Z","volume":200,"label":" ","price":14.2},{"type":"A","date":"2018-04-23T01:32:08.000Z","volume":200,"label":" ","price":14.2},{"type":"A","date":"2018-04-23T01:32:08.000Z","volume":200,"label":" ","price":14.2},{"type":"A","date":"2018-04-23T01:32:08.000Z","volume":200,"label":" ","price":14.2},{"type":"A","date":"2018-04-23T01:32:08.000Z","volume":200,"label":" ","price":14.2},{"type":"B","date":"2018-04-23T01:35:08.000Z","volume":5600,"label":" ","price":14.12},{"type":"B","date":"2018-04-23T01:35:08.000Z","volume":1000,"label":" ","price":14.12},{"type":"A","date":"2018-04-23T01:37:04.000Z","volume":200,"label":" ","price":14.18},{"type":"U","date":"2018-04-23T01:37:04.000Z","volume":136,"label":"D","price":14.251},{"type":"B","date":"2018-04-23T01:40:31.000Z","volume":2000,"label":" ","price":14.12},{"type":"A","date":"2018-04-23T01:41:12.000Z","volume":2000,"label":" ","price":14.14},{"type":"A","date":"2018-04-23T01:41:12.000Z","volume":1000,"label":" ","price":14.14},{"type":"A","date":"2018-04-23T01:41:13.000Z","volume":200,"label":" ","price":14.14},{"type":"A","date":"2018-04-23T01:41:13.000Z","volume":7400,"label":" ","price":14.14},{"type":"A","date":"2018-04-23T01:41:18.000Z","volume":200,"label":" ","price":14.16},{"type":"A","date":"2018-04-23T01:41:22.000Z","volume":800,"label":" ","price":14.16},{"type":"B","date":"2018-04-23T01:41:32.000Z","volume":200,"label":" ","price":14.14},{"type":"A","date":"2018-04-23T01:42:52.000Z","volume":2000,"label":"Y","price":14.14},{"type":"A","date":"2018-04-23T01:42:52.000Z","volume":2000,"label":" ","price":14.14},{"type":"A","date":"2018-04-23T01:42:53.000Z","volume":400,"label":" ","price":14.14},{"type":"A","date":"2018-04-23T01:42:53.000Z","volume":1000,"label":" ","price":14.14},{"type":"A","date":"2018-04-23T01:42:55.000Z","volume":200,"label":" ","price":14.16},{"type":"A","date":"2018-04-23T01:44:27.000Z","volume":3800,"label":" ","price":14.14},{"type":"B","date":"2018-04-23T01:44:47.000Z","volume":200,"label":" ","price":14.14},{"type":"B","date":"2018-04-23T01:45:45.000Z","volume":6000,"label":" ","price":14.12},{"type":"A","date":"2018-04-23T01:46:47.000Z","volume":1000,"label":" ","price":14.14},{"type":"A","date":"2018-04-23T01:46:51.000Z","volume":2000,"label":" ","price":14.14},{"type":"A","date":"2018-04-23T01:49:30.000Z","volume":2600,"label":" ","price":14.14},{"type":"A","date":"2018-04-23T01:49:30.000Z","volume":3000,"label":" ","price":14.14},{"type":"B","date":"2018-04-23T01:49:38.000Z","volume":600,"label":" ","price":14.14},{"type":"A","date":"2018-04-23T01:50:06.000Z","volume":600,"label":" ","price":14.14},{"type":"B","date":"2018-04-23T01:50:13.000Z","volume":9200,"label":" ","price":14.12},{"type":"U","date":"2018-04-23T01:51:02.000Z","volume":2000,"label":" ","price":14.12},{"type":"B","date":"2018-04-23T01:51:51.000Z","volume":200,"label":" ","price":14.1},{"type":"B","date":"2018-04-23T01:51:51.000Z","volume":74200,"label":" ","price":14.1},{"type":"B","date":"2018-04-23T01:51:51.000Z","volume":200,"label":" ","price":14.08},{"type":"B","date":"2018-04-23T01:51:51.000Z","volume":200,"label":" ","price":14.06},{"type":"B","date":"2018-04-23T01:52:17.000Z","volume":200,"label":" ","price":14.06},{"type":"B","date":"2018-04-23T01:52:21.000Z","volume":600,"label":" ","price":14.06},{"type":"A","date":"2018-04-23T01:52:32.000Z","volume":1400,"label":" ","price":14.06},{"type":"A","date":"2018-04-23T01:53:11.000Z","volume":3200,"label":" ","price":14.06},{"type":"B","date":"2018-04-23T01:54:17.000Z","volume":2000,"label":" ","price":14.06},{"type":"B","date":"2018-04-23T01:54:17.000Z","volume":200,"label":" ","price":14.06},{"type":"B","date":"2018-04-23T01:54:17.000Z","volume":200,"label":" ","price":14.06},{"type":"B","date":"2018-04-23T01:54:21.000Z","volume":200,"label":" ","price":14.06},{"type":"B","date":"2018-04-23T01:57:13.000Z","volume":200,"label":" ","price":14.04},{"type":"B","date":"2018-04-23T01:57:23.000Z","volume":12400,"label":" ","price":14.04},{"type":"U","date":"2018-04-23T01:57:24.000Z","volume":200,"label":" ","price":14.04},{"type":"B","date":"2018-04-23T01:57:42.000Z","volume":6000,"label":" ","price":14.02},{"type":"B","date":"2018-04-23T01:58:09.000Z","volume":2000,"label":" ","price":14.02},{"type":"B","date":"2018-04-23T01:58:09.000Z","volume":400,"label":" ","price":14.02},{"type":"B","date":"2018-04-23T01:59:02.000Z","volume":200,"label":" ","price":14.02},{"type":"B","date":"2018-04-23T01:59:06.000Z","volume":200,"label":" ","price":14.02},{"type":"B","date":"2018-04-23T02:00:13.000Z","volume":200,"label":" ","price":14.02},{"type":"B","date":"2018-04-23T02:01:54.000Z","volume":1000,"label":" ","price":14},{"type":"U","date":"2018-04-23T02:03:11.000Z","volume":200,"label":"X","price":14.04},{"type":"B","date":"2018-04-23T02:03:47.000Z","volume":200,"label":" ","price":14.04},{"type":"A","date":"2018-04-23T02:05:01.000Z","volume":4000,"label":" ","price":14.04},{"type":"B","date":"2018-04-23T02:05:01.000Z","volume":6000,"label":" ","price":14.02},{"type":"A","date":"2018-04-23T02:05:40.000Z","volume":10000,"label":" ","price":14.04},{"type":"B","date":"2018-04-23T02:06:56.000Z","volume":10600,"label":" ","price":14.02},{"type":"B","date":"2018-04-23T02:07:02.000Z","volume":200,"label":" ","price":14.02},{"type":"B","date":"2018-04-23T02:08:53.000Z","volume":200,"label":" ","price":14},{"type":"B","date":"2018-04-23T02:09:00.000Z","volume":22400,"label":" ","price":14},{"type":"B","date":"2018-04-23T02:09:00.000Z","volume":1400,"label":"Y","price":14},{"type":"B","date":"2018-04-23T02:09:00.000Z","volume":29000,"label":" ","price":14},{"type":"B","date":"2018-04-23T02:09:00.000Z","volume":7000,"label":" ","price":13.98},{"type":"B","date":"2018-04-23T02:09:01.000Z","volume":15400,"label":" ","price":13.96},{"type":"B","date":"2018-04-23T02:10:42.000Z","volume":5000,"label":" ","price":13.96},{"type":"B","date":"2018-04-23T02:10:58.000Z","volume":200,"label":" ","price":13.94},{"type":"B","date":"2018-04-23T02:11:17.000Z","volume":200,"label":" ","price":13.94},{"type":"A","date":"2018-04-23T02:12:30.000Z","volume":4400,"label":" ","price":13.96},{"type":"A","date":"2018-04-23T02:13:46.000Z","volume":400,"label":" ","price":13.98},{"type":"A","date":"2018-04-23T02:13:46.000Z","volume":200,"label":" ","price":13.98},{"type":"B","date":"2018-04-23T02:14:32.000Z","volume":200,"label":" ","price":13.96},{"type":"A","date":"2018-04-23T02:14:42.000Z","volume":20000,"label":" ","price":13.98},{"type":"A","date":"2018-04-23T02:14:42.000Z","volume":600,"label":" ","price":13.98},{"type":"A","date":"2018-04-23T02:15:11.000Z","volume":200,"label":" ","price":13.98},{"type":"B","date":"2018-04-23T02:15:16.000Z","volume":2200,"label":" ","price":13.96},{"type":"A","date":"2018-04-23T02:15:31.000Z","volume":5200,"label":" ","price":13.98},{"type":"B","date":"2018-04-23T02:16:05.000Z","volume":2000,"label":" ","price":13.98},{"type":"A","date":"2018-04-23T02:16:12.000Z","volume":200,"label":" ","price":14},{"type":"B","date":"2018-04-23T02:16:13.000Z","volume":4200,"label":" ","price":13.98},{"type":"B","date":"2018-04-23T02:16:40.000Z","volume":2000,"label":" ","price":13.96},{"type":"B","date":"2018-04-23T02:17:00.000Z","volume":13800,"label":" ","price":13.94},{"type":"A","date":"2018-04-23T02:17:00.000Z","volume":200,"label":" ","price":13.98},{"type":"A","date":"2018-04-23T02:17:21.000Z","volume":4000,"label":" ","price":13.98},{"type":"A","date":"2018-04-23T02:17:22.000Z","volume":200,"label":" ","price":13.98},{"type":"A","date":"2018-04-23T02:17:35.000Z","volume":600,"label":" ","price":13.98},{"type":"B","date":"2018-04-23T02:18:21.000Z","volume":200,"label":"Y","price":13.96},{"type":"A","date":"2018-04-23T02:18:29.000Z","volume":6000,"label":" ","price":13.98},{"type":"A","date":"2018-04-23T02:21:45.000Z","volume":200,"label":" ","price":14},{"type":"A","date":"2018-04-23T02:21:45.000Z","volume":10800,"label":" ","price":14},{"type":"A","date":"2018-04-23T02:21:45.000Z","volume":1000,"label":" ","price":14},{"type":"U","date":"2018-04-23T02:22:23.000Z","volume":2000,"label":" ","price":14},{"type":"B","date":"2018-04-23T02:22:33.000Z","volume":200,"label":" ","price":13.98},{"type":"B","date":"2018-04-23T02:22:33.000Z","volume":400,"label":"Y","price":13.98},{"type":"B","date":"2018-04-23T02:22:33.000Z","volume":9600,"label":" ","price":13.98},{"type":"B","date":"2018-04-23T02:22:44.000Z","volume":3000,"label":" ","price":13.96},{"type":"B","date":"2018-04-23T02:22:44.000Z","volume":400,"label":" ","price":13.96},{"type":"A","date":"2018-04-23T02:23:32.000Z","volume":4000,"label":" ","price":13.96},{"type":"B","date":"2018-04-23T02:23:51.000Z","volume":11600,"label":" ","price":13.94},{"type":"A","date":"2018-04-23T02:24:35.000Z","volume":2800,"label":" ","price":13.96},{"type":"A","date":"2018-04-23T02:25:06.000Z","volume":30000,"label":" ","price":13.96},{"type":"B","date":"2018-04-23T02:25:36.000Z","volume":200,"label":" ","price":13.94},{"type":"B","date":"2018-04-23T02:25:36.000Z","volume":2200,"label":" ","price":13.94},{"type":"A","date":"2018-04-23T02:28:46.000Z","volume":7000,"label":" ","price":13.96},{"type":"B","date":"2018-04-23T02:29:26.000Z","volume":20000,"label":" ","price":13.94},{"type":"A","date":"2018-04-23T02:29:33.000Z","volume":2400,"label":" ","price":13.96},{"type":"A","date":"2018-04-23T02:30:04.000Z","volume":200,"label":" ","price":13.98},{"type":"A","date":"2018-04-23T02:30:44.000Z","volume":1000,"label":" ","price":13.98},{"type":"A","date":"2018-04-23T02:31:26.000Z","volume":200,"label":" ","price":13.98},{"type":"A","date":"2018-04-23T02:32:15.000Z","volume":5000,"label":" ","price":13.98},{"type":"A","date":"2018-04-23T02:32:20.000Z","volume":1800,"label":" ","price":13.98},{"type":"U","date":"2018-04-23T02:32:21.000Z","volume":200,"label":"X","price":13.98},{"type":"U","date":"2018-04-23T02:34:39.000Z","volume":1200,"label":"X","price":13.97},{"type":"U","date":"2018-04-23T02:34:39.000Z","volume":800,"label":"X","price":13.97},{"type":"A","date":"2018-04-23T02:34:57.000Z","volume":200,"label":" ","price":13.98},{"type":"U","date":"2018-04-23T02:34:59.000Z","volume":200,"label":"X","price":13.97},{"type":"A","date":"2018-04-23T02:35:40.000Z","volume":200,"label":" ","price":13.98},{"type":"B","date":"2018-04-23T02:35:59.000Z","volume":2600,"label":"Y","price":13.96},{"type":"B","date":"2018-04-23T02:35:59.000Z","volume":400,"label":" ","price":13.96},{"type":"A","date":"2018-04-23T02:36:00.000Z","volume":200,"label":" ","price":13.98},{"type":"A","date":"2018-04-23T02:37:05.000Z","volume":400,"label":" ","price":13.98},{"type":"U","date":"2018-04-23T02:37:21.000Z","volume":1600,"label":"X","price":13.98},{"type":"A","date":"2018-04-23T02:40:56.000Z","volume":5000,"label":" ","price":13.98},{"type":"A","date":"2018-04-23T02:40:57.000Z","volume":200,"label":"Y","price":13.98},{"type":"A","date":"2018-04-23T02:41:38.000Z","volume":3000,"label":" ","price":13.98},{"type":"A","date":"2018-04-23T02:41:38.000Z","volume":2800,"label":" ","price":13.98},{"type":"B","date":"2018-04-23T02:44:32.000Z","volume":200,"label":" ","price":13.98},{"type":"B","date":"2018-04-23T02:44:37.000Z","volume":200,"label":" ","price":13.98},{"type":"B","date":"2018-04-23T02:45:14.000Z","volume":5800,"label":" ","price":13.98},{"type":"B","date":"2018-04-23T02:46:54.000Z","volume":200,"label":" ","price":13.98},{"type":"B","date":"2018-04-23T02:47:17.000Z","volume":200,"label":" ","price":13.98},{"type":"B","date":"2018-04-23T02:47:21.000Z","volume":600,"label":" ","price":13.98},{"type":"A","date":"2018-04-23T02:48:15.000Z","volume":1000,"label":" ","price":13.98},{"type":"B","date":"2018-04-23T02:48:49.000Z","volume":3400,"label":" ","price":13.96},{"type":"U","date":"2018-04-23T02:48:54.000Z","volume":1400,"label":"X","price":13.96},{"type":"A","date":"2018-04-23T02:49:02.000Z","volume":17200,"label":" ","price":13.98},{"type":"A","date":"2018-04-23T02:50:06.000Z","volume":200,"label":" ","price":14},{"type":"B","date":"2018-04-23T02:50:27.000Z","volume":3000,"label":" ","price":13.98},{"type":"B","date":"2018-04-23T02:50:39.000Z","volume":200,"label":"Y","price":13.98},{"type":"A","date":"2018-04-23T02:51:22.000Z","volume":1000,"label":" ","price":14},{"type":"A","date":"2018-04-23T02:51:22.000Z","volume":79800,"label":" ","price":14},{"type":"A","date":"2018-04-23T02:51:23.000Z","volume":5000,"label":" ","price":14.02},{"type":"A","date":"2018-04-23T02:52:55.000Z","volume":2600,"label":" ","price":14.04},{"type":"B","date":"2018-04-23T02:53:51.000Z","volume":2400,"label":" ","price":14},{"type":"A","date":"2018-04-23T02:54:31.000Z","volume":8600,"label":" ","price":14},{"type":"A","date":"2018-04-23T02:54:31.000Z","volume":600,"label":" ","price":14.02},{"type":"B","date":"2018-04-23T02:55:17.000Z","volume":200,"label":" ","price":14},{"type":"B","date":"2018-04-23T02:58:29.000Z","volume":3000,"label":" ","price":14.02},{"type":"U","date":"2018-04-23T02:58:34.000Z","volume":200,"label":"X","price":14.03},{"type":"B","date":"2018-04-23T02:59:06.000Z","volume":200,"label":" ","price":14.02},{"type":"A","date":"2018-04-23T03:00:08.000Z","volume":200,"label":" ","price":14.04},{"type":"U","date":"2018-04-23T03:03:11.000Z","volume":800,"label":"X","price":14.03},{"type":"B","date":"2018-04-23T03:03:13.000Z","volume":6000,"label":" ","price":14.02},{"type":"B","date":"2018-04-23T03:03:47.000Z","volume":200,"label":" ","price":14.02},{"type":"B","date":"2018-04-23T03:04:08.000Z","volume":200,"label":" ","price":14.02},{"type":"A","date":"2018-04-23T03:04:15.000Z","volume":7200,"label":" ","price":14.02},{"type":"A","date":"2018-04-23T03:04:15.000Z","volume":8800,"label":" ","price":14.04},{"type":"A","date":"2018-04-23T03:04:15.000Z","volume":200,"label":" ","price":14.02},{"type":"B","date":"2018-04-23T03:09:32.000Z","volume":200,"label":" ","price":14.02},{"type":"B","date":"2018-04-23T03:09:57.000Z","volume":5000,"label":" ","price":14.02},{"type":"A","date":"2018-04-23T03:10:25.000Z","volume":1000,"label":" ","price":14.04},{"type":"B","date":"2018-04-23T03:11:36.000Z","volume":200,"label":" ","price":14.02},{"type":"B","date":"2018-04-23T03:11:37.000Z","volume":200,"label":" ","price":14.02},{"type":"B","date":"2018-04-23T03:11:44.000Z","volume":200,"label":" ","price":14.02},{"type":"B","date":"2018-04-23T03:11:44.000Z","volume":800,"label":" ","price":14.02},{"type":"A","date":"2018-04-23T03:14:35.000Z","volume":200,"label":"Y","price":14.02},{"type":"A","date":"2018-04-23T03:14:35.000Z","volume":10000,"label":" ","price":14.02},{"type":"A","date":"2018-04-23T03:14:35.000Z","volume":200,"label":" ","price":14.02},{"type":"A","date":"2018-04-23T03:14:35.000Z","volume":200,"label":" ","price":14.02},{"type":"B","date":"2018-04-23T03:14:41.000Z","volume":1600,"label":" ","price":14.02},{"type":"A","date":"2018-04-23T03:15:14.000Z","volume":7600,"label":" ","price":14.02},{"type":"A","date":"2018-04-23T03:15:21.000Z","volume":1000,"label":" ","price":14.04},{"type":"U","date":"2018-04-23T03:15:24.000Z","volume":1400,"label":"X","price":14.04},{"type":"U","date":"2018-04-23T03:15:26.000Z","volume":200,"label":"X","price":14.04},{"type":"A","date":"2018-04-23T03:16:24.000Z","volume":800,"label":" ","price":14.02},{"type":"A","date":"2018-04-23T03:18:04.000Z","volume":2400,"label":"Y","price":14.02},{"type":"A","date":"2018-04-23T03:18:04.000Z","volume":4600,"label":" ","price":14.02},{"type":"A","date":"2018-04-23T03:18:04.000Z","volume":200,"label":"Y","price":14.02},{"type":"B","date":"2018-04-23T03:18:23.000Z","volume":200,"label":" ","price":14.02},{"type":"B","date":"2018-04-23T03:18:24.000Z","volume":200,"label":" ","price":14.02},{"type":"B","date":"2018-04-23T03:19:16.000Z","volume":200,"label":" ","price":14.02},{"type":"B","date":"2018-04-23T03:19:17.000Z","volume":1400,"label":" ","price":14.02},{"type":"B","date":"2018-04-23T03:19:17.000Z","volume":1000,"label":" ","price":14.02},{"type":"U","date":"2018-04-23T03:19:17.000Z","volume":10000,"label":" ","price":14.02},{"type":"B","date":"2018-04-23T03:20:09.000Z","volume":5000,"label":" ","price":14.02},{"type":"B","date":"2018-04-23T03:20:09.000Z","volume":5000,"label":" ","price":14.02},{"type":"A","date":"2018-04-23T03:20:10.000Z","volume":200,"label":"Y","price":14.02},{"type":"A","date":"2018-04-23T03:20:10.000Z","volume":1000,"label":" ","price":14.02},{"type":"B","date":"2018-04-23T03:20:27.000Z","volume":4000,"label":" ","price":14.02},{"type":"B","date":"2018-04-23T03:21:12.000Z","volume":200,"label":" ","price":14.02},{"type":"B","date":"2018-04-23T03:21:39.000Z","volume":4600,"label":" ","price":14.02},{"type":"B","date":"2018-04-23T03:21:42.000Z","volume":10000,"label":" ","price":14.02},{"type":"B","date":"2018-04-23T03:21:50.000Z","volume":6000,"label":" ","price":14.02},{"type":"B","date":"2018-04-23T03:22:19.000Z","volume":200,"label":" ","price":14},{"type":"B","date":"2018-04-23T03:23:54.000Z","volume":35000,"label":" ","price":14},{"type":"B","date":"2018-04-23T03:24:18.000Z","volume":200,"label":" ","price":14},{"type":"B","date":"2018-04-23T03:27:52.000Z","volume":2200,"label":" ","price":13.98},{"type":"B","date":"2018-04-23T03:27:54.000Z","volume":3400,"label":"Y","price":13.98},{"type":"B","date":"2018-04-23T03:27:54.000Z","volume":1600,"label":" ","price":13.98},{"type":"B","date":"2018-04-23T03:28:52.000Z","volume":1600,"label":"Y","price":13.98},{"type":"B","date":"2018-04-23T03:28:52.000Z","volume":1400,"label":" ","price":13.98},{"type":"A","date":"2018-04-23T03:28:57.000Z","volume":600,"label":" ","price":14},{"type":"B","date":"2018-04-23T03:29:45.000Z","volume":1800,"label":" ","price":13.98},{"type":"B","date":"2018-04-23T03:31:47.000Z","volume":600,"label":" ","price":13.98},{"type":"U","date":"2018-04-23T03:32:26.000Z","volume":301800,"label":"X","price":14},{"type":"B","date":"2018-04-23T03:32:42.000Z","volume":1000,"label":" ","price":13.98},{"type":"B","date":"2018-04-23T03:33:04.000Z","volume":3000,"label":" ","price":13.98},{"type":"B","date":"2018-04-23T03:33:04.000Z","volume":200,"label":"Y","price":13.98},{"type":"B","date":"2018-04-23T03:33:04.000Z","volume":400,"label":" ","price":13.98},{"type":"A","date":"2018-04-23T03:33:17.000Z","volume":2600,"label":" ","price":13.98},{"type":"A","date":"2018-04-23T03:33:17.000Z","volume":2000,"label":" ","price":13.98},{"type":"B","date":"2018-04-23T03:36:07.000Z","volume":9000,"label":" ","price":13.98},{"type":"B","date":"2018-04-23T03:36:17.000Z","volume":200,"label":" ","price":13.98},{"type":"B","date":"2018-04-23T03:36:17.000Z","volume":200,"label":" ","price":13.98},{"type":"B","date":"2018-04-23T03:36:17.000Z","volume":200,"label":" ","price":13.98},{"type":"B","date":"2018-04-23T03:36:17.000Z","volume":800,"label":" ","price":13.98},{"type":"B","date":"2018-04-23T03:37:15.000Z","volume":200,"label":" ","price":13.98},{"type":"B","date":"2018-04-23T03:37:16.000Z","volume":400,"label":" ","price":13.98},{"type":"B","date":"2018-04-23T03:38:17.000Z","volume":2400,"label":" ","price":13.96},{"type":"U","date":"2018-04-23T03:38:18.000Z","volume":20,"label":"D","price":14},{"type":"A","date":"2018-04-23T03:38:30.000Z","volume":3000,"label":" ","price":13.98},{"type":"A","date":"2018-04-23T03:39:36.000Z","volume":2000,"label":" ","price":13.98},{"type":"B","date":"2018-04-23T03:42:32.000Z","volume":1000,"label":" ","price":13.96},{"type":"A","date":"2018-04-23T03:42:33.000Z","volume":5000,"label":" ","price":13.98},{"type":"B","date":"2018-04-23T03:42:33.000Z","volume":200,"label":" ","price":13.98},{"type":"B","date":"2018-04-23T03:42:33.000Z","volume":600,"label":" ","price":13.98},{"type":"B","date":"2018-04-23T03:42:41.000Z","volume":400,"label":" ","price":13.98},{"type":"A","date":"2018-04-23T03:46:28.000Z","volume":200,"label":" ","price":13.98},{"type":"A","date":"2018-04-23T03:48:25.000Z","volume":1000,"label":" ","price":13.98},{"type":"B","date":"2018-04-23T03:50:34.000Z","volume":400,"label":" ","price":13.96},{"type":"B","date":"2018-04-23T03:51:33.000Z","volume":600,"label":" ","price":13.96},{"type":"B","date":"2018-04-23T03:52:02.000Z","volume":200,"label":" ","price":13.96},{"type":"B","date":"2018-04-23T03:52:35.000Z","volume":400,"label":" ","price":13.96},{"type":"B","date":"2018-04-23T03:54:35.000Z","volume":400,"label":" ","price":13.96},{"type":"A","date":"2018-04-23T03:55:15.000Z","volume":200,"label":" ","price":13.98},{"type":"B","date":"2018-04-23T03:55:52.000Z","volume":1200,"label":" ","price":13.96},{"type":"B","date":"2018-04-23T03:56:03.000Z","volume":200,"label":" ","price":13.96},{"type":"B","date":"2018-04-23T03:58:14.000Z","volume":600,"label":" ","price":13.96},{"type":"B","date":"2018-04-23T03:59:00.000Z","volume":200,"label":" ","price":13.96},{"type":"B","date":"2018-04-23T03:59:29.000Z","volume":10000,"label":" ","price":13.96},{"type":"A","date":"2018-04-23T05:00:00.000Z","volume":400,"label":" ","price":13.98},{"type":"B","date":"2018-04-23T05:00:00.000Z","volume":200,"label":" ","price":13.96},{"type":"B","date":"2018-04-23T05:00:01.000Z","volume":5000,"label":" ","price":13.96},{"type":"A","date":"2018-04-23T05:00:01.000Z","volume":200,"label":"Y","price":13.98},{"type":"A","date":"2018-04-23T05:00:01.000Z","volume":1000,"label":" ","price":13.98},{"type":"B","date":"2018-04-23T05:00:01.000Z","volume":800,"label":" ","price":13.96},{"type":"A","date":"2018-04-23T05:00:02.000Z","volume":200,"label":" ","price":13.98},{"type":"B","date":"2018-04-23T05:00:58.000Z","volume":2000,"label":" ","price":13.96},{"type":"A","date":"2018-04-23T05:00:59.000Z","volume":200,"label":" ","price":13.98},{"type":"B","date":"2018-04-23T05:01:03.000Z","volume":200,"label":" ","price":13.96},{"type":"B","date":"2018-04-23T05:01:26.000Z","volume":400,"label":" ","price":13.96},{"type":"B","date":"2018-04-23T05:02:02.000Z","volume":600,"label":" ","price":13.96},{"type":"B","date":"2018-04-23T05:02:32.000Z","volume":2000,"label":" ","price":13.96},{"type":"B","date":"2018-04-23T05:02:34.000Z","volume":400,"label":" ","price":13.96},{"type":"B","date":"2018-04-23T05:03:32.000Z","volume":400,"label":" ","price":13.96},{"type":"B","date":"2018-04-23T05:03:41.000Z","volume":200,"label":" ","price":13.96},{"type":"B","date":"2018-04-23T05:04:32.000Z","volume":200,"label":" ","price":13.96},{"type":"B","date":"2018-04-23T05:04:33.000Z","volume":200,"label":" ","price":13.96},{"type":"B","date":"2018-04-23T05:04:45.000Z","volume":1800,"label":" ","price":13.96},{"type":"U","date":"2018-04-23T05:04:51.000Z","volume":200,"label":"X","price":13.97},{"type":"B","date":"2018-04-23T05:05:23.000Z","volume":400,"label":" ","price":13.96},{"type":"B","date":"2018-04-23T05:05:50.000Z","volume":200,"label":" ","price":13.96},{"type":"A","date":"2018-04-23T05:06:30.000Z","volume":200,"label":" ","price":13.98},{"type":"B","date":"2018-04-23T05:07:24.000Z","volume":400,"label":" ","price":13.96},{"type":"B","date":"2018-04-23T05:08:04.000Z","volume":2400,"label":" ","price":13.96},{"type":"U","date":"2018-04-23T05:08:10.000Z","volume":200,"label":"X","price":13.97},{"type":"A","date":"2018-04-23T05:09:02.000Z","volume":400,"label":" ","price":13.98},{"type":"B","date":"2018-04-23T05:10:07.000Z","volume":200,"label":" ","price":13.96},{"type":"B","date":"2018-04-23T05:10:07.000Z","volume":400,"label":" ","price":13.96},{"type":"B","date":"2018-04-23T05:10:21.000Z","volume":600,"label":" ","price":13.96},{"type":"B","date":"2018-04-23T05:10:26.000Z","volume":2400,"label":" ","price":13.96},{"type":"B","date":"2018-04-23T05:10:33.000Z","volume":3000,"label":" ","price":13.96},{"type":"U","date":"2018-04-23T05:10:39.000Z","volume":200,"label":"X","price":13.97},{"type":"B","date":"2018-04-23T05:10:56.000Z","volume":200,"label":" ","price":13.96},{"type":"B","date":"2018-04-23T05:11:12.000Z","volume":400,"label":" ","price":13.96},{"type":"B","date":"2018-04-23T05:11:51.000Z","volume":600,"label":" ","price":13.96},{"type":"B","date":"2018-04-23T05:12:16.000Z","volume":400,"label":" ","price":13.96},{"type":"B","date":"2018-04-23T05:14:13.000Z","volume":2600,"label":" ","price":13.96},{"type":"B","date":"2018-04-23T05:14:19.000Z","volume":600,"label":" ","price":13.96},{"type":"B","date":"2018-04-23T05:14:37.000Z","volume":10000,"label":" ","price":13.96},{"type":"B","date":"2018-04-23T05:14:37.000Z","volume":400,"label":" ","price":13.96},{"type":"B","date":"2018-04-23T05:14:41.000Z","volume":10000,"label":" ","price":13.96},{"type":"A","date":"2018-04-23T05:14:43.000Z","volume":200,"label":" ","price":13.96},{"type":"B","date":"2018-04-23T05:15:17.000Z","volume":600,"label":" ","price":13.94},{"type":"A","date":"2018-04-23T05:15:56.000Z","volume":4000,"label":" ","price":13.96},{"type":"A","date":"2018-04-23T05:16:59.000Z","volume":200,"label":" ","price":13.96},{"type":"A","date":"2018-04-23T05:17:53.000Z","volume":1000,"label":" ","price":13.96},{"type":"A","date":"2018-04-23T05:18:09.000Z","volume":10000,"label":" ","price":13.96},{"type":"B","date":"2018-04-23T05:18:41.000Z","volume":200,"label":" ","price":13.94},{"type":"A","date":"2018-04-23T05:19:23.000Z","volume":5000,"label":" ","price":13.96},{"type":"B","date":"2018-04-23T05:20:13.000Z","volume":400,"label":" ","price":13.94},{"type":"B","date":"2018-04-23T05:21:05.000Z","volume":400,"label":" ","price":13.94},{"type":"B","date":"2018-04-23T05:21:48.000Z","volume":1000,"label":" ","price":13.94},{"type":"U","date":"2018-04-23T05:21:53.000Z","volume":800,"label":"X","price":13.94},{"type":"B","date":"2018-04-23T05:21:57.000Z","volume":400,"label":" ","price":13.94},{"type":"B","date":"2018-04-23T05:22:51.000Z","volume":200,"label":" ","price":13.94},{"type":"A","date":"2018-04-23T05:23:21.000Z","volume":200,"label":" ","price":13.96},{"type":"B","date":"2018-04-23T05:23:44.000Z","volume":200,"label":" ","price":13.94},{"type":"A","date":"2018-04-23T05:24:04.000Z","volume":14800,"label":" ","price":13.96},{"type":"B","date":"2018-04-23T05:25:06.000Z","volume":2000,"label":" ","price":13.94},{"type":"A","date":"2018-04-23T05:25:16.000Z","volume":400,"label":" ","price":13.96},{"type":"A","date":"2018-04-23T05:26:28.000Z","volume":10000,"label":" ","price":13.96},{"type":"A","date":"2018-04-23T05:26:28.000Z","volume":1600,"label":" ","price":13.96},{"type":"A","date":"2018-04-23T05:26:28.000Z","volume":1200,"label":" ","price":13.96},{"type":"B","date":"2018-04-23T05:26:36.000Z","volume":5000,"label":" ","price":13.96},{"type":"B","date":"2018-04-23T05:26:39.000Z","volume":5200,"label":" ","price":13.96},{"type":"A","date":"2018-04-23T05:27:23.000Z","volume":4800,"label":" ","price":13.96},{"type":"B","date":"2018-04-23T05:27:23.000Z","volume":200,"label":" ","price":13.96},{"type":"A","date":"2018-04-23T05:28:16.000Z","volume":600,"label":" ","price":13.98},{"type":"A","date":"2018-04-23T05:29:38.000Z","volume":10000,"label":" ","price":13.98},{"type":"A","date":"2018-04-23T05:29:38.000Z","volume":1000,"label":" ","price":13.98},{"type":"A","date":"2018-04-23T05:29:39.000Z","volume":400,"label":" ","price":13.98},{"type":"A","date":"2018-04-23T05:31:45.000Z","volume":1000,"label":" ","price":13.98},{"type":"B","date":"2018-04-23T05:35:39.000Z","volume":400,"label":" ","price":13.96},{"type":"B","date":"2018-04-23T05:37:23.000Z","volume":400,"label":" ","price":13.96},{"type":"B","date":"2018-04-23T05:38:33.000Z","volume":400,"label":" ","price":13.96},{"type":"B","date":"2018-04-23T05:39:30.000Z","volume":200,"label":" ","price":13.96},{"type":"B","date":"2018-04-23T05:40:26.000Z","volume":400,"label":" ","price":13.96},{"type":"B","date":"2018-04-23T05:41:18.000Z","volume":600,"label":" ","price":13.96},{"type":"A","date":"2018-04-23T05:42:05.000Z","volume":400,"label":" ","price":13.98},{"type":"A","date":"2018-04-23T05:42:07.000Z","volume":200,"label":" ","price":13.98},{"type":"A","date":"2018-04-23T05:44:01.000Z","volume":200,"label":" ","price":13.98},{"type":"B","date":"2018-04-23T05:44:08.000Z","volume":2200,"label":" ","price":13.96},{"type":"B","date":"2018-04-23T05:46:23.000Z","volume":400,"label":" ","price":13.96},{"type":"B","date":"2018-04-23T05:46:53.000Z","volume":66400,"label":" ","price":13.96},{"type":"B","date":"2018-04-23T05:46:58.000Z","volume":2400,"label":" ","price":13.94},{"type":"B","date":"2018-04-23T05:47:28.000Z","volume":24800,"label":" ","price":13.94},{"type":"A","date":"2018-04-23T05:47:41.000Z","volume":10000,"label":" ","price":13.96},{"type":"A","date":"2018-04-23T05:47:41.000Z","volume":5000,"label":" ","price":13.96},{"type":"B","date":"2018-04-23T05:47:56.000Z","volume":3600,"label":" ","price":13.94},{"type":"A","date":"2018-04-23T05:49:49.000Z","volume":2600,"label":" ","price":13.96},{"type":"U","date":"2018-04-23T05:50:32.000Z","volume":195,"label":"D","price":13.801},{"type":"U","date":"2018-04-23T05:51:44.000Z","volume":200,"label":"X","price":13.96},{"type":"B","date":"2018-04-23T05:51:53.000Z","volume":200,"label":" ","price":13.94},{"type":"A","date":"2018-04-23T05:54:19.000Z","volume":400,"label":" ","price":13.96},{"type":"A","date":"2018-04-23T05:54:20.000Z","volume":15800,"label":" ","price":13.96},{"type":"A","date":"2018-04-23T05:54:42.000Z","volume":3800,"label":" ","price":13.98},{"type":"A","date":"2018-04-23T05:57:40.000Z","volume":200,"label":" ","price":13.96},{"type":"B","date":"2018-04-23T06:00:03.000Z","volume":400,"label":" ","price":13.94},{"type":"B","date":"2018-04-23T06:00:12.000Z","volume":17000,"label":" ","price":13.94},{"type":"B","date":"2018-04-23T06:00:55.000Z","volume":400,"label":" ","price":13.94},{"type":"B","date":"2018-04-23T06:01:58.000Z","volume":200,"label":" ","price":13.94},{"type":"B","date":"2018-04-23T06:02:58.000Z","volume":400,"label":" ","price":13.94},{"type":"U","date":"2018-04-23T06:04:04.000Z","volume":800,"label":"X","price":13.96},{"type":"U","date":"2018-04-23T06:04:04.000Z","volume":1000,"label":"X","price":13.96},{"type":"B","date":"2018-04-23T06:04:07.000Z","volume":400,"label":" ","price":13.94},{"type":"U","date":"2018-04-23T06:04:29.000Z","volume":200,"label":"X","price":13.96},{"type":"A","date":"2018-04-23T06:04:39.000Z","volume":200,"label":" ","price":13.96},{"type":"B","date":"2018-04-23T06:05:08.000Z","volume":400,"label":" ","price":13.94},{"type":"U","date":"2018-04-23T06:05:30.000Z","volume":400,"label":"X","price":13.96},{"type":"B","date":"2018-04-23T06:06:15.000Z","volume":400,"label":" ","price":13.94},{"type":"B","date":"2018-04-23T06:07:25.000Z","volume":400,"label":" ","price":13.94},{"type":"B","date":"2018-04-23T06:08:26.000Z","volume":400,"label":" ","price":13.94},{"type":"B","date":"2018-04-23T06:08:28.000Z","volume":800,"label":" ","price":13.94},{"type":"B","date":"2018-04-23T06:08:40.000Z","volume":2600,"label":" ","price":13.94},{"type":"U","date":"2018-04-23T06:09:04.000Z","volume":400,"label":"X","price":13.95},{"type":"U","date":"2018-04-23T06:10:06.000Z","volume":400,"label":"X","price":13.95},{"type":"B","date":"2018-04-23T06:10:29.000Z","volume":800,"label":" ","price":13.94},{"type":"B","date":"2018-04-23T06:10:33.000Z","volume":2600,"label":" ","price":13.94},{"type":"B","date":"2018-04-23T06:10:34.000Z","volume":400,"label":" ","price":13.94},{"type":"B","date":"2018-04-23T06:11:34.000Z","volume":400,"label":" ","price":13.94},{"type":"B","date":"2018-04-23T06:12:15.000Z","volume":10000,"label":" ","price":13.94},{"type":"B","date":"2018-04-23T06:12:26.000Z","volume":400,"label":" ","price":13.94},{"type":"B","date":"2018-04-23T06:13:31.000Z","volume":400,"label":" ","price":13.94},{"type":"B","date":"2018-04-23T06:14:26.000Z","volume":200,"label":" ","price":13.94},{"type":"A","date":"2018-04-23T06:14:52.000Z","volume":200,"label":" ","price":13.96},{"type":"A","date":"2018-04-23T06:15:03.000Z","volume":20000,"label":" ","price":13.96},{"type":"A","date":"2018-04-23T06:15:04.000Z","volume":10200,"label":" ","price":13.96},{"type":"A","date":"2018-04-23T06:15:05.000Z","volume":1000,"label":" ","price":13.96},{"type":"B","date":"2018-04-23T06:17:28.000Z","volume":20000,"label":" ","price":13.94},{"type":"B","date":"2018-04-23T06:18:42.000Z","volume":140000,"label":" ","price":13.94},{"type":"B","date":"2018-04-23T06:18:42.000Z","volume":23400,"label":" ","price":13.94},{"type":"B","date":"2018-04-23T06:19:07.000Z","volume":20000,"label":" ","price":13.92},{"type":"A","date":"2018-04-23T06:19:26.000Z","volume":20000,"label":" ","price":13.94},{"type":"A","date":"2018-04-23T06:19:28.000Z","volume":600,"label":" ","price":13.94},{"type":"A","date":"2018-04-23T06:19:54.000Z","volume":20000,"label":" ","price":13.94},{"type":"A","date":"2018-04-23T06:19:54.000Z","volume":14200,"label":" ","price":13.94},{"type":"B","date":"2018-04-23T06:20:52.000Z","volume":200,"label":" ","price":13.94},{"type":"B","date":"2018-04-23T06:20:53.000Z","volume":80200,"label":" ","price":13.94},{"type":"A","date":"2018-04-23T06:23:20.000Z","volume":8800,"label":" ","price":13.94},{"type":"B","date":"2018-04-23T06:23:20.000Z","volume":200,"label":" ","price":13.94},{"type":"B","date":"2018-04-23T06:23:21.000Z","volume":200,"label":" ","price":13.94},{"type":"B","date":"2018-04-23T06:23:31.000Z","volume":800,"label":" ","price":13.94},{"type":"A","date":"2018-04-23T06:25:22.000Z","volume":2000,"label":" ","price":13.94},{"type":"A","date":"2018-04-23T06:28:18.000Z","volume":200,"label":" ","price":13.94},{"type":"B","date":"2018-04-23T06:28:25.000Z","volume":600,"label":" ","price":13.92},{"type":"B","date":"2018-04-23T06:29:34.000Z","volume":800,"label":" ","price":13.92},{"type":"B","date":"2018-04-23T06:30:29.000Z","volume":600,"label":" ","price":13.92},{"type":"B","date":"2018-04-23T06:30:44.000Z","volume":600,"label":" ","price":13.92},{"type":"B","date":"2018-04-23T06:31:40.000Z","volume":800,"label":" ","price":13.92},{"type":"A","date":"2018-04-23T06:32:24.000Z","volume":10000,"label":" ","price":13.94},{"type":"U","date":"2018-04-23T06:32:24.000Z","volume":200,"label":" ","price":13.94},{"type":"B","date":"2018-04-23T06:34:19.000Z","volume":600,"label":" ","price":13.94},{"type":"B","date":"2018-04-23T06:35:21.000Z","volume":800,"label":" ","price":13.94},{"type":"A","date":"2018-04-23T06:36:07.000Z","volume":400,"label":" ","price":13.96},{"type":"B","date":"2018-04-23T06:37:20.000Z","volume":600,"label":"Y","price":13.94},{"type":"B","date":"2018-04-23T06:37:20.000Z","volume":600,"label":" ","price":13.94},{"type":"B","date":"2018-04-23T06:38:16.000Z","volume":600,"label":" ","price":13.94},{"type":"B","date":"2018-04-23T06:39:08.000Z","volume":800,"label":" ","price":13.94},{"type":"A","date":"2018-04-23T06:39:12.000Z","volume":200,"label":" ","price":13.96},{"type":"B","date":"2018-04-23T06:40:03.000Z","volume":600,"label":" ","price":13.94},{"type":"A","date":"2018-04-23T06:40:09.000Z","volume":200,"label":" ","price":13.96},{"type":"B","date":"2018-04-23T06:41:02.000Z","volume":400,"label":" ","price":13.94},{"type":"B","date":"2018-04-23T06:42:10.000Z","volume":400,"label":" ","price":13.94},{"type":"A","date":"2018-04-23T06:42:10.000Z","volume":200,"label":" ","price":13.96},{"type":"A","date":"2018-04-23T06:42:16.000Z","volume":200,"label":" ","price":13.96},{"type":"A","date":"2018-04-23T06:42:30.000Z","volume":200,"label":"Y","price":13.96},{"type":"A","date":"2018-04-23T06:42:30.000Z","volume":4800,"label":" ","price":13.96},{"type":"A","date":"2018-04-23T06:42:31.000Z","volume":1000,"label":" ","price":13.96},{"type":"B","date":"2018-04-23T06:42:49.000Z","volume":1000,"label":" ","price":13.94},{"type":"A","date":"2018-04-23T06:42:51.000Z","volume":400,"label":" ","price":13.96},{"type":"U","date":"2018-04-23T06:42:54.000Z","volume":400,"label":"X","price":13.94},{"type":"A","date":"2018-04-23T06:43:01.000Z","volume":2000,"label":"Y","price":13.96},{"type":"A","date":"2018-04-23T06:43:01.000Z","volume":8000,"label":" ","price":13.96},{"type":"A","date":"2018-04-23T06:43:01.000Z","volume":14800,"label":" ","price":13.96},{"type":"U","date":"2018-04-23T06:43:01.000Z","volume":200,"label":" ","price":13.96},{"type":"B","date":"2018-04-23T06:43:38.000Z","volume":200,"label":" ","price":13.96},{"type":"A","date":"2018-04-23T06:44:04.000Z","volume":400,"label":" ","price":13.98},{"type":"A","date":"2018-04-23T06:44:16.000Z","volume":200,"label":" ","price":13.98},{"type":"B","date":"2018-04-23T06:44:23.000Z","volume":200,"label":" ","price":13.96},{"type":"U","date":"2018-04-23T06:44:30.000Z","volume":157,"label":"D","price":14.02},{"type":"B","date":"2018-04-23T06:44:46.000Z","volume":400,"label":" ","price":13.96},{"type":"B","date":"2018-04-23T06:44:46.000Z","volume":800,"label":" ","price":13.96},{"type":"B","date":"2018-04-23T06:44:46.000Z","volume":200,"label":" ","price":13.96},{"type":"U","date":"2018-04-23T06:44:51.000Z","volume":400,"label":"X","price":13.96},{"type":"B","date":"2018-04-23T06:45:42.000Z","volume":200,"label":" ","price":13.96},{"type":"B","date":"2018-04-23T06:45:47.000Z","volume":1600,"label":" ","price":13.94},{"type":"A","date":"2018-04-23T06:45:49.000Z","volume":200,"label":" ","price":13.96},{"type":"B","date":"2018-04-23T06:46:48.000Z","volume":1400,"label":" ","price":13.94},{"type":"B","date":"2018-04-23T06:47:49.000Z","volume":1400,"label":" ","price":13.94},{"type":"A","date":"2018-04-23T06:48:15.000Z","volume":11800,"label":" ","price":13.96},{"type":"B","date":"2018-04-23T06:48:35.000Z","volume":2000,"label":" ","price":13.96},{"type":"B","date":"2018-04-23T06:48:35.000Z","volume":200,"label":" ","price":13.96},{"type":"B","date":"2018-04-23T06:48:54.000Z","volume":200,"label":" ","price":13.96},{"type":"A","date":"2018-04-23T06:49:49.000Z","volume":2000,"label":" ","price":13.98},{"type":"B","date":"2018-04-23T06:49:50.000Z","volume":200,"label":" ","price":13.96},{"type":"B","date":"2018-04-23T06:49:52.000Z","volume":1400,"label":" ","price":13.96},{"type":"B","date":"2018-04-23T06:49:54.000Z","volume":200,"label":" ","price":13.96},{"type":"B","date":"2018-04-23T06:50:49.000Z","volume":1400,"label":" ","price":13.96},{"type":"B","date":"2018-04-23T06:50:51.000Z","volume":200,"label":" ","price":13.96},{"type":"A","date":"2018-04-23T06:51:37.000Z","volume":2600,"label":" ","price":13.98},{"type":"B","date":"2018-04-23T06:51:37.000Z","volume":200,"label":" ","price":13.96},{"type":"B","date":"2018-04-23T06:51:52.000Z","volume":1200,"label":" ","price":13.96},{"type":"B","date":"2018-04-23T06:52:49.000Z","volume":1400,"label":" ","price":13.96},{"type":"B","date":"2018-04-23T06:52:50.000Z","volume":200,"label":" ","price":13.96},{"type":"B","date":"2018-04-23T06:53:19.000Z","volume":600,"label":" ","price":13.96},{"type":"B","date":"2018-04-23T06:53:48.000Z","volume":1800,"label":" ","price":13.96},{"type":"B","date":"2018-04-23T06:53:50.000Z","volume":200,"label":" ","price":13.96},{"type":"A","date":"2018-04-23T06:54:12.000Z","volume":600,"label":" ","price":13.98},{"type":"B","date":"2018-04-23T06:54:12.000Z","volume":200,"label":" ","price":13.96},{"type":"B","date":"2018-04-23T06:54:27.000Z","volume":400,"label":" ","price":13.96},{"type":"B","date":"2018-04-23T06:54:49.000Z","volume":1400,"label":" ","price":13.96},{"type":"U","date":"2018-04-23T06:55:17.000Z","volume":200,"label":"X","price":13.98},{"type":"B","date":"2018-04-23T06:55:32.000Z","volume":600,"label":" ","price":13.96},{"type":"B","date":"2018-04-23T06:55:33.000Z","volume":200,"label":" ","price":13.96},{"type":"B","date":"2018-04-23T06:55:51.000Z","volume":1400,"label":" ","price":13.96},{"type":"B","date":"2018-04-23T06:56:50.000Z","volume":1400,"label":" ","price":13.96},{"type":"B","date":"2018-04-23T06:56:52.000Z","volume":200,"label":" ","price":13.96},{"type":"B","date":"2018-04-23T06:57:17.000Z","volume":600,"label":" ","price":13.96},{"type":"B","date":"2018-04-23T06:57:55.000Z","volume":1400,"label":" ","price":13.96},{"type":"B","date":"2018-04-23T06:57:57.000Z","volume":200,"label":" ","price":13.96},{"type":"A","date":"2018-04-23T06:58:41.000Z","volume":200,"label":" ","price":13.98},{"type":"B","date":"2018-04-23T06:58:55.000Z","volume":1400,"label":" ","price":13.96},{"type":"B","date":"2018-04-23T06:58:57.000Z","volume":200,"label":" ","price":13.96},{"type":"B","date":"2018-04-23T06:59:25.000Z","volume":800,"label":" ","price":13.96},{"type":"B","date":"2018-04-23T06:59:52.000Z","volume":1400,"label":" ","price":13.96},{"type":"B","date":"2018-04-23T06:59:53.000Z","volume":200,"label":" ","price":13.96},{"type":"B","date":"2018-04-23T07:00:49.000Z","volume":1600,"label":" ","price":13.96},{"type":"B","date":"2018-04-23T07:00:51.000Z","volume":200,"label":" ","price":13.96},{"type":"B","date":"2018-04-23T07:01:12.000Z","volume":600,"label":" ","price":13.96},{"type":"B","date":"2018-04-23T07:01:46.000Z","volume":2600,"label":" ","price":13.96},{"type":"B","date":"2018-04-23T07:01:48.000Z","volume":200,"label":" ","price":13.96},{"type":"B","date":"2018-04-23T07:01:53.000Z","volume":1400,"label":" ","price":13.96},{"type":"B","date":"2018-04-23T07:01:54.000Z","volume":200,"label":" ","price":13.96},{"type":"B","date":"2018-04-23T07:02:19.000Z","volume":600,"label":" ","price":13.96},{"type":"A","date":"2018-04-23T07:02:50.000Z","volume":400,"label":" ","price":13.98},{"type":"B","date":"2018-04-23T07:02:50.000Z","volume":1400,"label":" ","price":13.96},{"type":"B","date":"2018-04-23T07:02:51.000Z","volume":200,"label":" ","price":13.96},{"type":"B","date":"2018-04-23T07:03:16.000Z","volume":200,"label":" ","price":13.96},{"type":"B","date":"2018-04-23T07:03:40.000Z","volume":3200,"label":" ","price":13.96},{"type":"B","date":"2018-04-23T07:03:42.000Z","volume":400,"label":" ","price":13.96},{"type":"A","date":"2018-04-23T07:03:48.000Z","volume":800,"label":" ","price":13.98},{"type":"B","date":"2018-04-23T07:03:55.000Z","volume":1400,"label":" ","price":13.96},{"type":"B","date":"2018-04-23T07:03:57.000Z","volume":200,"label":" ","price":13.96},{"type":"B","date":"2018-04-23T07:04:14.000Z","volume":400,"label":" ","price":13.96},{"type":"A","date":"2018-04-23T07:04:24.000Z","volume":10000,"label":" ","price":13.98},{"type":"U","date":"2018-04-23T07:04:29.000Z","volume":58,"label":"D","price":13.86},{"type":"B","date":"2018-04-23T07:04:52.000Z","volume":1400,"label":" ","price":13.96},{"type":"B","date":"2018-04-23T07:05:26.000Z","volume":5000,"label":" ","price":13.96},{"type":"B","date":"2018-04-23T07:05:28.000Z","volume":200,"label":" ","price":13.96},{"type":"B","date":"2018-04-23T07:05:51.000Z","volume":1400,"label":" ","price":13.96},{"type":"A","date":"2018-04-23T07:05:55.000Z","volume":1600,"label":" ","price":13.98},{"type":"B","date":"2018-04-23T07:06:55.000Z","volume":1600,"label":" ","price":13.96},{"type":"B","date":"2018-04-23T07:06:55.000Z","volume":200,"label":" ","price":13.96},{"type":"B","date":"2018-04-23T07:06:59.000Z","volume":3000,"label":" ","price":13.96},{"type":"B","date":"2018-04-23T07:06:59.000Z","volume":200,"label":" ","price":13.96},{"type":"A","date":"2018-04-23T07:07:11.000Z","volume":200,"label":" ","price":13.98},{"type":"B","date":"2018-04-23T07:07:20.000Z","volume":400,"label":" ","price":13.96},{"type":"B","date":"2018-04-23T07:07:20.000Z","volume":200,"label":" ","price":13.96},{"type":"A","date":"2018-04-23T07:07:35.000Z","volume":800,"label":"Y","price":13.98},{"type":"A","date":"2018-04-23T07:07:52.000Z","volume":1600,"label":" ","price":13.98},{"type":"B","date":"2018-04-23T07:07:54.000Z","volume":1400,"label":" ","price":13.96},{"type":"B","date":"2018-04-23T07:08:20.000Z","volume":400,"label":" ","price":13.96},{"type":"B","date":"2018-04-23T07:08:56.000Z","volume":2800,"label":" ","price":13.96},{"type":"B","date":"2018-04-23T07:08:58.000Z","volume":200,"label":" ","price":13.96},{"type":"B","date":"2018-04-23T07:09:28.000Z","volume":400,"label":" ","price":13.96},{"type":"B","date":"2018-04-23T07:09:31.000Z","volume":1400,"label":" ","price":13.96},{"type":"B","date":"2018-04-23T07:09:32.000Z","volume":200,"label":" ","price":13.96},{"type":"A","date":"2018-04-23T07:09:49.000Z","volume":1600,"label":" ","price":13.98},{"type":"B","date":"2018-04-23T07:09:51.000Z","volume":200,"label":" ","price":13.96},{"type":"B","date":"2018-04-23T07:10:17.000Z","volume":1400,"label":" ","price":13.96},{"type":"B","date":"2018-04-23T07:10:34.000Z","volume":600,"label":" ","price":13.96},{"type":"B","date":"2018-04-23T07:10:34.000Z","volume":200,"label":" ","price":13.96},{"type":"A","date":"2018-04-23T07:10:54.000Z","volume":600,"label":"Y","price":13.98},{"type":"B","date":"2018-04-23T07:11:25.000Z","volume":400,"label":" ","price":13.96},{"type":"A","date":"2018-04-23T07:11:46.000Z","volume":1600,"label":" ","price":13.98},{"type":"B","date":"2018-04-23T07:11:48.000Z","volume":200,"label":" ","price":13.96},{"type":"B","date":"2018-04-23T07:12:17.000Z","volume":200,"label":" ","price":13.96},{"type":"B","date":"2018-04-23T07:12:30.000Z","volume":400,"label":" ","price":13.96},{"type":"B","date":"2018-04-23T07:13:08.000Z","volume":2800,"label":" ","price":13.96},{"type":"B","date":"2018-04-23T07:13:10.000Z","volume":200,"label":" ","price":13.96},{"type":"B","date":"2018-04-23T07:13:35.000Z","volume":400,"label":" ","price":13.96},{"type":"B","date":"2018-04-23T07:13:35.000Z","volume":600,"label":" ","price":13.96},{"type":"B","date":"2018-04-23T07:13:35.000Z","volume":200,"label":" ","price":13.96},{"type":"A","date":"2018-04-23T07:13:43.000Z","volume":1600,"label":" ","price":13.98},{"type":"B","date":"2018-04-23T07:13:45.000Z","volume":200,"label":" ","price":13.96},{"type":"A","date":"2018-04-23T07:14:10.000Z","volume":200,"label":" ","price":13.98},{"type":"A","date":"2018-04-23T07:14:13.000Z","volume":600,"label":"Y","price":13.98},{"type":"A","date":"2018-04-23T07:14:13.000Z","volume":200,"label":" ","price":13.98},{"type":"B","date":"2018-04-23T07:14:31.000Z","volume":400,"label":" ","price":13.96},{"type":"B","date":"2018-04-23T07:14:35.000Z","volume":400,"label":"Y","price":13.96},{"type":"B","date":"2018-04-23T07:14:35.000Z","volume":200,"label":" ","price":13.96},{"type":"A","date":"2018-04-23T07:15:27.000Z","volume":1600,"label":" ","price":13.98},{"type":"B","date":"2018-04-23T07:15:31.000Z","volume":400,"label":" ","price":13.96},{"type":"B","date":"2018-04-23T07:15:31.000Z","volume":200,"label":" ","price":13.96},{"type":"B","date":"2018-04-23T07:16:28.000Z","volume":400,"label":" ","price":13.96},{"type":"B","date":"2018-04-23T07:17:02.000Z","volume":200,"label":" ","price":13.96},{"type":"A","date":"2018-04-23T07:17:24.000Z","volume":1600,"label":" ","price":13.98},{"type":"B","date":"2018-04-23T07:17:24.000Z","volume":200,"label":" ","price":13.96},{"type":"B","date":"2018-04-23T07:17:34.000Z","volume":600,"label":" ","price":13.96},{"type":"A","date":"2018-04-23T07:17:53.000Z","volume":200,"label":" ","price":13.98},{"type":"B","date":"2018-04-23T07:18:05.000Z","volume":5000,"label":" ","price":13.96},{"type":"B","date":"2018-04-23T07:18:05.000Z","volume":600,"label":" ","price":13.96},{"type":"B","date":"2018-04-23T07:18:44.000Z","volume":400,"label":" ","price":13.96},{"type":"A","date":"2018-04-23T07:19:18.000Z","volume":1800,"label":" ","price":13.98},{"type":"B","date":"2018-04-23T07:19:20.000Z","volume":200,"label":" ","price":13.96},{"type":"B","date":"2018-04-23T07:19:36.000Z","volume":400,"label":" ","price":13.96},{"type":"A","date":"2018-04-23T07:20:00.000Z","volume":1600,"label":" ","price":13.98},{"type":"B","date":"2018-04-23T07:20:00.000Z","volume":200,"label":" ","price":13.96},{"type":"B","date":"2018-04-23T07:20:17.000Z","volume":200,"label":" ","price":13.96},{"type":"B","date":"2018-04-23T07:20:36.000Z","volume":600,"label":" ","price":13.96},{"type":"B","date":"2018-04-23T07:21:34.000Z","volume":400,"label":" ","price":13.96},{"type":"B","date":"2018-04-23T07:21:38.000Z","volume":34600,"label":" ","price":13.96},{"type":"B","date":"2018-04-23T07:21:38.000Z","volume":600,"label":"Y","price":13.96},{"type":"B","date":"2018-04-23T07:21:38.000Z","volume":23600,"label":" ","price":13.96},{"type":"B","date":"2018-04-23T07:21:40.000Z","volume":200,"label":" ","price":13.94},{"type":"A","date":"2018-04-23T07:21:55.000Z","volume":1000,"label":" ","price":13.96},{"type":"A","date":"2018-04-23T07:21:57.000Z","volume":200,"label":" ","price":13.96},{"type":"B","date":"2018-04-23T07:22:32.000Z","volume":1200,"label":"Y","price":13.94},{"type":"B","date":"2018-04-23T07:23:01.000Z","volume":10000,"label":" ","price":13.94},{"type":"B","date":"2018-04-23T07:23:05.000Z","volume":10800,"label":" ","price":13.94},{"type":"B","date":"2018-04-23T07:23:05.000Z","volume":1800,"label":" ","price":13.92},{"type":"A","date":"2018-04-23T07:23:07.000Z","volume":400,"label":"Y","price":13.94},{"type":"A","date":"2018-04-23T07:23:07.000Z","volume":3800,"label":" ","price":13.94},{"type":"B","date":"2018-04-23T07:23:47.000Z","volume":200,"label":" ","price":13.92},{"type":"B","date":"2018-04-23T07:23:52.000Z","volume":1000,"label":" ","price":13.92},{"type":"A","date":"2018-04-23T07:23:56.000Z","volume":1000,"label":" ","price":13.94},{"type":"A","date":"2018-04-23T07:24:28.000Z","volume":2000,"label":" ","price":13.94},{"type":"A","date":"2018-04-23T07:24:43.000Z","volume":600,"label":" ","price":13.94},{"type":"B","date":"2018-04-23T07:24:57.000Z","volume":1200,"label":" ","price":13.92},{"type":"B","date":"2018-04-23T07:25:10.000Z","volume":5600,"label":" ","price":13.92},{"type":"A","date":"2018-04-23T07:25:10.000Z","volume":800,"label":" ","price":13.94},{"type":"B","date":"2018-04-23T07:25:26.000Z","volume":400,"label":" ","price":13.92},{"type":"A","date":"2018-04-23T07:25:28.000Z","volume":800,"label":" ","price":13.94},{"type":"A","date":"2018-04-23T07:25:58.000Z","volume":600,"label":"Y","price":13.94},{"type":"A","date":"2018-04-23T07:25:58.000Z","volume":800,"label":" ","price":13.94},{"type":"B","date":"2018-04-23T07:26:01.000Z","volume":1000,"label":" ","price":13.92},{"type":"A","date":"2018-04-23T07:26:29.000Z","volume":1400,"label":"Y","price":13.94},{"type":"A","date":"2018-04-23T07:26:59.000Z","volume":1400,"label":"Y","price":13.94},{"type":"B","date":"2018-04-23T07:27:04.000Z","volume":2000,"label":" ","price":13.92},{"type":"B","date":"2018-04-23T07:27:08.000Z","volume":1000,"label":" ","price":13.92},{"type":"A","date":"2018-04-23T07:27:27.000Z","volume":400,"label":"Y","price":13.94},{"type":"A","date":"2018-04-23T07:27:27.000Z","volume":800,"label":" ","price":13.94},{"type":"A","date":"2018-04-23T07:27:55.000Z","volume":1200,"label":" ","price":13.94},{"type":"A","date":"2018-04-23T07:28:01.000Z","volume":1600,"label":" ","price":13.94},{"type":"A","date":"2018-04-23T07:28:28.000Z","volume":2000,"label":" ","price":13.94},{"type":"A","date":"2018-04-23T07:28:30.000Z","volume":800,"label":"Y","price":13.94},{"type":"A","date":"2018-04-23T07:28:30.000Z","volume":800,"label":" ","price":13.94},{"type":"B","date":"2018-04-23T07:28:42.000Z","volume":1200,"label":" ","price":13.92},{"type":"A","date":"2018-04-23T07:29:01.000Z","volume":400,"label":"Y","price":13.94},{"type":"A","date":"2018-04-23T07:29:01.000Z","volume":1000,"label":" ","price":13.94},{"type":"A","date":"2018-04-23T07:29:24.000Z","volume":400,"label":" ","price":13.94},{"type":"A","date":"2018-04-23T07:29:31.000Z","volume":200,"label":" ","price":13.94},{"type":"A","date":"2018-04-23T07:29:31.000Z","volume":1400,"label":" ","price":13.94},{"type":"B","date":"2018-04-23T07:29:39.000Z","volume":800,"label":" ","price":13.92},{"type":"A","date":"2018-04-23T07:29:58.000Z","volume":1600,"label":" ","price":13.94},{"type":"A","date":"2018-04-23T07:30:02.000Z","volume":1400,"label":" ","price":13.94},{"type":"A","date":"2018-04-23T07:30:32.000Z","volume":1400,"label":" ","price":13.94},{"type":"B","date":"2018-04-23T07:30:36.000Z","volume":1200,"label":" ","price":13.92},{"type":"A","date":"2018-04-23T07:30:49.000Z","volume":1000,"label":" ","price":13.94},{"type":"A","date":"2018-04-23T07:31:02.000Z","volume":1400,"label":" ","price":13.94},{"type":"A","date":"2018-04-23T07:31:33.000Z","volume":1600,"label":" ","price":13.94},{"type":"B","date":"2018-04-23T07:31:37.000Z","volume":200,"label":" ","price":13.92},{"type":"A","date":"2018-04-23T07:31:55.000Z","volume":1600,"label":" ","price":13.94},{"type":"A","date":"2018-04-23T07:32:03.000Z","volume":1400,"label":" ","price":13.94},{"type":"B","date":"2018-04-23T07:32:03.000Z","volume":1200,"label":" ","price":13.92},{"type":"A","date":"2018-04-23T07:32:34.000Z","volume":1600,"label":" ","price":13.94},{"type":"A","date":"2018-04-23T07:32:34.000Z","volume":49600,"label":" ","price":13.94},{"type":"A","date":"2018-04-23T07:32:35.000Z","volume":400,"label":"Y","price":13.94},{"type":"A","date":"2018-04-23T07:32:35.000Z","volume":800,"label":" ","price":13.94},{"type":"U","date":"2018-04-23T07:32:35.000Z","volume":200,"label":" ","price":13.94},{"type":"B","date":"2018-04-23T07:32:37.000Z","volume":2000,"label":" ","price":13.92},{"type":"A","date":"2018-04-23T07:32:57.000Z","volume":200,"label":"Y","price":13.96},{"type":"B","date":"2018-04-23T07:33:02.000Z","volume":200,"label":" ","price":13.94},{"type":"B","date":"2018-04-23T07:33:02.000Z","volume":200,"label":" ","price":13.94},{"type":"B","date":"2018-04-23T07:33:19.000Z","volume":200,"label":" ","price":13.94},{"type":"A","date":"2018-04-23T07:33:33.000Z","volume":2800,"label":" ","price":13.96},{"type":"A","date":"2018-04-23T07:33:52.000Z","volume":1600,"label":" ","price":13.96},{"type":"A","date":"2018-04-23T07:34:05.000Z","volume":1600,"label":" ","price":13.96},{"type":"B","date":"2018-04-23T07:34:19.000Z","volume":1200,"label":" ","price":13.94},{"type":"A","date":"2018-04-23T07:34:35.000Z","volume":1600,"label":" ","price":13.96},{"type":"A","date":"2018-04-23T07:35:06.000Z","volume":1400,"label":" ","price":13.96},{"type":"B","date":"2018-04-23T07:35:16.000Z","volume":200,"label":"Y","price":13.94},{"type":"B","date":"2018-04-23T07:35:16.000Z","volume":800,"label":" ","price":13.94},{"type":"A","date":"2018-04-23T07:35:36.000Z","volume":1600,"label":" ","price":13.96},{"type":"B","date":"2018-04-23T07:35:39.000Z","volume":400,"label":" ","price":13.94},{"type":"A","date":"2018-04-23T07:36:07.000Z","volume":1600,"label":" ","price":13.96},{"type":"B","date":"2018-04-23T07:36:13.000Z","volume":1200,"label":" ","price":13.94},{"type":"A","date":"2018-04-23T07:36:37.000Z","volume":1600,"label":" ","price":13.96},{"type":"A","date":"2018-04-23T07:36:39.000Z","volume":200,"label":" ","price":13.96},{"type":"A","date":"2018-04-23T07:37:08.000Z","volume":1800,"label":" ","price":13.96},{"type":"B","date":"2018-04-23T07:37:10.000Z","volume":1000,"label":" ","price":13.94},{"type":"A","date":"2018-04-23T07:37:29.000Z","volume":200,"label":"Y","price":13.96},{"type":"A","date":"2018-04-23T07:37:29.000Z","volume":1000,"label":" ","price":13.96},{"type":"A","date":"2018-04-23T07:38:08.000Z","volume":2200,"label":" ","price":13.96},{"type":"B","date":"2018-04-23T07:38:12.000Z","volume":600,"label":"Y","price":13.94},{"type":"B","date":"2018-04-23T07:38:12.000Z","volume":600,"label":" ","price":13.94},{"type":"A","date":"2018-04-23T07:38:59.000Z","volume":200,"label":" ","price":13.96},{"type":"A","date":"2018-04-23T07:39:09.000Z","volume":2600,"label":" ","price":13.96},{"type":"B","date":"2018-04-23T07:39:20.000Z","volume":400,"label":"Y","price":13.94},{"type":"B","date":"2018-04-23T07:39:20.000Z","volume":600,"label":" ","price":13.94},{"type":"A","date":"2018-04-23T07:39:31.000Z","volume":2800,"label":" ","price":13.96},{"type":"A","date":"2018-04-23T07:39:40.000Z","volume":1400,"label":" ","price":13.96},{"type":"A","date":"2018-04-23T07:40:21.000Z","volume":2400,"label":" ","price":13.96},{"type":"B","date":"2018-04-23T07:40:22.000Z","volume":600,"label":"Y","price":13.94},{"type":"B","date":"2018-04-23T07:40:22.000Z","volume":600,"label":" ","price":13.94},{"type":"A","date":"2018-04-23T07:41:11.000Z","volume":1000,"label":"Y","price":13.96},{"type":"A","date":"2018-04-23T07:41:11.000Z","volume":1600,"label":" ","price":13.96},{"type":"A","date":"2018-04-23T07:41:11.000Z","volume":25800,"label":" ","price":13.96},{"type":"B","date":"2018-04-23T07:41:29.000Z","volume":600,"label":"Y","price":13.94},{"type":"B","date":"2018-04-23T07:41:29.000Z","volume":200,"label":" ","price":13.94},{"type":"A","date":"2018-04-23T07:41:29.000Z","volume":600,"label":" ","price":13.96},{"type":"A","date":"2018-04-23T07:41:41.000Z","volume":800,"label":" ","price":13.96},{"type":"A","date":"2018-04-23T07:42:03.000Z","volume":13000,"label":" ","price":13.96},{"type":"B","date":"2018-04-23T07:42:03.000Z","volume":200,"label":" ","price":13.96},{"type":"B","date":"2018-04-23T07:42:04.000Z","volume":6800,"label":" ","price":13.96},{"type":"A","date":"2018-04-23T07:42:31.000Z","volume":3200,"label":" ","price":13.98},{"type":"B","date":"2018-04-23T07:43:04.000Z","volume":200,"label":" ","price":13.96},{"type":"A","date":"2018-04-23T07:43:35.000Z","volume":3800,"label":" ","price":13.98},{"type":"B","date":"2018-04-23T07:43:48.000Z","volume":600,"label":"Y","price":13.96},{"type":"B","date":"2018-04-23T07:43:48.000Z","volume":600,"label":" ","price":13.96},{"type":"B","date":"2018-04-23T07:44:32.000Z","volume":1400,"label":" ","price":13.96},{"type":"B","date":"2018-04-23T07:44:33.000Z","volume":200,"label":" ","price":13.96},{"type":"B","date":"2018-04-23T07:44:36.000Z","volume":1000,"label":" ","price":13.96},{"type":"A","date":"2018-04-23T07:44:36.000Z","volume":2600,"label":" ","price":13.98},{"type":"A","date":"2018-04-23T07:44:36.000Z","volume":800,"label":" ","price":13.98},{"type":"B","date":"2018-04-23T07:44:48.000Z","volume":1600,"label":" ","price":13.96},{"type":"B","date":"2018-04-23T07:45:05.000Z","volume":3000,"label":" ","price":13.96},{"type":"B","date":"2018-04-23T07:45:09.000Z","volume":1000,"label":" ","price":13.96},{"type":"B","date":"2018-04-23T07:45:15.000Z","volume":3000,"label":" ","price":13.96},{"type":"B","date":"2018-04-23T07:45:16.000Z","volume":600,"label":" ","price":13.96},{"type":"B","date":"2018-04-23T07:45:21.000Z","volume":200,"label":" ","price":13.96},{"type":"B","date":"2018-04-23T07:45:28.000Z","volume":1000,"label":" ","price":13.96},{"type":"B","date":"2018-04-23T07:45:46.000Z","volume":600,"label":" ","price":13.96},{"type":"B","date":"2018-04-23T07:45:54.000Z","volume":400,"label":" ","price":13.96},{"type":"B","date":"2018-04-23T07:46:05.000Z","volume":200,"label":" ","price":13.96},{"type":"B","date":"2018-04-23T07:46:09.000Z","volume":600,"label":" ","price":13.96},{"type":"B","date":"2018-04-23T07:46:12.000Z","volume":400,"label":" ","price":13.96},{"type":"A","date":"2018-04-23T07:46:15.000Z","volume":3800,"label":" ","price":13.98},{"type":"B","date":"2018-04-23T07:46:17.000Z","volume":400,"label":" ","price":13.96},{"type":"B","date":"2018-04-23T07:46:25.000Z","volume":400,"label":" ","price":13.96},{"type":"A","date":"2018-04-23T07:46:26.000Z","volume":400,"label":" ","price":13.98},{"type":"B","date":"2018-04-23T07:46:30.000Z","volume":600,"label":" ","price":13.96},{"type":"B","date":"2018-04-23T07:46:39.000Z","volume":400,"label":" ","price":13.96},{"type":"B","date":"2018-04-23T07:46:40.000Z","volume":200,"label":" ","price":13.96},{"type":"B","date":"2018-04-23T07:46:45.000Z","volume":200,"label":" ","price":13.96},{"type":"A","date":"2018-04-23T07:46:46.000Z","volume":2400,"label":" ","price":13.98},{"type":"B","date":"2018-04-23T07:46:47.000Z","volume":200,"label":" ","price":13.96},{"type":"B","date":"2018-04-23T07:46:53.000Z","volume":200,"label":" ","price":13.96},{"type":"A","date":"2018-04-23T07:47:16.000Z","volume":2200,"label":" ","price":13.98},{"type":"B","date":"2018-04-23T07:47:18.000Z","volume":200,"label":" ","price":13.96},{"type":"A","date":"2018-04-23T07:47:46.000Z","volume":2400,"label":" ","price":13.98},{"type":"B","date":"2018-04-23T07:47:47.000Z","volume":200,"label":" ","price":13.96},{"type":"B","date":"2018-04-23T07:48:03.000Z","volume":2600,"label":"Y","price":13.96},{"type":"B","date":"2018-04-23T07:48:03.000Z","volume":42800,"label":" ","price":13.96},{"type":"B","date":"2018-04-23T07:48:20.000Z","volume":1000,"label":" ","price":13.94},{"type":"B","date":"2018-04-23T07:48:20.000Z","volume":200,"label":" ","price":13.94},{"type":"A","date":"2018-04-23T07:49:18.000Z","volume":2400,"label":"Y","price":13.96},{"type":"B","date":"2018-04-23T07:49:31.000Z","volume":3400,"label":" ","price":13.94},{"type":"A","date":"2018-04-23T07:49:31.000Z","volume":1000,"label":"Y","price":13.96},{"type":"B","date":"2018-04-23T07:49:38.000Z","volume":3200,"label":" ","price":13.94},{"type":"B","date":"2018-04-23T07:49:45.000Z","volume":800,"label":" ","price":13.94},{"type":"A","date":"2018-04-23T07:49:48.000Z","volume":600,"label":"Y","price":13.96},{"type":"A","date":"2018-04-23T07:49:48.000Z","volume":800,"label":" ","price":13.96},{"type":"A","date":"2018-04-23T07:50:18.000Z","volume":2600,"label":" ","price":13.96},{"type":"A","date":"2018-04-23T07:50:49.000Z","volume":200,"label":"Y","price":13.96},{"type":"A","date":"2018-04-23T07:50:49.000Z","volume":2600,"label":" ","price":13.96},{"type":"A","date":"2018-04-23T07:51:19.000Z","volume":600,"label":"Y","price":13.96},{"type":"A","date":"2018-04-23T07:51:19.000Z","volume":2000,"label":" ","price":13.96},{"type":"A","date":"2018-04-23T07:51:27.000Z","volume":600,"label":"Y","price":13.96},{"type":"A","date":"2018-04-23T07:51:27.000Z","volume":200,"label":" ","price":13.96},{"type":"A","date":"2018-04-23T07:51:38.000Z","volume":1000,"label":" ","price":13.96},{"type":"A","date":"2018-04-23T07:51:49.000Z","volume":1000,"label":" ","price":13.96},{"type":"A","date":"2018-04-23T07:52:16.000Z","volume":2000,"label":" ","price":13.96},{"type":"A","date":"2018-04-23T07:52:16.000Z","volume":600,"label":"Y","price":13.96},{"type":"A","date":"2018-04-23T07:52:16.000Z","volume":1800,"label":" ","price":13.96},{"type":"A","date":"2018-04-23T07:52:20.000Z","volume":400,"label":"Y","price":13.96},{"type":"A","date":"2018-04-23T07:52:24.000Z","volume":1400,"label":" ","price":13.96},{"type":"A","date":"2018-04-23T07:52:24.000Z","volume":400,"label":" ","price":13.96},{"type":"A","date":"2018-04-23T07:52:27.000Z","volume":200,"label":" ","price":13.96},{"type":"A","date":"2018-04-23T07:52:50.000Z","volume":1800,"label":" ","price":13.96},{"type":"A","date":"2018-04-23T07:53:21.000Z","volume":3400,"label":" ","price":13.98},{"type":"B","date":"2018-04-23T07:53:50.000Z","volume":7000,"label":" ","price":13.94},{"type":"A","date":"2018-04-23T07:53:50.000Z","volume":2600,"label":" ","price":13.98},{"type":"A","date":"2018-04-23T07:54:22.000Z","volume":2800,"label":" ","price":13.98},{"type":"A","date":"2018-04-23T07:54:31.000Z","volume":200,"label":" ","price":13.96},{"type":"A","date":"2018-04-23T07:54:52.000Z","volume":2600,"label":" ","price":13.98},{"type":"A","date":"2018-04-23T07:55:13.000Z","volume":2200,"label":" ","price":13.98},{"type":"B","date":"2018-04-23T07:55:32.000Z","volume":200,"label":" ","price":13.94},{"type":"A","date":"2018-04-23T07:55:40.000Z","volume":600,"label":"Y","price":13.98},{"type":"A","date":"2018-04-23T07:55:40.000Z","volume":2400,"label":" ","price":13.98},{"type":"B","date":"2018-04-23T07:55:53.000Z","volume":24200,"label":" ","price":13.94},{"type":"A","date":"2018-04-23T07:56:13.000Z","volume":200,"label":"Y","price":13.98},{"type":"A","date":"2018-04-23T07:56:13.000Z","volume":2200,"label":" ","price":13.98},{"type":"A","date":"2018-04-23T07:56:16.000Z","volume":200,"label":" ","price":13.98},{"type":"A","date":"2018-04-23T07:56:30.000Z","volume":1800,"label":" ","price":13.98},{"type":"B","date":"2018-04-23T07:56:31.000Z","volume":200,"label":" ","price":13.96},{"type":"B","date":"2018-04-23T07:56:32.000Z","volume":2000,"label":" ","price":13.96},{"type":"A","date":"2018-04-23T07:56:34.000Z","volume":6000,"label":" ","price":13.98},{"type":"A","date":"2018-04-23T07:56:36.000Z","volume":600,"label":" ","price":13.98},{"type":"A","date":"2018-04-23T07:56:52.000Z","volume":400,"label":" ","price":13.98},{"type":"A","date":"2018-04-23T07:57:24.000Z","volume":4800,"label":" ","price":14},{"type":"A","date":"2018-04-23T07:58:06.000Z","volume":4600,"label":" ","price":14},{"type":"A","date":"2018-04-23T07:58:30.000Z","volume":2800,"label":" ","price":14},{"type":"B","date":"2018-04-23T07:58:39.000Z","volume":1000,"label":" ","price":13.94},{"type":"B","date":"2018-04-23T07:58:40.000Z","volume":200,"label":" ","price":13.98},{"type":"A","date":"2018-04-23T07:58:46.000Z","volume":200,"label":" ","price":13.98},{"type":"A","date":"2018-04-23T07:58:52.000Z","volume":1000,"label":" ","price":13.98},{"type":"B","date":"2018-04-23T07:58:55.000Z","volume":200,"label":" ","price":13.94},{"type":"B","date":"2018-04-23T07:58:57.000Z","volume":200,"label":"Y","price":13.94},{"type":"U","date":"2018-04-23T07:59:00.000Z","volume":200,"label":"Y","price":13.96},{"type":"B","date":"2018-04-23T07:59:02.000Z","volume":200,"label":"Y","price":13.94},{"type":"A","date":"2018-04-23T07:59:07.000Z","volume":1000,"label":" ","price":13.98},{"type":"A","date":"2018-04-23T07:59:13.000Z","volume":600,"label":" ","price":13.98},{"type":"A","date":"2018-04-23T07:59:19.000Z","volume":600,"label":" ","price":13.98},{"type":"A","date":"2018-04-23T07:59:25.000Z","volume":800,"label":" ","price":13.98},{"type":"A","date":"2018-04-23T07:59:28.000Z","volume":400,"label":" ","price":13.98},{"type":"B","date":"2018-04-23T07:59:30.000Z","volume":400,"label":" ","price":13.94},{"type":"B","date":"2018-04-23T07:59:31.000Z","volume":400,"label":" ","price":13.94},{"type":"A","date":"2018-04-23T07:59:34.000Z","volume":600,"label":" ","price":13.98},{"type":"A","date":"2018-04-23T07:59:37.000Z","volume":600,"label":" ","price":13.98},{"type":"A","date":"2018-04-23T07:59:40.000Z","volume":600,"label":" ","price":13.98},{"type":"A","date":"2018-04-23T07:59:42.000Z","volume":200,"label":" ","price":13.98},{"type":"A","date":"2018-04-23T07:59:43.000Z","volume":600,"label":" ","price":13.98},{"type":"A","date":"2018-04-23T07:59:46.000Z","volume":600,"label":" ","price":13.98},{"type":"A","date":"2018-04-23T07:59:50.000Z","volume":200,"label":" ","price":13.98},{"type":"U","date":"2018-04-23T08:08:11.000Z","volume":218200,"label":"U","price":13.98}]