[{"type":"A","date":"2018-03-15T07:59:05.000Z","volume":61000,"price":7.16,"category":"ubbull"},{"type":"A","date":"2018-03-15T07:57:41.000Z","volume":45000,"price":7.16,"category":"ubbull"},{"type":"A","date":"2018-03-15T07:55:49.000Z","volume":47000,"price":7.16,"category":"ubbull"},{"type":"A","date":"2018-03-15T07:55:03.000Z","volume":30000,"price":7.16,"category":"ubbull"},{"type":"A","date":"2018-03-15T07:54:56.000Z","volume":50000,"price":7.16,"category":"ubbull"},{"type":"A","date":"2018-03-15T07:52:41.000Z","volume":29000,"price":7.16,"category":"ubbull"},{"type":"A","date":"2018-03-15T07:50:18.000Z","volume":66000,"price":7.17,"category":"ubbull"},{"type":"A","date":"2018-03-15T07:50:12.000Z","volume":116000,"price":7.16,"category":"ubbull"},{"type":"A","date":"2018-03-15T07:49:56.000Z","volume":50000,"price":7.16,"category":"ubbull"},{"type":"A","date":"2018-03-15T07:47:01.000Z","volume":36000,"price":7.15,"category":"ubbull"},{"type":"A","date":"2018-03-15T07:47:01.000Z","volume":50000,"price":7.15,"category":"ubbull"},{"type":"A","date":"2018-03-15T07:39:32.000Z","volume":81000,"price":7.14,"category":"ubbull"},{"type":"A","date":"2018-03-15T07:22:54.000Z","volume":32000,"price":7.14,"category":"ubbull"},{"type":"A","date":"2018-03-15T07:15:09.000Z","volume":36000,"price":7.14,"category":"ubbull"},{"type":"A","date":"2018-03-15T07:14:16.000Z","volume":30000,"price":7.14,"category":"ubbull"},{"type":"A","date":"2018-03-15T07:13:07.000Z","volume":60000,"price":7.14,"category":"ubbull"},{"type":"A","date":"2018-03-15T07:08:14.000Z","volume":30000,"price":7.14,"category":"ubbull"},{"type":"A","date":"2018-03-15T07:05:00.000Z","volume":70000,"price":7.14,"category":"ubbull"},{"type":"A","date":"2018-03-15T07:05:00.000Z","volume":40000,"price":7.14,"category":"ubbull"},{"type":"A","date":"2018-03-15T07:04:15.000Z","volume":35000,"price":7.14,"category":"ubbull"},{"type":"A","date":"2018-03-15T06:54:10.000Z","volume":30000,"price":7.15,"category":"ubbull"},{"type":"A","date":"2018-03-15T06:36:18.000Z","volume":37000,"price":7.15,"category":"ubbull"},{"type":"A","date":"2018-03-15T06:34:47.000Z","volume":137000,"price":7.15,"category":"ubbull"},{"type":"A","date":"2018-03-15T06:34:47.000Z","volume":213000,"price":7.14,"category":"ubbull"},{"type":"A","date":"2018-03-15T06:23:14.000Z","volume":40000,"price":7.13,"category":"ubbull"},{"type":"A","date":"2018-03-15T06:13:41.000Z","volume":30000,"price":7.13,"category":"ubbull"},{"type":"A","date":"2018-03-15T05:55:51.000Z","volume":69000,"price":7.12,"category":"ubbull"},{"type":"A","date":"2018-03-15T05:55:51.000Z","volume":115000,"price":7.12,"category":"ubbull"},{"type":"A","date":"2018-03-15T05:55:50.000Z","volume":115000,"price":7.12,"category":"ubbull"},{"type":"A","date":"2018-03-15T05:45:01.000Z","volume":90000,"price":7.12,"category":"ubbull"},{"type":"A","date":"2018-03-15T05:27:37.000Z","volume":41000,"price":7.13,"category":"ubbull"},{"type":"A","date":"2018-03-15T05:15:53.000Z","volume":46000,"price":7.13,"category":"ubbull"},{"type":"A","date":"2018-03-15T05:15:53.000Z","volume":37000,"price":7.12,"category":"ubbull"},{"type":"A","date":"2018-03-15T05:11:29.000Z","volume":58000,"price":7.14,"category":"ubbull"},{"type":"A","date":"2018-03-15T05:08:13.000Z","volume":29000,"price":7.13,"category":"ubbull"},{"type":"A","date":"2018-03-15T05:02:50.000Z","volume":33000,"price":7.13,"category":"ubbull"},{"type":"A","date":"2018-03-15T03:48:45.000Z","volume":70000,"price":7.13,"category":"ubbull"},{"type":"A","date":"2018-03-15T03:42:01.000Z","volume":30000,"price":7.13,"category":"ubbull"},{"type":"A","date":"2018-03-15T03:37:58.000Z","volume":30000,"price":7.13,"category":"ubbull"},{"type":"A","date":"2018-03-15T03:36:39.000Z","volume":28000,"price":7.13,"category":"ubbull"},{"type":"A","date":"2018-03-15T03:36:38.000Z","volume":27000,"price":7.13,"category":"ubbull"},{"type":"A","date":"2018-03-15T02:57:17.000Z","volume":40000,"price":7.15,"category":"ubbull"},{"type":"A","date":"2018-03-15T02:52:33.000Z","volume":50000,"price":7.15,"category":"ubbull"},{"type":"A","date":"2018-03-15T02:46:37.000Z","volume":42000,"price":7.14,"category":"ubbull"},{"type":"A","date":"2018-03-15T02:22:43.000Z","volume":27000,"price":7.13,"category":"ubbull"},{"type":"A","date":"2018-03-15T02:05:14.000Z","volume":36000,"price":7.11,"category":"ubbull"},{"type":"A","date":"2018-03-15T01:58:02.000Z","volume":27000,"price":7.11,"category":"ubbull"},{"type":"A","date":"2018-03-15T01:53:44.000Z","volume":30000,"price":7.12,"category":"ubbull"},{"type":"A","date":"2018-03-15T01:50:34.000Z","volume":31000,"price":7.13,"category":"ubbull"},{"type":"A","date":"2018-03-15T01:50:34.000Z","volume":221000,"price":7.13,"category":"ubbull"},{"type":"A","date":"2018-03-15T01:49:16.000Z","volume":78000,"price":7.12,"category":"ubbull"},{"type":"A","date":"2018-03-15T01:45:26.000Z","volume":46000,"price":7.12,"category":"ubbull"},{"type":"A","date":"2018-03-15T01:36:54.000Z","volume":30000,"price":7.14,"category":"ubbull"},{"type":"A","date":"2018-03-15T01:32:21.000Z","volume":56000,"price":7.15,"category":"ubbull"},{"type":"A","date":"2018-03-15T01:31:00.000Z","volume":46000,"price":7.13,"category":"ubbull"},{"type":"A","date":"2018-03-15T01:30:02.000Z","volume":50000,"price":7.12,"category":"ubbull"},{"type":"A","date":"2018-03-15T07:58:48.000Z","volume":20000,"price":7.16,"category":"bbull"},{"type":"A","date":"2018-03-15T07:58:28.000Z","volume":20000,"price":7.16,"category":"bbull"},{"type":"A","date":"2018-03-15T07:56:50.000Z","volume":13000,"price":7.16,"category":"bbull"},{"type":"A","date":"2018-03-15T07:56:02.000Z","volume":22000,"price":7.16,"category":"bbull"},{"type":"A","date":"2018-03-15T07:54:34.000Z","volume":17000,"price":7.16,"category":"bbull"},{"type":"A","date":"2018-03-15T07:54:00.000Z","volume":13000,"price":7.16,"category":"bbull"},{"type":"A","date":"2018-03-15T07:51:12.000Z","volume":13000,"price":7.16,"category":"bbull"},{"type":"A","date":"2018-03-15T07:50:12.000Z","volume":17000,"price":7.16,"category":"bbull"},{"type":"A","date":"2018-03-15T07:50:01.000Z","volume":12000,"price":7.16,"category":"bbull"},{"type":"A","date":"2018-03-15T07:47:09.000Z","volume":12000,"price":7.16,"category":"bbull"},{"type":"A","date":"2018-03-15T07:47:01.000Z","volume":12000,"price":7.15,"category":"bbull"},{"type":"A","date":"2018-03-15T07:46:41.000Z","volume":14000,"price":7.15,"category":"bbull"},{"type":"A","date":"2018-03-15T07:46:06.000Z","volume":12000,"price":7.15,"category":"bbull"},{"type":"A","date":"2018-03-15T07:45:55.000Z","volume":15000,"price":7.15,"category":"bbull"},{"type":"A","date":"2018-03-15T07:44:01.000Z","volume":20000,"price":7.15,"category":"bbull"},{"type":"A","date":"2018-03-15T07:44:01.000Z","volume":12000,"price":7.15,"category":"bbull"},{"type":"A","date":"2018-03-15T07:43:28.000Z","volume":12000,"price":7.15,"category":"bbull"},{"type":"A","date":"2018-03-15T07:43:03.000Z","volume":20000,"price":7.15,"category":"bbull"},{"type":"A","date":"2018-03-15T07:43:03.000Z","volume":20000,"price":7.15,"category":"bbull"},{"type":"A","date":"2018-03-15T07:42:31.000Z","volume":22000,"price":7.15,"category":"bbull"},{"type":"A","date":"2018-03-15T07:40:06.000Z","volume":12000,"price":7.15,"category":"bbull"},{"type":"A","date":"2018-03-15T07:39:32.000Z","volume":14000,"price":7.14,"category":"bbull"},{"type":"A","date":"2018-03-15T07:39:32.000Z","volume":19000,"price":7.14,"category":"bbull"},{"type":"A","date":"2018-03-15T07:39:26.000Z","volume":16000,"price":7.14,"category":"bbull"},{"type":"A","date":"2018-03-15T07:36:00.000Z","volume":12000,"price":7.15,"category":"bbull"},{"type":"A","date":"2018-03-15T07:34:04.000Z","volume":12000,"price":7.15,"category":"bbull"},{"type":"A","date":"2018-03-15T07:32:01.000Z","volume":12000,"price":7.15,"category":"bbull"},{"type":"A","date":"2018-03-15T07:30:02.000Z","volume":12000,"price":7.15,"category":"bbull"},{"type":"A","date":"2018-03-15T07:28:00.000Z","volume":12000,"price":7.15,"category":"bbull"},{"type":"A","date":"2018-03-15T07:24:41.000Z","volume":12000,"price":7.15,"category":"bbull"},{"type":"A","date":"2018-03-15T07:24:01.000Z","volume":12000,"price":7.15,"category":"bbull"},{"type":"A","date":"2018-03-15T07:22:09.000Z","volume":12000,"price":7.14,"category":"bbull"},{"type":"A","date":"2018-03-15T07:20:03.000Z","volume":12000,"price":7.14,"category":"bbull"},{"type":"A","date":"2018-03-15T07:16:07.000Z","volume":12000,"price":7.14,"category":"bbull"},{"type":"A","date":"2018-03-15T07:16:06.000Z","volume":12000,"price":7.14,"category":"bbull"},{"type":"A","date":"2018-03-15T07:15:39.000Z","volume":15000,"price":7.14,"category":"bbull"},{"type":"A","date":"2018-03-15T07:14:39.000Z","volume":20000,"price":7.14,"category":"bbull"},{"type":"A","date":"2018-03-15T07:14:00.000Z","volume":12000,"price":7.14,"category":"bbull"},{"type":"A","date":"2018-03-15T07:13:49.000Z","volume":23000,"price":7.14,"category":"bbull"},{"type":"A","date":"2018-03-15T07:12:04.000Z","volume":12000,"price":7.14,"category":"bbull"},{"type":"A","date":"2018-03-15T07:10:01.000Z","volume":12000,"price":7.14,"category":"bbull"},{"type":"A","date":"2018-03-15T07:09:47.000Z","volume":20000,"price":7.14,"category":"bbull"},{"type":"A","date":"2018-03-15T07:07:12.000Z","volume":12000,"price":7.15,"category":"bbull"},{"type":"A","date":"2018-03-15T07:06:02.000Z","volume":12000,"price":7.15,"category":"bbull"},{"type":"A","date":"2018-03-15T07:04:03.000Z","volume":12000,"price":7.14,"category":"bbull"},{"type":"A","date":"2018-03-15T07:02:06.000Z","volume":12000,"price":7.14,"category":"bbull"},{"type":"A","date":"2018-03-15T06:58:00.000Z","volume":12000,"price":7.15,"category":"bbull"},{"type":"A","date":"2018-03-15T06:56:03.000Z","volume":12000,"price":7.15,"category":"bbull"},{"type":"A","date":"2018-03-15T06:54:04.000Z","volume":12000,"price":7.15,"category":"bbull"},{"type":"A","date":"2018-03-15T06:52:04.000Z","volume":12000,"price":7.15,"category":"bbull"},{"type":"A","date":"2018-03-15T06:50:00.000Z","volume":12000,"price":7.15,"category":"bbull"},{"type":"A","date":"2018-03-15T06:48:00.000Z","volume":12000,"price":7.15,"category":"bbull"},{"type":"A","date":"2018-03-15T06:42:06.000Z","volume":12000,"price":7.15,"category":"bbull"},{"type":"A","date":"2018-03-15T06:40:03.000Z","volume":12000,"price":7.15,"category":"bbull"},{"type":"A","date":"2018-03-15T06:36:03.000Z","volume":12000,"price":7.15,"category":"bbull"},{"type":"A","date":"2018-03-15T06:34:47.000Z","volume":14000,"price":7.15,"category":"bbull"},{"type":"A","date":"2018-03-15T06:34:01.000Z","volume":12000,"price":7.14,"category":"bbull"},{"type":"A","date":"2018-03-15T06:32:00.000Z","volume":12000,"price":7.14,"category":"bbull"},{"type":"A","date":"2018-03-15T06:28:01.000Z","volume":12000,"price":7.14,"category":"bbull"},{"type":"A","date":"2018-03-15T06:26:00.000Z","volume":12000,"price":7.14,"category":"bbull"},{"type":"A","date":"2018-03-15T06:23:15.000Z","volume":12000,"price":7.13,"category":"bbull"},{"type":"A","date":"2018-03-15T06:22:09.000Z","volume":12000,"price":7.13,"category":"bbull"},{"type":"A","date":"2018-03-15T06:20:06.000Z","volume":12000,"price":7.13,"category":"bbull"},{"type":"A","date":"2018-03-15T06:18:02.000Z","volume":12000,"price":7.13,"category":"bbull"},{"type":"A","date":"2018-03-15T06:16:01.000Z","volume":12000,"price":7.13,"category":"bbull"},{"type":"A","date":"2018-03-15T06:14:09.000Z","volume":15000,"price":7.13,"category":"bbull"},{"type":"A","date":"2018-03-15T06:12:07.000Z","volume":12000,"price":7.14,"category":"bbull"},{"type":"A","date":"2018-03-15T06:10:07.000Z","volume":12000,"price":7.14,"category":"bbull"},{"type":"A","date":"2018-03-15T06:06:23.000Z","volume":16000,"price":7.14,"category":"bbull"},{"type":"A","date":"2018-03-15T06:06:00.000Z","volume":12000,"price":7.14,"category":"bbull"},{"type":"A","date":"2018-03-15T06:02:02.000Z","volume":12000,"price":7.14,"category":"bbull"},{"type":"A","date":"2018-03-15T06:00:03.000Z","volume":12000,"price":7.14,"category":"bbull"},{"type":"A","date":"2018-03-15T05:59:44.000Z","volume":16000,"price":7.13,"category":"bbull"},{"type":"A","date":"2018-03-15T05:59:32.000Z","volume":17000,"price":7.13,"category":"bbull"},{"type":"A","date":"2018-03-15T05:58:00.000Z","volume":12000,"price":7.13,"category":"bbull"},{"type":"A","date":"2018-03-15T05:56:02.000Z","volume":12000,"price":7.13,"category":"bbull"},{"type":"A","date":"2018-03-15T05:55:50.000Z","volume":13000,"price":7.12,"category":"bbull"},{"type":"A","date":"2018-03-15T05:55:50.000Z","volume":16000,"price":7.12,"category":"bbull"},{"type":"A","date":"2018-03-15T05:54:11.000Z","volume":12000,"price":7.12,"category":"bbull"},{"type":"A","date":"2018-03-15T05:52:00.000Z","volume":12000,"price":7.12,"category":"bbull"},{"type":"A","date":"2018-03-15T05:48:01.000Z","volume":12000,"price":7.13,"category":"bbull"},{"type":"A","date":"2018-03-15T05:45:01.000Z","volume":24000,"price":7.12,"category":"bbull"},{"type":"A","date":"2018-03-15T05:44:34.000Z","volume":20000,"price":7.12,"category":"bbull"},{"type":"A","date":"2018-03-15T05:40:00.000Z","volume":12000,"price":7.14,"category":"bbull"},{"type":"A","date":"2018-03-15T05:36:00.000Z","volume":12000,"price":7.14,"category":"bbull"},{"type":"A","date":"2018-03-15T05:34:00.000Z","volume":12000,"price":7.14,"category":"bbull"},{"type":"A","date":"2018-03-15T05:32:00.000Z","volume":12000,"price":7.14,"category":"bbull"},{"type":"A","date":"2018-03-15T05:30:49.000Z","volume":12000,"price":7.13,"category":"bbull"},{"type":"A","date":"2018-03-15T05:30:23.000Z","volume":25000,"price":7.13,"category":"bbull"},{"type":"A","date":"2018-03-15T05:30:02.000Z","volume":12000,"price":7.13,"category":"bbull"},{"type":"A","date":"2018-03-15T05:26:02.000Z","volume":12000,"price":7.13,"category":"bbull"},{"type":"A","date":"2018-03-15T05:24:02.000Z","volume":12000,"price":7.13,"category":"bbull"},{"type":"A","date":"2018-03-15T05:22:01.000Z","volume":12000,"price":7.13,"category":"bbull"},{"type":"A","date":"2018-03-15T05:20:01.000Z","volume":12000,"price":7.13,"category":"bbull"},{"type":"A","date":"2018-03-15T05:18:02.000Z","volume":12000,"price":7.13,"category":"bbull"},{"type":"A","date":"2018-03-15T05:15:53.000Z","volume":12000,"price":7.14,"category":"bbull"},{"type":"A","date":"2018-03-15T05:12:00.000Z","volume":12000,"price":7.14,"category":"bbull"},{"type":"A","date":"2018-03-15T05:11:35.000Z","volume":13000,"price":7.14,"category":"bbull"},{"type":"A","date":"2018-03-15T05:10:08.000Z","volume":12000,"price":7.14,"category":"bbull"},{"type":"A","date":"2018-03-15T05:08:07.000Z","volume":12000,"price":7.13,"category":"bbull"},{"type":"A","date":"2018-03-15T05:06:05.000Z","volume":12000,"price":7.13,"category":"bbull"},{"type":"A","date":"2018-03-15T05:04:00.000Z","volume":12000,"price":7.13,"category":"bbull"},{"type":"A","date":"2018-03-15T05:02:50.000Z","volume":16000,"price":7.13,"category":"bbull"},{"type":"A","date":"2018-03-15T05:02:49.000Z","volume":19000,"price":7.13,"category":"bbull"},{"type":"A","date":"2018-03-15T05:02:49.000Z","volume":20000,"price":7.13,"category":"bbull"},{"type":"A","date":"2018-03-15T03:58:29.000Z","volume":12000,"price":7.13,"category":"bbull"},{"type":"A","date":"2018-03-15T03:58:09.000Z","volume":12000,"price":7.13,"category":"bbull"},{"type":"A","date":"2018-03-15T03:56:47.000Z","volume":25000,"price":7.13,"category":"bbull"},{"type":"A","date":"2018-03-15T03:56:06.000Z","volume":12000,"price":7.13,"category":"bbull"},{"type":"A","date":"2018-03-15T03:54:06.000Z","volume":12000,"price":7.13,"category":"bbull"},{"type":"A","date":"2018-03-15T03:52:04.000Z","volume":12000,"price":7.13,"category":"bbull"},{"type":"A","date":"2018-03-15T03:50:00.000Z","volume":12000,"price":7.13,"category":"bbull"},{"type":"A","date":"2018-03-15T03:48:46.000Z","volume":15000,"price":7.13,"category":"bbull"},{"type":"A","date":"2018-03-15T03:48:02.000Z","volume":12000,"price":7.13,"category":"bbull"},{"type":"A","date":"2018-03-15T03:46:03.000Z","volume":12000,"price":7.13,"category":"bbull"},{"type":"A","date":"2018-03-15T03:44:02.000Z","volume":12000,"price":7.13,"category":"bbull"},{"type":"A","date":"2018-03-15T03:42:01.000Z","volume":12000,"price":7.13,"category":"bbull"},{"type":"A","date":"2018-03-15T03:40:01.000Z","volume":12000,"price":7.13,"category":"bbull"},{"type":"A","date":"2018-03-15T03:34:01.000Z","volume":12000,"price":7.15,"category":"bbull"},{"type":"A","date":"2018-03-15T03:32:09.000Z","volume":12000,"price":7.15,"category":"bbull"},{"type":"A","date":"2018-03-15T03:28:09.000Z","volume":12000,"price":7.14,"category":"bbull"},{"type":"A","date":"2018-03-15T03:28:08.000Z","volume":12000,"price":7.14,"category":"bbull"},{"type":"A","date":"2018-03-15T03:24:42.000Z","volume":12000,"price":7.14,"category":"bbull"},{"type":"A","date":"2018-03-15T03:22:05.000Z","volume":12000,"price":7.14,"category":"bbull"},{"type":"A","date":"2018-03-15T03:18:02.000Z","volume":12000,"price":7.14,"category":"bbull"},{"type":"A","date":"2018-03-15T03:16:10.000Z","volume":18000,"price":7.14,"category":"bbull"},{"type":"A","date":"2018-03-15T03:14:00.000Z","volume":12000,"price":7.15,"category":"bbull"},{"type":"A","date":"2018-03-15T03:12:06.000Z","volume":20000,"price":7.15,"category":"bbull"},{"type":"A","date":"2018-03-15T03:12:00.000Z","volume":12000,"price":7.15,"category":"bbull"},{"type":"A","date":"2018-03-15T03:10:09.000Z","volume":12000,"price":7.15,"category":"bbull"},{"type":"A","date":"2018-03-15T03:08:07.000Z","volume":12000,"price":7.15,"category":"bbull"},{"type":"A","date":"2018-03-15T03:07:38.000Z","volume":20000,"price":7.15,"category":"bbull"},{"type":"A","date":"2018-03-15T03:06:01.000Z","volume":12000,"price":7.15,"category":"bbull"},{"type":"A","date":"2018-03-15T03:03:59.000Z","volume":20000,"price":7.15,"category":"bbull"},{"type":"A","date":"2018-03-15T03:01:17.000Z","volume":22000,"price":7.14,"category":"bbull"},{"type":"A","date":"2018-03-15T02:52:33.000Z","volume":12000,"price":7.15,"category":"bbull"},{"type":"A","date":"2018-03-15T02:52:06.000Z","volume":12000,"price":7.15,"category":"bbull"},{"type":"A","date":"2018-03-15T02:50:00.000Z","volume":12000,"price":7.15,"category":"bbull"},{"type":"A","date":"2018-03-15T02:48:01.000Z","volume":12000,"price":7.15,"category":"bbull"},{"type":"A","date":"2018-03-15T02:46:05.000Z","volume":12000,"price":7.14,"category":"bbull"},{"type":"A","date":"2018-03-15T02:44:25.000Z","volume":14000,"price":7.14,"category":"bbull"},{"type":"A","date":"2018-03-15T02:44:00.000Z","volume":12000,"price":7.14,"category":"bbull"},{"type":"A","date":"2018-03-15T02:40:58.000Z","volume":25000,"price":7.14,"category":"bbull"},{"type":"A","date":"2018-03-15T02:40:02.000Z","volume":12000,"price":7.13,"category":"bbull"},{"type":"A","date":"2018-03-15T02:36:06.000Z","volume":12000,"price":7.13,"category":"bbull"},{"type":"A","date":"2018-03-15T02:36:00.000Z","volume":12000,"price":7.13,"category":"bbull"},{"type":"A","date":"2018-03-15T02:32:01.000Z","volume":12000,"price":7.14,"category":"bbull"},{"type":"A","date":"2018-03-15T02:28:19.000Z","volume":20000,"price":7.13,"category":"bbull"},{"type":"A","date":"2018-03-15T02:18:46.000Z","volume":15000,"price":7.13,"category":"bbull"},{"type":"A","date":"2018-03-15T02:14:19.000Z","volume":20000,"price":7.12,"category":"bbull"},{"type":"A","date":"2018-03-15T02:09:01.000Z","volume":17000,"price":7.12,"category":"bbull"},{"type":"A","date":"2018-03-15T02:09:01.000Z","volume":25000,"price":7.12,"category":"bbull"},{"type":"A","date":"2018-03-15T02:08:27.000Z","volume":20000,"price":7.12,"category":"bbull"},{"type":"A","date":"2018-03-15T02:08:02.000Z","volume":14000,"price":7.13,"category":"bbull"},{"type":"A","date":"2018-03-15T02:06:56.000Z","volume":23000,"price":7.12,"category":"bbull"},{"type":"A","date":"2018-03-15T02:03:20.000Z","volume":12000,"price":7.11,"category":"bbull"},{"type":"A","date":"2018-03-15T02:02:29.000Z","volume":12000,"price":7.11,"category":"bbull"},{"type":"A","date":"2018-03-15T02:00:25.000Z","volume":14000,"price":7.11,"category":"bbull"},{"type":"A","date":"2018-03-15T01:58:02.000Z","volume":20000,"price":7.12,"category":"bbull"},{"type":"A","date":"2018-03-15T01:56:43.000Z","volume":15000,"price":7.12,"category":"bbull"},{"type":"A","date":"2018-03-15T01:54:46.000Z","volume":20000,"price":7.12,"category":"bbull"},{"type":"A","date":"2018-03-15T01:54:00.000Z","volume":15000,"price":7.12,"category":"bbull"},{"type":"A","date":"2018-03-15T01:51:08.000Z","volume":14000,"price":7.12,"category":"bbull"},{"type":"A","date":"2018-03-15T01:48:50.000Z","volume":20000,"price":7.12,"category":"bbull"},{"type":"A","date":"2018-03-15T01:46:02.000Z","volume":12000,"price":7.12,"category":"bbull"},{"type":"A","date":"2018-03-15T01:43:54.000Z","volume":19000,"price":7.13,"category":"bbull"},{"type":"A","date":"2018-03-15T01:32:58.000Z","volume":23000,"price":7.16,"category":"bbull"},{"type":"A","date":"2018-03-15T01:32:21.000Z","volume":22000,"price":7.14,"category":"bbull"},{"type":"A","date":"2018-03-15T01:30:02.000Z","volume":17000,"price":7.12,"category":"bbull"},{"type":"A","date":"2018-03-15T01:30:02.000Z","volume":17000,"price":7.12,"category":"bbull"},{"type":"A","date":"2018-03-15T07:59:10.000Z","volume":1000,"price":7.17,"category":"rbull"},{"type":"A","date":"2018-03-15T07:59:05.000Z","volume":1000,"price":7.16,"category":"rbull"},{"type":"A","date":"2018-03-15T07:58:53.000Z","volume":1000,"price":7.16,"category":"rbull"},{"type":"A","date":"2018-03-15T07:56:52.000Z","volume":1000,"price":7.16,"category":"rbull"},{"type":"A","date":"2018-03-15T07:56:52.000Z","volume":1000,"price":7.16,"category":"rbull"},{"type":"A","date":"2018-03-15T07:56:47.000Z","volume":1000,"price":7.16,"category":"rbull"},{"type":"A","date":"2018-03-15T07:55:08.000Z","volume":1000,"price":7.16,"category":"rbull"},{"type":"A","date":"2018-03-15T07:54:34.000Z","volume":1000,"price":7.16,"category":"rbull"},{"type":"A","date":"2018-03-15T07:54:26.000Z","volume":1000,"price":7.16,"category":"rbull"},{"type":"A","date":"2018-03-15T07:54:00.000Z","volume":1000,"price":7.16,"category":"rbull"},{"type":"A","date":"2018-03-15T07:50:26.000Z","volume":1000,"price":7.17,"category":"rbull"},{"type":"A","date":"2018-03-15T07:50:16.000Z","volume":1000,"price":7.17,"category":"rbull"},{"type":"A","date":"2018-03-15T07:47:09.000Z","volume":1000,"price":7.15,"category":"rbull"},{"type":"A","date":"2018-03-15T07:47:09.000Z","volume":1000,"price":7.15,"category":"rbull"},{"type":"A","date":"2018-03-15T07:44:21.000Z","volume":1000,"price":7.15,"category":"rbull"},{"type":"A","date":"2018-03-15T07:39:32.000Z","volume":1000,"price":7.15,"category":"rbull"},{"type":"A","date":"2018-03-15T07:25:22.000Z","volume":1000,"price":7.15,"category":"rbull"},{"type":"A","date":"2018-03-15T07:23:30.000Z","volume":1000,"price":7.15,"category":"rbull"},{"type":"A","date":"2018-03-15T07:20:18.000Z","volume":1000,"price":7.14,"category":"rbull"},{"type":"A","date":"2018-03-15T07:20:18.000Z","volume":1000,"price":7.14,"category":"rbull"},{"type":"A","date":"2018-03-15T07:20:17.000Z","volume":1000,"price":7.14,"category":"rbull"},{"type":"A","date":"2018-03-15T07:19:14.000Z","volume":1000,"price":7.14,"category":"rbull"},{"type":"A","date":"2018-03-15T07:10:44.000Z","volume":1000,"price":7.14,"category":"rbull"},{"type":"A","date":"2018-03-15T07:00:06.000Z","volume":1000,"price":7.14,"category":"rbull"},{"type":"A","date":"2018-03-15T06:59:42.000Z","volume":1000,"price":7.15,"category":"rbull"},{"type":"A","date":"2018-03-15T06:56:05.000Z","volume":1000,"price":7.15,"category":"rbull"},{"type":"A","date":"2018-03-15T06:53:45.000Z","volume":1000,"price":7.15,"category":"rbull"},{"type":"A","date":"2018-03-15T06:41:13.000Z","volume":1000,"price":7.14,"category":"rbull"},{"type":"A","date":"2018-03-15T06:41:08.000Z","volume":1000,"price":7.14,"category":"rbull"},{"type":"A","date":"2018-03-15T06:34:47.000Z","volume":1000,"price":7.15,"category":"rbull"},{"type":"A","date":"2018-03-15T06:25:00.000Z","volume":1000,"price":7.14,"category":"rbull"},{"type":"A","date":"2018-03-15T06:24:20.000Z","volume":1000,"price":7.14,"category":"rbull"},{"type":"A","date":"2018-03-15T06:24:20.000Z","volume":1000,"price":7.14,"category":"rbull"},{"type":"A","date":"2018-03-15T06:23:12.000Z","volume":1000,"price":7.13,"category":"rbull"},{"type":"A","date":"2018-03-15T06:19:00.000Z","volume":1000,"price":7.13,"category":"rbull"},{"type":"A","date":"2018-03-15T06:18:42.000Z","volume":1000,"price":7.13,"category":"rbull"},{"type":"A","date":"2018-03-15T06:16:11.000Z","volume":1000,"price":7.13,"category":"rbull"},{"type":"A","date":"2018-03-15T06:15:35.000Z","volume":1000,"price":7.13,"category":"rbull"},{"type":"A","date":"2018-03-15T06:09:11.000Z","volume":1000,"price":7.14,"category":"rbull"},{"type":"A","date":"2018-03-15T06:09:11.000Z","volume":1000,"price":7.14,"category":"rbull"},{"type":"A","date":"2018-03-15T06:03:00.000Z","volume":1000,"price":7.14,"category":"rbull"},{"type":"A","date":"2018-03-15T05:59:18.000Z","volume":1000,"price":7.13,"category":"rbull"},{"type":"A","date":"2018-03-15T05:58:28.000Z","volume":1000,"price":7.13,"category":"rbull"},{"type":"A","date":"2018-03-15T05:58:11.000Z","volume":1000,"price":7.13,"category":"rbull"},{"type":"A","date":"2018-03-15T05:54:12.000Z","volume":1000,"price":7.12,"category":"rbull"},{"type":"A","date":"2018-03-15T05:54:12.000Z","volume":1000,"price":7.12,"category":"rbull"},{"type":"A","date":"2018-03-15T05:53:30.000Z","volume":1000,"price":7.12,"category":"rbull"},{"type":"A","date":"2018-03-15T05:50:45.000Z","volume":1000,"price":7.12,"category":"rbull"},{"type":"A","date":"2018-03-15T05:49:29.000Z","volume":1000,"price":7.12,"category":"rbull"},{"type":"A","date":"2018-03-15T05:49:28.000Z","volume":1000,"price":7.12,"category":"rbull"},{"type":"A","date":"2018-03-15T05:45:01.000Z","volume":1000,"price":7.12,"category":"rbull"},{"type":"A","date":"2018-03-15T05:43:54.000Z","volume":1000,"price":7.13,"category":"rbull"},{"type":"A","date":"2018-03-15T05:31:07.000Z","volume":1000,"price":7.14,"category":"rbull"},{"type":"A","date":"2018-03-15T05:30:49.000Z","volume":1000,"price":7.13,"category":"rbull"},{"type":"A","date":"2018-03-15T05:25:00.000Z","volume":1000,"price":7.13,"category":"rbull"},{"type":"A","date":"2018-03-15T05:15:53.000Z","volume":1000,"price":7.12,"category":"rbull"},{"type":"A","date":"2018-03-15T05:15:49.000Z","volume":1000,"price":7.12,"category":"rbull"},{"type":"A","date":"2018-03-15T05:13:10.000Z","volume":1000,"price":7.14,"category":"rbull"},{"type":"A","date":"2018-03-15T05:13:00.000Z","volume":1000,"price":7.14,"category":"rbull"},{"type":"A","date":"2018-03-15T05:12:01.000Z","volume":1000,"price":7.14,"category":"rbull"},{"type":"A","date":"2018-03-15T05:07:33.000Z","volume":1000,"price":7.13,"category":"rbull"},{"type":"A","date":"2018-03-15T05:03:20.000Z","volume":1000,"price":7.13,"category":"rbull"},{"type":"A","date":"2018-03-15T05:02:57.000Z","volume":1000,"price":7.13,"category":"rbull"},{"type":"A","date":"2018-03-15T05:02:54.000Z","volume":1000,"price":7.13,"category":"rbull"},{"type":"A","date":"2018-03-15T05:02:54.000Z","volume":1000,"price":7.13,"category":"rbull"},{"type":"A","date":"2018-03-15T05:02:50.000Z","volume":1000,"price":7.13,"category":"rbull"},{"type":"A","date":"2018-03-15T05:02:49.000Z","volume":1000,"price":7.13,"category":"rbull"},{"type":"A","date":"2018-03-15T05:00:00.000Z","volume":1000,"price":7.14,"category":"rbull"},{"type":"A","date":"2018-03-15T03:58:29.000Z","volume":1000,"price":7.13,"category":"rbull"},{"type":"A","date":"2018-03-15T03:58:11.000Z","volume":1000,"price":7.13,"category":"rbull"},{"type":"A","date":"2018-03-15T03:58:11.000Z","volume":1000,"price":7.13,"category":"rbull"},{"type":"A","date":"2018-03-15T03:58:11.000Z","volume":1000,"price":7.13,"category":"rbull"},{"type":"A","date":"2018-03-15T03:57:44.000Z","volume":1000,"price":7.13,"category":"rbull"},{"type":"A","date":"2018-03-15T03:57:34.000Z","volume":1000,"price":7.13,"category":"rbull"},{"type":"A","date":"2018-03-15T03:57:33.000Z","volume":1000,"price":7.13,"category":"rbull"},{"type":"A","date":"2018-03-15T03:56:48.000Z","volume":1000,"price":7.13,"category":"rbull"},{"type":"A","date":"2018-03-15T03:56:16.000Z","volume":1000,"price":7.13,"category":"rbull"},{"type":"A","date":"2018-03-15T03:56:07.000Z","volume":1000,"price":7.13,"category":"rbull"},{"type":"A","date":"2018-03-15T03:56:07.000Z","volume":1000,"price":7.13,"category":"rbull"},{"type":"A","date":"2018-03-15T03:55:09.000Z","volume":1000,"price":7.13,"category":"rbull"},{"type":"A","date":"2018-03-15T03:54:32.000Z","volume":1000,"price":7.13,"category":"rbull"},{"type":"A","date":"2018-03-15T03:54:07.000Z","volume":1000,"price":7.13,"category":"rbull"},{"type":"A","date":"2018-03-15T03:52:05.000Z","volume":1000,"price":7.13,"category":"rbull"},{"type":"A","date":"2018-03-15T03:50:02.000Z","volume":1000,"price":7.13,"category":"rbull"},{"type":"A","date":"2018-03-15T03:49:45.000Z","volume":1000,"price":7.13,"category":"rbull"},{"type":"A","date":"2018-03-15T03:49:23.000Z","volume":1000,"price":7.13,"category":"rbull"},{"type":"A","date":"2018-03-15T03:48:46.000Z","volume":1000,"price":7.13,"category":"rbull"},{"type":"A","date":"2018-03-15T03:48:03.000Z","volume":1000,"price":7.13,"category":"rbull"},{"type":"A","date":"2018-03-15T03:44:04.000Z","volume":1000,"price":7.13,"category":"rbull"},{"type":"A","date":"2018-03-15T03:44:04.000Z","volume":1000,"price":7.13,"category":"rbull"},{"type":"A","date":"2018-03-15T03:42:02.000Z","volume":1000,"price":7.13,"category":"rbull"},{"type":"A","date":"2018-03-15T03:41:21.000Z","volume":1000,"price":7.13,"category":"rbull"},{"type":"A","date":"2018-03-15T03:41:21.000Z","volume":1000,"price":7.13,"category":"rbull"},{"type":"A","date":"2018-03-15T03:41:17.000Z","volume":1000,"price":7.13,"category":"rbull"},{"type":"A","date":"2018-03-15T03:37:00.000Z","volume":1000,"price":7.13,"category":"rbull"},{"type":"A","date":"2018-03-15T03:34:04.000Z","volume":1000,"price":7.15,"category":"rbull"},{"type":"A","date":"2018-03-15T03:33:23.000Z","volume":1000,"price":7.15,"category":"rbull"},{"type":"A","date":"2018-03-15T03:33:08.000Z","volume":1000,"price":7.15,"category":"rbull"},{"type":"A","date":"2018-03-15T03:32:50.000Z","volume":1000,"price":7.15,"category":"rbull"},{"type":"A","date":"2018-03-15T03:28:18.000Z","volume":1000,"price":7.15,"category":"rbull"},{"type":"A","date":"2018-03-15T03:27:31.000Z","volume":1000,"price":7.14,"category":"rbull"},{"type":"A","date":"2018-03-15T03:17:01.000Z","volume":1000,"price":7.14,"category":"rbull"},{"type":"A","date":"2018-03-15T03:16:10.000Z","volume":1000,"price":7.14,"category":"rbull"},{"type":"A","date":"2018-03-15T03:15:20.000Z","volume":1000,"price":7.14,"category":"rbull"},{"type":"A","date":"2018-03-15T03:15:03.000Z","volume":1000,"price":7.15,"category":"rbull"},{"type":"A","date":"2018-03-15T03:14:23.000Z","volume":1000,"price":7.15,"category":"rbull"},{"type":"A","date":"2018-03-15T03:14:18.000Z","volume":1000,"price":7.15,"category":"rbull"},{"type":"A","date":"2018-03-15T03:14:03.000Z","volume":1000,"price":7.15,"category":"rbull"},{"type":"A","date":"2018-03-15T03:13:35.000Z","volume":1000,"price":7.15,"category":"rbull"},{"type":"A","date":"2018-03-15T03:12:06.000Z","volume":1000,"price":7.15,"category":"rbull"},{"type":"A","date":"2018-03-15T03:11:02.000Z","volume":1000,"price":7.15,"category":"rbull"},{"type":"A","date":"2018-03-15T03:10:15.000Z","volume":1000,"price":7.15,"category":"rbull"},{"type":"A","date":"2018-03-15T03:06:02.000Z","volume":1000,"price":7.15,"category":"rbull"},{"type":"A","date":"2018-03-15T03:01:27.000Z","volume":1000,"price":7.15,"category":"rbull"},{"type":"A","date":"2018-03-15T03:01:26.000Z","volume":1000,"price":7.15,"category":"rbull"},{"type":"A","date":"2018-03-15T02:59:12.000Z","volume":1000,"price":7.14,"category":"rbull"},{"type":"A","date":"2018-03-15T02:58:37.000Z","volume":1000,"price":7.14,"category":"rbull"},{"type":"A","date":"2018-03-15T02:58:36.000Z","volume":1000,"price":7.14,"category":"rbull"},{"type":"A","date":"2018-03-15T02:58:36.000Z","volume":1000,"price":7.14,"category":"rbull"},{"type":"A","date":"2018-03-15T02:58:36.000Z","volume":1000,"price":7.14,"category":"rbull"},{"type":"A","date":"2018-03-15T02:57:22.000Z","volume":1000,"price":7.15,"category":"rbull"},{"type":"A","date":"2018-03-15T02:57:18.000Z","volume":1000,"price":7.15,"category":"rbull"},{"type":"A","date":"2018-03-15T02:57:18.000Z","volume":1000,"price":7.15,"category":"rbull"},{"type":"A","date":"2018-03-15T02:57:18.000Z","volume":1000,"price":7.15,"category":"rbull"},{"type":"A","date":"2018-03-15T02:57:11.000Z","volume":1000,"price":7.15,"category":"rbull"},{"type":"A","date":"2018-03-15T02:57:00.000Z","volume":1000,"price":7.15,"category":"rbull"},{"type":"A","date":"2018-03-15T02:56:56.000Z","volume":1000,"price":7.15,"category":"rbull"},{"type":"A","date":"2018-03-15T02:54:55.000Z","volume":1000,"price":7.15,"category":"rbull"},{"type":"A","date":"2018-03-15T02:54:43.000Z","volume":1000,"price":7.15,"category":"rbull"},{"type":"A","date":"2018-03-15T02:54:29.000Z","volume":1000,"price":7.15,"category":"rbull"},{"type":"A","date":"2018-03-15T02:54:22.000Z","volume":1000,"price":7.15,"category":"rbull"},{"type":"A","date":"2018-03-15T02:53:26.000Z","volume":1000,"price":7.15,"category":"rbull"},{"type":"A","date":"2018-03-15T02:52:43.000Z","volume":1000,"price":7.15,"category":"rbull"},{"type":"A","date":"2018-03-15T02:52:41.000Z","volume":1000,"price":7.15,"category":"rbull"},{"type":"A","date":"2018-03-15T02:52:33.000Z","volume":1000,"price":7.15,"category":"rbull"},{"type":"A","date":"2018-03-15T02:52:33.000Z","volume":1000,"price":7.15,"category":"rbull"},{"type":"A","date":"2018-03-15T02:52:13.000Z","volume":1000,"price":7.15,"category":"rbull"},{"type":"A","date":"2018-03-15T02:52:07.000Z","volume":1000,"price":7.15,"category":"rbull"},{"type":"A","date":"2018-03-15T02:51:48.000Z","volume":1000,"price":7.15,"category":"rbull"},{"type":"A","date":"2018-03-15T02:50:53.000Z","volume":1000,"price":7.15,"category":"rbull"},{"type":"A","date":"2018-03-15T02:50:10.000Z","volume":1000,"price":7.15,"category":"rbull"},{"type":"A","date":"2018-03-15T02:50:01.000Z","volume":1000,"price":7.15,"category":"rbull"},{"type":"A","date":"2018-03-15T02:49:33.000Z","volume":1000,"price":7.15,"category":"rbull"},{"type":"A","date":"2018-03-15T02:49:03.000Z","volume":1000,"price":7.15,"category":"rbull"},{"type":"A","date":"2018-03-15T02:48:36.000Z","volume":1000,"price":7.15,"category":"rbull"},{"type":"A","date":"2018-03-15T02:48:10.000Z","volume":1000,"price":7.15,"category":"rbull"},{"type":"A","date":"2018-03-15T02:48:05.000Z","volume":1000,"price":7.15,"category":"rbull"},{"type":"A","date":"2018-03-15T02:48:01.000Z","volume":1000,"price":7.15,"category":"rbull"},{"type":"A","date":"2018-03-15T02:47:39.000Z","volume":1000,"price":7.15,"category":"rbull"},{"type":"A","date":"2018-03-15T02:47:12.000Z","volume":1000,"price":7.15,"category":"rbull"},{"type":"A","date":"2018-03-15T02:46:04.000Z","volume":1000,"price":7.14,"category":"rbull"},{"type":"A","date":"2018-03-15T02:44:07.000Z","volume":1000,"price":7.14,"category":"rbull"},{"type":"A","date":"2018-03-15T02:44:02.000Z","volume":1000,"price":7.14,"category":"rbull"},{"type":"A","date":"2018-03-15T02:43:50.000Z","volume":1000,"price":7.14,"category":"rbull"},{"type":"A","date":"2018-03-15T02:43:26.000Z","volume":1000,"price":7.14,"category":"rbull"},{"type":"A","date":"2018-03-15T02:40:02.000Z","volume":1000,"price":7.13,"category":"rbull"},{"type":"A","date":"2018-03-15T02:39:14.000Z","volume":1000,"price":7.13,"category":"rbull"},{"type":"A","date":"2018-03-15T02:36:21.000Z","volume":1000,"price":7.13,"category":"rbull"},{"type":"A","date":"2018-03-15T02:35:40.000Z","volume":1000,"price":7.13,"category":"rbull"},{"type":"A","date":"2018-03-15T02:32:04.000Z","volume":1000,"price":7.14,"category":"rbull"},{"type":"A","date":"2018-03-15T02:32:02.000Z","volume":1000,"price":7.14,"category":"rbull"},{"type":"A","date":"2018-03-15T02:32:02.000Z","volume":1000,"price":7.14,"category":"rbull"},{"type":"A","date":"2018-03-15T02:29:30.000Z","volume":1000,"price":7.14,"category":"rbull"},{"type":"A","date":"2018-03-15T02:27:35.000Z","volume":1000,"price":7.13,"category":"rbull"},{"type":"A","date":"2018-03-15T02:27:27.000Z","volume":1000,"price":7.13,"category":"rbull"},{"type":"A","date":"2018-03-15T02:23:11.000Z","volume":1000,"price":7.13,"category":"rbull"},{"type":"A","date":"2018-03-15T02:22:50.000Z","volume":1000,"price":7.13,"category":"rbull"},{"type":"A","date":"2018-03-15T02:20:47.000Z","volume":1000,"price":7.14,"category":"rbull"},{"type":"A","date":"2018-03-15T02:19:26.000Z","volume":1000,"price":7.13,"category":"rbull"},{"type":"A","date":"2018-03-15T02:19:11.000Z","volume":1000,"price":7.13,"category":"rbull"},{"type":"A","date":"2018-03-15T02:18:47.000Z","volume":1000,"price":7.13,"category":"rbull"},{"type":"A","date":"2018-03-15T02:16:36.000Z","volume":1000,"price":7.13,"category":"rbull"},{"type":"A","date":"2018-03-15T02:13:36.000Z","volume":1000,"price":7.12,"category":"rbull"},{"type":"A","date":"2018-03-15T02:09:40.000Z","volume":1000,"price":7.13,"category":"rbull"},{"type":"A","date":"2018-03-15T02:09:02.000Z","volume":1000,"price":7.12,"category":"rbull"},{"type":"A","date":"2018-03-15T02:04:29.000Z","volume":1000,"price":7.11,"category":"rbull"},{"type":"A","date":"2018-03-15T02:00:28.000Z","volume":1000,"price":7.12,"category":"rbull"},{"type":"A","date":"2018-03-15T02:00:25.000Z","volume":1000,"price":7.11,"category":"rbull"},{"type":"A","date":"2018-03-15T01:59:54.000Z","volume":1000,"price":7.11,"category":"rbull"},{"type":"A","date":"2018-03-15T01:59:14.000Z","volume":1000,"price":7.11,"category":"rbull"},{"type":"A","date":"2018-03-15T01:59:14.000Z","volume":1000,"price":7.11,"category":"rbull"},{"type":"A","date":"2018-03-15T01:58:43.000Z","volume":1000,"price":7.11,"category":"rbull"},{"type":"A","date":"2018-03-15T01:57:30.000Z","volume":1000,"price":7.12,"category":"rbull"},{"type":"A","date":"2018-03-15T01:57:03.000Z","volume":1000,"price":7.12,"category":"rbull"},{"type":"A","date":"2018-03-15T01:56:43.000Z","volume":1000,"price":7.12,"category":"rbull"},{"type":"A","date":"2018-03-15T01:55:44.000Z","volume":1000,"price":7.12,"category":"rbull"},{"type":"A","date":"2018-03-15T01:54:47.000Z","volume":1000,"price":7.12,"category":"rbull"},{"type":"A","date":"2018-03-15T01:53:55.000Z","volume":1000,"price":7.12,"category":"rbull"},{"type":"A","date":"2018-03-15T01:53:47.000Z","volume":1000,"price":7.12,"category":"rbull"},{"type":"A","date":"2018-03-15T01:53:22.000Z","volume":1000,"price":7.12,"category":"rbull"},{"type":"A","date":"2018-03-15T01:53:17.000Z","volume":1000,"price":7.12,"category":"rbull"},{"type":"A","date":"2018-03-15T01:51:59.000Z","volume":1000,"price":7.12,"category":"rbull"},{"type":"A","date":"2018-03-15T01:51:48.000Z","volume":1000,"price":7.12,"category":"rbull"},{"type":"A","date":"2018-03-15T01:51:39.000Z","volume":1000,"price":7.12,"category":"rbull"},{"type":"A","date":"2018-03-15T01:51:36.000Z","volume":1000,"price":7.12,"category":"rbull"},{"type":"A","date":"2018-03-15T01:51:21.000Z","volume":1000,"price":7.12,"category":"rbull"},{"type":"A","date":"2018-03-15T01:51:20.000Z","volume":1000,"price":7.12,"category":"rbull"},{"type":"A","date":"2018-03-15T01:51:11.000Z","volume":1000,"price":7.12,"category":"rbull"},{"type":"A","date":"2018-03-15T01:49:18.000Z","volume":1000,"price":7.13,"category":"rbull"},{"type":"A","date":"2018-03-15T01:49:16.000Z","volume":1000,"price":7.12,"category":"rbull"},{"type":"A","date":"2018-03-15T01:47:00.000Z","volume":1000,"price":7.12,"category":"rbull"},{"type":"A","date":"2018-03-15T01:45:33.000Z","volume":1000,"price":7.12,"category":"rbull"},{"type":"A","date":"2018-03-15T01:43:49.000Z","volume":1000,"price":7.13,"category":"rbull"},{"type":"A","date":"2018-03-15T01:43:00.000Z","volume":1000,"price":7.13,"category":"rbull"},{"type":"A","date":"2018-03-15T01:40:07.000Z","volume":1000,"price":7.13,"category":"rbull"},{"type":"A","date":"2018-03-15T01:39:11.000Z","volume":1000,"price":7.13,"category":"rbull"},{"type":"A","date":"2018-03-15T01:37:36.000Z","volume":1000,"price":7.15,"category":"rbull"},{"type":"A","date":"2018-03-15T01:35:55.000Z","volume":1000,"price":7.14,"category":"rbull"},{"type":"A","date":"2018-03-15T01:35:48.000Z","volume":1000,"price":7.14,"category":"rbull"},{"type":"A","date":"2018-03-15T01:35:34.000Z","volume":1000,"price":7.14,"category":"rbull"},{"type":"A","date":"2018-03-15T01:33:20.000Z","volume":1000,"price":7.16,"category":"rbull"},{"type":"A","date":"2018-03-15T01:32:21.000Z","volume":1000,"price":7.15,"category":"rbull"},{"type":"A","date":"2018-03-15T01:32:21.000Z","volume":1000,"price":7.14,"category":"rbull"},{"type":"A","date":"2018-03-15T01:31:10.000Z","volume":1000,"price":7.14,"category":"rbull"},{"type":"A","date":"2018-03-15T01:30:20.000Z","volume":1000,"price":7.13,"category":"rbull"},{"type":"B","date":"2018-03-15T07:58:53.000Z","volume":1000,"price":7.15,"category":"rbear"},{"type":"B","date":"2018-03-15T07:58:53.000Z","volume":1000,"price":7.15,"category":"rbear"},{"type":"B","date":"2018-03-15T07:58:48.000Z","volume":1000,"price":7.15,"category":"rbear"},{"type":"B","date":"2018-03-15T07:58:46.000Z","volume":1000,"price":7.15,"category":"rbear"},{"type":"B","date":"2018-03-15T07:58:45.000Z","volume":1000,"price":7.15,"category":"rbear"},{"type":"B","date":"2018-03-15T07:58:22.000Z","volume":1000,"price":7.15,"category":"rbear"},{"type":"B","date":"2018-03-15T07:58:20.000Z","volume":1000,"price":7.15,"category":"rbear"},{"type":"B","date":"2018-03-15T07:58:16.000Z","volume":1000,"price":7.15,"category":"rbear"},{"type":"B","date":"2018-03-15T07:58:13.000Z","volume":1000,"price":7.15,"category":"rbear"},{"type":"B","date":"2018-03-15T07:56:50.000Z","volume":1000,"price":7.15,"category":"rbear"},{"type":"B","date":"2018-03-15T07:56:02.000Z","volume":1000,"price":7.15,"category":"rbear"},{"type":"B","date":"2018-03-15T07:55:03.000Z","volume":1000,"price":7.15,"category":"rbear"},{"type":"B","date":"2018-03-15T07:54:58.000Z","volume":1000,"price":7.15,"category":"rbear"},{"type":"B","date":"2018-03-15T07:54:34.000Z","volume":1000,"price":7.15,"category":"rbear"},{"type":"B","date":"2018-03-15T07:54:30.000Z","volume":1000,"price":7.15,"category":"rbear"},{"type":"B","date":"2018-03-15T07:53:59.000Z","volume":1000,"price":7.15,"category":"rbear"},{"type":"B","date":"2018-03-15T07:52:47.000Z","volume":1000,"price":7.15,"category":"rbear"},{"type":"B","date":"2018-03-15T07:52:41.000Z","volume":1000,"price":7.15,"category":"rbear"},{"type":"B","date":"2018-03-15T07:52:38.000Z","volume":1000,"price":7.15,"category":"rbear"},{"type":"B","date":"2018-03-15T07:52:37.000Z","volume":1000,"price":7.15,"category":"rbear"},{"type":"B","date":"2018-03-15T07:51:22.000Z","volume":1000,"price":7.15,"category":"rbear"},{"type":"B","date":"2018-03-15T07:49:56.000Z","volume":1000,"price":7.15,"category":"rbear"},{"type":"B","date":"2018-03-15T07:45:56.000Z","volume":1000,"price":7.14,"category":"rbear"},{"type":"B","date":"2018-03-15T07:45:54.000Z","volume":1000,"price":7.14,"category":"rbear"},{"type":"B","date":"2018-03-15T07:45:18.000Z","volume":1000,"price":7.14,"category":"rbear"},{"type":"B","date":"2018-03-15T07:45:10.000Z","volume":1000,"price":7.14,"category":"rbear"},{"type":"B","date":"2018-03-15T07:43:29.000Z","volume":1000,"price":7.14,"category":"rbear"},{"type":"B","date":"2018-03-15T07:41:15.000Z","volume":1000,"price":7.14,"category":"rbear"},{"type":"B","date":"2018-03-15T07:40:15.000Z","volume":1000,"price":7.14,"category":"rbear"},{"type":"B","date":"2018-03-15T07:37:26.000Z","volume":1000,"price":7.14,"category":"rbear"},{"type":"B","date":"2018-03-15T07:36:15.000Z","volume":1000,"price":7.14,"category":"rbear"},{"type":"B","date":"2018-03-15T07:36:02.000Z","volume":1000,"price":7.14,"category":"rbear"},{"type":"B","date":"2018-03-15T07:35:59.000Z","volume":1000,"price":7.14,"category":"rbear"},{"type":"B","date":"2018-03-15T07:35:05.000Z","volume":1000,"price":7.14,"category":"rbear"},{"type":"B","date":"2018-03-15T07:34:04.000Z","volume":1000,"price":7.14,"category":"rbear"},{"type":"B","date":"2018-03-15T07:33:15.000Z","volume":1000,"price":7.14,"category":"rbear"},{"type":"B","date":"2018-03-15T07:33:11.000Z","volume":1000,"price":7.14,"category":"rbear"},{"type":"B","date":"2018-03-15T07:32:35.000Z","volume":1000,"price":7.14,"category":"rbear"},{"type":"B","date":"2018-03-15T07:32:05.000Z","volume":1000,"price":7.14,"category":"rbear"},{"type":"B","date":"2018-03-15T07:29:55.000Z","volume":1000,"price":7.14,"category":"rbear"},{"type":"B","date":"2018-03-15T07:27:14.000Z","volume":1000,"price":7.14,"category":"rbear"},{"type":"B","date":"2018-03-15T07:20:29.000Z","volume":1000,"price":7.13,"category":"rbear"},{"type":"B","date":"2018-03-15T07:15:19.000Z","volume":1000,"price":7.13,"category":"rbear"},{"type":"B","date":"2018-03-15T07:13:31.000Z","volume":1000,"price":7.13,"category":"rbear"},{"type":"B","date":"2018-03-15T07:04:50.000Z","volume":1000,"price":7.13,"category":"rbear"},{"type":"B","date":"2018-03-15T06:59:34.000Z","volume":1000,"price":7.14,"category":"rbear"},{"type":"B","date":"2018-03-15T06:58:07.000Z","volume":1000,"price":7.14,"category":"rbear"},{"type":"B","date":"2018-03-15T06:57:06.000Z","volume":1000,"price":7.14,"category":"rbear"},{"type":"B","date":"2018-03-15T06:55:04.000Z","volume":1000,"price":7.14,"category":"rbear"},{"type":"B","date":"2018-03-15T06:54:04.000Z","volume":1000,"price":7.14,"category":"rbear"},{"type":"B","date":"2018-03-15T06:52:04.000Z","volume":1000,"price":7.14,"category":"rbear"},{"type":"B","date":"2018-03-15T06:51:05.000Z","volume":1000,"price":7.14,"category":"rbear"},{"type":"B","date":"2018-03-15T06:50:03.000Z","volume":1000,"price":7.14,"category":"rbear"},{"type":"B","date":"2018-03-15T06:48:04.000Z","volume":1000,"price":7.14,"category":"rbear"},{"type":"B","date":"2018-03-15T06:47:43.000Z","volume":1000,"price":7.14,"category":"rbear"},{"type":"B","date":"2018-03-15T06:47:03.000Z","volume":1000,"price":7.14,"category":"rbear"},{"type":"B","date":"2018-03-15T06:45:04.000Z","volume":1000,"price":7.14,"category":"rbear"},{"type":"B","date":"2018-03-15T06:44:01.000Z","volume":1000,"price":7.14,"category":"rbear"},{"type":"B","date":"2018-03-15T06:43:00.000Z","volume":1000,"price":7.14,"category":"rbear"},{"type":"B","date":"2018-03-15T06:41:46.000Z","volume":1000,"price":7.14,"category":"rbear"},{"type":"B","date":"2018-03-15T06:41:02.000Z","volume":1000,"price":7.13,"category":"rbear"},{"type":"B","date":"2018-03-15T06:40:03.000Z","volume":1000,"price":7.13,"category":"rbear"},{"type":"B","date":"2018-03-15T06:38:00.000Z","volume":1000,"price":7.13,"category":"rbear"},{"type":"B","date":"2018-03-15T06:36:59.000Z","volume":1000,"price":7.13,"category":"rbear"},{"type":"B","date":"2018-03-15T06:36:06.000Z","volume":1000,"price":7.14,"category":"rbear"},{"type":"B","date":"2018-03-15T06:34:30.000Z","volume":1000,"price":7.13,"category":"rbear"},{"type":"B","date":"2018-03-15T06:33:00.000Z","volume":1000,"price":7.13,"category":"rbear"},{"type":"B","date":"2018-03-15T06:31:00.000Z","volume":1000,"price":7.13,"category":"rbear"},{"type":"B","date":"2018-03-15T06:29:30.000Z","volume":1000,"price":7.13,"category":"rbear"},{"type":"B","date":"2018-03-15T06:21:28.000Z","volume":1000,"price":7.12,"category":"rbear"},{"type":"B","date":"2018-03-15T06:18:28.000Z","volume":1000,"price":7.12,"category":"rbear"},{"type":"B","date":"2018-03-15T06:18:20.000Z","volume":1000,"price":7.12,"category":"rbear"},{"type":"B","date":"2018-03-15T06:18:19.000Z","volume":1000,"price":7.12,"category":"rbear"},{"type":"B","date":"2018-03-15T06:15:38.000Z","volume":1000,"price":7.12,"category":"rbear"},{"type":"B","date":"2018-03-15T06:14:09.000Z","volume":1000,"price":7.12,"category":"rbear"},{"type":"B","date":"2018-03-15T06:13:41.000Z","volume":1000,"price":7.12,"category":"rbear"},{"type":"B","date":"2018-03-15T06:12:47.000Z","volume":1000,"price":7.12,"category":"rbear"},{"type":"B","date":"2018-03-15T06:12:40.000Z","volume":1000,"price":7.12,"category":"rbear"},{"type":"B","date":"2018-03-15T06:12:08.000Z","volume":1000,"price":7.12,"category":"rbear"},{"type":"B","date":"2018-03-15T06:12:07.000Z","volume":1000,"price":7.12,"category":"rbear"},{"type":"B","date":"2018-03-15T06:10:06.000Z","volume":1000,"price":7.13,"category":"rbear"},{"type":"B","date":"2018-03-15T06:09:29.000Z","volume":1000,"price":7.13,"category":"rbear"},{"type":"B","date":"2018-03-15T06:07:26.000Z","volume":1000,"price":7.13,"category":"rbear"},{"type":"B","date":"2018-03-15T06:04:45.000Z","volume":1000,"price":7.13,"category":"rbear"},{"type":"B","date":"2018-03-15T06:01:03.000Z","volume":1000,"price":7.13,"category":"rbear"},{"type":"B","date":"2018-03-15T05:57:45.000Z","volume":1000,"price":7.12,"category":"rbear"},{"type":"B","date":"2018-03-15T05:56:06.000Z","volume":1000,"price":7.12,"category":"rbear"},{"type":"B","date":"2018-03-15T05:53:29.000Z","volume":1000,"price":7.11,"category":"rbear"},{"type":"B","date":"2018-03-15T05:52:10.000Z","volume":1000,"price":7.11,"category":"rbear"},{"type":"B","date":"2018-03-15T05:50:28.000Z","volume":1000,"price":7.11,"category":"rbear"},{"type":"B","date":"2018-03-15T05:46:30.000Z","volume":1000,"price":7.12,"category":"rbear"},{"type":"B","date":"2018-03-15T05:44:22.000Z","volume":1000,"price":7.12,"category":"rbear"},{"type":"B","date":"2018-03-15T05:43:16.000Z","volume":1000,"price":7.12,"category":"rbear"},{"type":"B","date":"2018-03-15T05:42:38.000Z","volume":1000,"price":7.12,"category":"rbear"},{"type":"B","date":"2018-03-15T05:40:28.000Z","volume":1000,"price":7.13,"category":"rbear"},{"type":"B","date":"2018-03-15T05:38:28.000Z","volume":1000,"price":7.13,"category":"rbear"},{"type":"B","date":"2018-03-15T05:37:40.000Z","volume":1000,"price":7.13,"category":"rbear"},{"type":"B","date":"2018-03-15T05:37:28.000Z","volume":1000,"price":7.13,"category":"rbear"},{"type":"B","date":"2018-03-15T05:30:16.000Z","volume":1000,"price":7.12,"category":"rbear"},{"type":"B","date":"2018-03-15T05:27:59.000Z","volume":1000,"price":7.13,"category":"rbear"},{"type":"B","date":"2018-03-15T05:15:57.000Z","volume":1000,"price":7.11,"category":"rbear"},{"type":"B","date":"2018-03-15T05:15:18.000Z","volume":1000,"price":7.11,"category":"rbear"},{"type":"B","date":"2018-03-15T05:14:07.000Z","volume":1000,"price":7.11,"category":"rbear"},{"type":"B","date":"2018-03-15T05:13:29.000Z","volume":1000,"price":7.12,"category":"rbear"},{"type":"B","date":"2018-03-15T05:13:20.000Z","volume":1000,"price":7.12,"category":"rbear"},{"type":"B","date":"2018-03-15T05:12:00.000Z","volume":1000,"price":7.13,"category":"rbear"},{"type":"B","date":"2018-03-15T05:11:33.000Z","volume":1000,"price":7.13,"category":"rbear"},{"type":"B","date":"2018-03-15T05:11:29.000Z","volume":1000,"price":7.13,"category":"rbear"},{"type":"B","date":"2018-03-15T05:02:24.000Z","volume":1000,"price":7.12,"category":"rbear"},{"type":"B","date":"2018-03-15T05:02:00.000Z","volume":1000,"price":7.12,"category":"rbear"},{"type":"B","date":"2018-03-15T05:00:38.000Z","volume":1000,"price":7.13,"category":"rbear"},{"type":"B","date":"2018-03-15T05:00:37.000Z","volume":1000,"price":7.13,"category":"rbear"},{"type":"B","date":"2018-03-15T03:57:33.000Z","volume":1000,"price":7.12,"category":"rbear"},{"type":"B","date":"2018-03-15T03:55:14.000Z","volume":1000,"price":7.12,"category":"rbear"},{"type":"B","date":"2018-03-15T03:54:59.000Z","volume":1000,"price":7.12,"category":"rbear"},{"type":"B","date":"2018-03-15T03:54:07.000Z","volume":1000,"price":7.12,"category":"rbear"},{"type":"B","date":"2018-03-15T03:51:13.000Z","volume":1000,"price":7.12,"category":"rbear"},{"type":"B","date":"2018-03-15T03:50:11.000Z","volume":1000,"price":7.12,"category":"rbear"},{"type":"B","date":"2018-03-15T03:47:08.000Z","volume":1000,"price":7.12,"category":"rbear"},{"type":"B","date":"2018-03-15T03:46:51.000Z","volume":1000,"price":7.12,"category":"rbear"},{"type":"B","date":"2018-03-15T03:41:28.000Z","volume":1000,"price":7.12,"category":"rbear"},{"type":"B","date":"2018-03-15T03:36:38.000Z","volume":1000,"price":7.12,"category":"rbear"},{"type":"B","date":"2018-03-15T03:34:29.000Z","volume":1000,"price":7.13,"category":"rbear"},{"type":"B","date":"2018-03-15T03:32:50.000Z","volume":1000,"price":7.14,"category":"rbear"},{"type":"B","date":"2018-03-15T03:18:41.000Z","volume":1000,"price":7.13,"category":"rbear"},{"type":"B","date":"2018-03-15T03:18:13.000Z","volume":1000,"price":7.14,"category":"rbear"},{"type":"B","date":"2018-03-15T03:15:59.000Z","volume":1000,"price":7.13,"category":"rbear"},{"type":"B","date":"2018-03-15T03:15:20.000Z","volume":1000,"price":7.13,"category":"rbear"},{"type":"B","date":"2018-03-15T03:14:00.000Z","volume":1000,"price":7.14,"category":"rbear"},{"type":"B","date":"2018-03-15T03:12:18.000Z","volume":1000,"price":7.14,"category":"rbear"},{"type":"B","date":"2018-03-15T03:12:06.000Z","volume":1000,"price":7.14,"category":"rbear"},{"type":"B","date":"2018-03-15T03:05:12.000Z","volume":1000,"price":7.14,"category":"rbear"},{"type":"B","date":"2018-03-15T03:01:17.000Z","volume":1000,"price":7.14,"category":"rbear"},{"type":"B","date":"2018-03-15T02:59:23.000Z","volume":1000,"price":7.13,"category":"rbear"},{"type":"B","date":"2018-03-15T02:58:35.000Z","volume":1000,"price":7.13,"category":"rbear"},{"type":"B","date":"2018-03-15T02:58:35.000Z","volume":1000,"price":7.14,"category":"rbear"},{"type":"B","date":"2018-03-15T02:58:35.000Z","volume":1000,"price":7.14,"category":"rbear"},{"type":"B","date":"2018-03-15T02:58:26.000Z","volume":1000,"price":7.14,"category":"rbear"},{"type":"B","date":"2018-03-15T02:57:17.000Z","volume":1000,"price":7.14,"category":"rbear"},{"type":"B","date":"2018-03-15T02:54:58.000Z","volume":1000,"price":7.15,"category":"rbear"},{"type":"B","date":"2018-03-15T02:51:39.000Z","volume":1000,"price":7.14,"category":"rbear"},{"type":"B","date":"2018-03-15T02:40:16.000Z","volume":1000,"price":7.13,"category":"rbear"},{"type":"B","date":"2018-03-15T02:30:50.000Z","volume":1000,"price":7.13,"category":"rbear"},{"type":"B","date":"2018-03-15T02:13:16.000Z","volume":1000,"price":7.11,"category":"rbear"},{"type":"B","date":"2018-03-15T02:10:36.000Z","volume":1000,"price":7.12,"category":"rbear"},{"type":"B","date":"2018-03-15T02:10:35.000Z","volume":1000,"price":7.12,"category":"rbear"},{"type":"B","date":"2018-03-15T02:09:40.000Z","volume":1000,"price":7.12,"category":"rbear"},{"type":"B","date":"2018-03-15T02:00:20.000Z","volume":1000,"price":7.1,"category":"rbear"},{"type":"B","date":"2018-03-15T01:59:58.000Z","volume":1000,"price":7.1,"category":"rbear"},{"type":"B","date":"2018-03-15T01:59:28.000Z","volume":1000,"price":7.1,"category":"rbear"},{"type":"B","date":"2018-03-15T01:59:25.000Z","volume":1000,"price":7.1,"category":"rbear"},{"type":"B","date":"2018-03-15T01:58:03.000Z","volume":1000,"price":7.1,"category":"rbear"},{"type":"B","date":"2018-03-15T01:57:37.000Z","volume":1000,"price":7.11,"category":"rbear"},{"type":"B","date":"2018-03-15T01:57:37.000Z","volume":1000,"price":7.11,"category":"rbear"},{"type":"B","date":"2018-03-15T01:56:43.000Z","volume":1000,"price":7.11,"category":"rbear"},{"type":"B","date":"2018-03-15T01:56:42.000Z","volume":1000,"price":7.11,"category":"rbear"},{"type":"B","date":"2018-03-15T01:56:08.000Z","volume":1000,"price":7.11,"category":"rbear"},{"type":"B","date":"2018-03-15T01:54:35.000Z","volume":1000,"price":7.11,"category":"rbear"},{"type":"B","date":"2018-03-15T01:51:53.000Z","volume":1000,"price":7.11,"category":"rbear"},{"type":"B","date":"2018-03-15T01:51:13.000Z","volume":1000,"price":7.11,"category":"rbear"},{"type":"B","date":"2018-03-15T01:50:13.000Z","volume":1000,"price":7.13,"category":"rbear"},{"type":"B","date":"2018-03-15T01:50:13.000Z","volume":1000,"price":7.13,"category":"rbear"},{"type":"B","date":"2018-03-15T01:48:05.000Z","volume":1000,"price":7.11,"category":"rbear"},{"type":"B","date":"2018-03-15T01:47:37.000Z","volume":1000,"price":7.11,"category":"rbear"},{"type":"B","date":"2018-03-15T01:44:10.000Z","volume":1000,"price":7.13,"category":"rbear"},{"type":"B","date":"2018-03-15T01:36:59.000Z","volume":1000,"price":7.13,"category":"rbear"},{"type":"B","date":"2018-03-15T01:33:40.000Z","volume":1000,"price":7.15,"category":"rbear"},{"type":"B","date":"2018-03-15T01:31:00.000Z","volume":1000,"price":7.13,"category":"rbear"},{"type":"B","date":"2018-03-15T01:31:00.000Z","volume":1000,"price":7.13,"category":"rbear"},{"type":"B","date":"2018-03-15T01:30:03.000Z","volume":1000,"price":7.12,"category":"rbear"},{"type":"B","date":"2018-03-15T07:51:12.000Z","volume":25000,"price":7.16,"category":"bbear"},{"type":"B","date":"2018-03-15T07:50:18.000Z","volume":22000,"price":7.16,"category":"bbear"},{"type":"B","date":"2018-03-15T07:42:49.000Z","volume":12000,"price":7.14,"category":"bbear"},{"type":"B","date":"2018-03-15T07:42:31.000Z","volume":20000,"price":7.14,"category":"bbear"},{"type":"B","date":"2018-03-15T07:25:50.000Z","volume":20000,"price":7.14,"category":"bbear"},{"type":"B","date":"2018-03-15T07:15:19.000Z","volume":19000,"price":7.13,"category":"bbear"},{"type":"B","date":"2018-03-15T07:15:06.000Z","volume":23000,"price":7.13,"category":"bbear"},{"type":"B","date":"2018-03-15T06:51:22.000Z","volume":12000,"price":7.14,"category":"bbear"},{"type":"B","date":"2018-03-15T06:45:48.000Z","volume":15000,"price":7.14,"category":"bbear"},{"type":"B","date":"2018-03-15T06:45:28.000Z","volume":17000,"price":7.14,"category":"bbear"},{"type":"B","date":"2018-03-15T06:02:46.000Z","volume":20000,"price":7.13,"category":"bbear"},{"type":"B","date":"2018-03-15T05:42:35.000Z","volume":25000,"price":7.13,"category":"bbear"},{"type":"B","date":"2018-03-15T05:40:28.000Z","volume":20000,"price":7.13,"category":"bbear"},{"type":"B","date":"2018-03-15T05:27:59.000Z","volume":18000,"price":7.13,"category":"bbear"},{"type":"B","date":"2018-03-15T05:13:59.000Z","volume":14000,"price":7.12,"category":"bbear"},{"type":"B","date":"2018-03-15T05:00:38.000Z","volume":24000,"price":7.13,"category":"bbear"},{"type":"B","date":"2018-03-15T03:36:38.000Z","volume":20000,"price":7.13,"category":"bbear"},{"type":"B","date":"2018-03-15T03:18:41.000Z","volume":18000,"price":7.14,"category":"bbear"},{"type":"B","date":"2018-03-15T03:02:10.000Z","volume":19000,"price":7.14,"category":"bbear"},{"type":"B","date":"2018-03-15T03:01:26.000Z","volume":24000,"price":7.14,"category":"bbear"},{"type":"B","date":"2018-03-15T02:58:35.000Z","volume":23000,"price":7.14,"category":"bbear"},{"type":"B","date":"2018-03-15T02:58:35.000Z","volume":25000,"price":7.14,"category":"bbear"},{"type":"B","date":"2018-03-15T02:58:35.000Z","volume":25000,"price":7.14,"category":"bbear"},{"type":"B","date":"2018-03-15T02:58:27.000Z","volume":25000,"price":7.14,"category":"bbear"},{"type":"B","date":"2018-03-15T02:58:25.000Z","volume":25000,"price":7.14,"category":"bbear"},{"type":"B","date":"2018-03-15T02:58:25.000Z","volume":25000,"price":7.14,"category":"bbear"},{"type":"B","date":"2018-03-15T02:58:16.000Z","volume":20000,"price":7.14,"category":"bbear"},{"type":"B","date":"2018-03-15T02:55:07.000Z","volume":19000,"price":7.15,"category":"bbear"},{"type":"B","date":"2018-03-15T02:08:14.000Z","volume":25000,"price":7.12,"category":"bbear"},{"type":"B","date":"2018-03-15T02:04:20.000Z","volume":14000,"price":7.1,"category":"bbear"},{"type":"B","date":"2018-03-15T02:00:37.000Z","volume":12000,"price":7.11,"category":"bbear"},{"type":"B","date":"2018-03-15T01:57:37.000Z","volume":19000,"price":7.11,"category":"bbear"},{"type":"B","date":"2018-03-15T01:56:43.000Z","volume":25000,"price":7.11,"category":"bbear"},{"type":"B","date":"2018-03-15T01:56:43.000Z","volume":20000,"price":7.11,"category":"bbear"},{"type":"B","date":"2018-03-15T01:56:43.000Z","volume":22000,"price":7.11,"category":"bbear"},{"type":"B","date":"2018-03-15T01:51:08.000Z","volume":25000,"price":7.12,"category":"bbear"},{"type":"B","date":"2018-03-15T01:46:58.000Z","volume":12000,"price":7.11,"category":"bbear"},{"type":"B","date":"2018-03-15T01:46:11.000Z","volume":13000,"price":7.11,"category":"bbear"},{"type":"B","date":"2018-03-15T01:40:30.000Z","volume":14000,"price":7.12,"category":"bbear"},{"type":"B","date":"2018-03-15T01:38:28.000Z","volume":17000,"price":7.13,"category":"bbear"},{"type":"B","date":"2018-03-15T01:38:28.000Z","volume":25000,"price":7.13,"category":"bbear"},{"type":"B","date":"2018-03-15T01:37:35.000Z","volume":23000,"price":7.14,"category":"bbear"},{"type":"B","date":"2018-03-15T01:33:40.000Z","volume":18000,"price":7.15,"category":"bbear"},{"type":"B","date":"2018-03-15T01:33:18.000Z","volume":20000,"price":7.15,"category":"bbear"},{"type":"B","date":"2018-03-15T01:30:01.000Z","volume":13000,"price":7.12,"category":"bbear"},{"type":"B","date":"2018-03-15T01:30:01.000Z","volume":18000,"price":7.12,"category":"bbear"},{"type":"B","date":"2018-03-15T01:30:00.000Z","volume":19000,"price":7.12,"category":"bbear"},{"type":"B","date":"2018-03-15T07:59:37.000Z","volume":77000,"price":7.16,"category":"ubbear"},{"type":"B","date":"2018-03-15T07:51:19.000Z","volume":29000,"price":7.15,"category":"ubbear"},{"type":"B","date":"2018-03-15T07:37:33.000Z","volume":198000,"price":7.14,"category":"ubbear"},{"type":"B","date":"2018-03-15T07:17:45.000Z","volume":30000,"price":7.14,"category":"ubbear"},{"type":"B","date":"2018-03-15T07:15:06.000Z","volume":254000,"price":7.13,"category":"ubbear"},{"type":"B","date":"2018-03-15T07:07:56.000Z","volume":72000,"price":7.14,"category":"ubbear"},{"type":"B","date":"2018-03-15T06:59:48.000Z","volume":127000,"price":7.14,"category":"ubbear"},{"type":"B","date":"2018-03-15T06:59:34.000Z","volume":50000,"price":7.14,"category":"ubbear"},{"type":"B","date":"2018-03-15T06:45:52.000Z","volume":50000,"price":7.14,"category":"ubbear"},{"type":"B","date":"2018-03-15T06:36:18.000Z","volume":30000,"price":7.14,"category":"ubbear"},{"type":"B","date":"2018-03-15T06:29:03.000Z","volume":56000,"price":7.13,"category":"ubbear"},{"type":"B","date":"2018-03-15T06:12:07.000Z","volume":39000,"price":7.13,"category":"ubbear"},{"type":"B","date":"2018-03-15T06:07:39.000Z","volume":48000,"price":7.13,"category":"ubbear"},{"type":"B","date":"2018-03-15T05:49:28.000Z","volume":68000,"price":7.12,"category":"ubbear"},{"type":"B","date":"2018-03-15T05:44:22.000Z","volume":100000,"price":7.12,"category":"ubbear"},{"type":"B","date":"2018-03-15T05:40:05.000Z","volume":50000,"price":7.13,"category":"ubbear"},{"type":"B","date":"2018-03-15T05:27:59.000Z","volume":51000,"price":7.13,"category":"ubbear"},{"type":"B","date":"2018-03-15T05:14:07.000Z","volume":78000,"price":7.12,"category":"ubbear"},{"type":"B","date":"2018-03-15T05:13:20.000Z","volume":36000,"price":7.13,"category":"ubbear"},{"type":"B","date":"2018-03-15T05:02:48.000Z","volume":199000,"price":7.12,"category":"ubbear"},{"type":"B","date":"2018-03-15T05:02:48.000Z","volume":46000,"price":7.12,"category":"ubbear"},{"type":"B","date":"2018-03-15T05:00:38.000Z","volume":44000,"price":7.13,"category":"ubbear"},{"type":"B","date":"2018-03-15T05:00:36.000Z","volume":44000,"price":7.13,"category":"ubbear"},{"type":"B","date":"2018-03-15T03:36:38.000Z","volume":430000,"price":7.13,"category":"ubbear"},{"type":"B","date":"2018-03-15T03:34:29.000Z","volume":110000,"price":7.14,"category":"ubbear"},{"type":"B","date":"2018-03-15T03:15:20.000Z","volume":129000,"price":7.14,"category":"ubbear"},{"type":"B","date":"2018-03-15T02:58:35.000Z","volume":78000,"price":7.14,"category":"ubbear"},{"type":"B","date":"2018-03-15T02:33:18.000Z","volume":213000,"price":7.13,"category":"ubbear"},{"type":"B","date":"2018-03-15T02:24:32.000Z","volume":28000,"price":7.12,"category":"ubbear"},{"type":"B","date":"2018-03-15T02:22:49.000Z","volume":89000,"price":7.13,"category":"ubbear"},{"type":"B","date":"2018-03-15T02:13:16.000Z","volume":91000,"price":7.11,"category":"ubbear"},{"type":"B","date":"2018-03-15T02:09:37.000Z","volume":100000,"price":7.11,"category":"ubbear"},{"type":"B","date":"2018-03-15T02:00:27.000Z","volume":50000,"price":7.1,"category":"ubbear"},{"type":"B","date":"2018-03-15T02:00:19.000Z","volume":654000,"price":7.1,"category":"ubbear"},{"type":"B","date":"2018-03-15T01:58:01.000Z","volume":644000,"price":7.1,"category":"ubbear"},{"type":"B","date":"2018-03-15T01:58:01.000Z","volume":62000,"price":7.11,"category":"ubbear"},{"type":"B","date":"2018-03-15T01:57:14.000Z","volume":100000,"price":7.11,"category":"ubbear"},{"type":"B","date":"2018-03-15T01:56:43.000Z","volume":42000,"price":7.11,"category":"ubbear"},{"type":"B","date":"2018-03-15T01:56:43.000Z","volume":252000,"price":7.11,"category":"ubbear"},{"type":"B","date":"2018-03-15T01:51:08.000Z","volume":32000,"price":7.12,"category":"ubbear"},{"type":"B","date":"2018-03-15T01:47:03.000Z","volume":32000,"price":7.11,"category":"ubbear"},{"type":"B","date":"2018-03-15T01:46:58.000Z","volume":88000,"price":7.11,"category":"ubbear"},{"type":"B","date":"2018-03-15T01:45:25.000Z","volume":182000,"price":7.12,"category":"ubbear"},{"type":"B","date":"2018-03-15T01:38:28.000Z","volume":31000,"price":7.13,"category":"ubbear"},{"type":"B","date":"2018-03-15T01:33:40.000Z","volume":78000,"price":7.15,"category":"ubbear"},{"type":"B","date":"2018-03-15T01:32:58.000Z","volume":50000,"price":7.15,"category":"ubbear"},{"type":"B","date":"2018-03-15T01:30:00.000Z","volume":38000,"price":7.12,"category":"ubbear"}]