[{"type":"B","date":"2018-04-06T02:21:36.000Z","volume":4000,"label":" ","price":0.69},{"type":"B","date":"2018-04-06T02:21:57.000Z","volume":28000,"label":" ","price":0.69},{"type":"A","date":"2018-04-06T02:44:44.000Z","volume":8000,"label":" ","price":0.69},{"type":"A","date":"2018-04-06T03:19:23.000Z","volume":40000,"label":" ","price":0.69},{"type":"A","date":"2018-04-06T03:35:39.000Z","volume":20000,"label":" ","price":0.69},{"type":"B","date":"2018-04-06T03:47:50.000Z","volume":260000,"label":" ","price":0.68},{"type":"B","date":"2018-04-06T03:48:36.000Z","volume":20000,"label":"Y","price":0.68},{"type":"B","date":"2018-04-06T03:48:36.000Z","volume":60000,"label":" ","price":0.68},{"type":"B","date":"2018-04-06T03:50:40.000Z","volume":76000,"label":" ","price":0.67},{"type":"A","date":"2018-04-06T03:50:40.000Z","volume":4000,"label":" ","price":0.67},{"type":"A","date":"2018-04-06T03:52:43.000Z","volume":8000,"label":" ","price":0.68},{"type":"B","date":"2018-04-06T05:37:47.000Z","volume":4000,"label":" ","price":0.67},{"type":"B","date":"2018-04-06T05:38:13.000Z","volume":100000,"label":" ","price":0.66},{"type":"B","date":"2018-04-06T05:40:26.000Z","volume":12000,"label":" ","price":0.66},{"type":"A","date":"2018-04-06T05:44:22.000Z","volume":100000,"label":" ","price":0.67},{"type":"A","date":"2018-04-06T05:45:07.000Z","volume":8000,"label":" ","price":0.67},{"type":"A","date":"2018-04-06T05:45:33.000Z","volume":4000,"label":" ","price":0.67},{"type":"A","date":"2018-04-06T05:46:40.000Z","volume":12000,"label":" ","price":0.67},{"type":"A","date":"2018-04-06T06:40:40.000Z","volume":36000,"label":" ","price":0.67},{"type":"B","date":"2018-04-06T06:55:54.000Z","volume":12000,"label":" ","price":0.67},{"type":"B","date":"2018-04-06T07:11:29.000Z","volume":76000,"label":" ","price":0.67},{"type":"A","date":"2018-04-06T07:14:34.000Z","volume":4000,"label":" ","price":0.67},{"type":"A","date":"2018-04-06T07:29:05.000Z","volume":4000,"label":" ","price":0.68},{"type":"B","date":"2018-04-06T07:55:54.000Z","volume":176000,"label":" ","price":0.67},{"type":"A","date":"2018-04-06T07:59:16.000Z","volume":20000,"label":" ","price":0.67}]