[{"type":"B","date":"2018-03-20T01:32:43.000Z","volume":24000,"label":" ","price":0.73},{"type":"A","date":"2018-03-20T01:34:32.000Z","volume":80000,"label":" ","price":0.73},{"type":"A","date":"2018-03-20T01:44:41.000Z","volume":20000,"label":" ","price":0.73},{"type":"A","date":"2018-03-20T01:53:01.000Z","volume":4000,"label":"Y","price":0.73},{"type":"A","date":"2018-03-20T02:47:39.000Z","volume":300000,"label":" ","price":0.74},{"type":"A","date":"2018-03-20T02:47:39.000Z","volume":84000,"label":" ","price":0.74},{"type":"U","date":"2018-03-20T02:58:27.000Z","volume":4000,"label":" ","price":0.74},{"type":"B","date":"2018-03-20T02:59:11.000Z","volume":100000,"label":" ","price":0.73},{"type":"U","date":"2018-03-20T03:01:07.000Z","volume":48000,"label":" ","price":0.74},{"type":"U","date":"2018-03-20T03:06:45.000Z","volume":40000,"label":" ","price":0.74},{"type":"B","date":"2018-03-20T03:35:39.000Z","volume":16000,"label":" ","price":0.74},{"type":"B","date":"2018-03-20T05:00:02.000Z","volume":32000,"label":" ","price":0.74},{"type":"B","date":"2018-03-20T05:33:17.000Z","volume":8000,"label":" ","price":0.74},{"type":"B","date":"2018-03-20T05:38:49.000Z","volume":24000,"label":" ","price":0.74},{"type":"A","date":"2018-03-20T06:38:35.000Z","volume":48000,"label":" ","price":0.75},{"type":"A","date":"2018-03-20T06:38:35.000Z","volume":196000,"label":" ","price":0.75},{"type":"A","date":"2018-03-20T06:38:41.000Z","volume":56000,"label":" ","price":0.75},{"type":"B","date":"2018-03-20T07:20:56.000Z","volume":4000,"label":" ","price":0.75},{"type":"A","date":"2018-03-20T07:21:39.000Z","volume":20000,"label":" ","price":0.76},{"type":"A","date":"2018-03-20T07:22:10.000Z","volume":20000,"label":" ","price":0.76},{"type":"A","date":"2018-03-20T07:22:16.000Z","volume":40000,"label":" ","price":0.76},{"type":"A","date":"2018-03-20T07:22:36.000Z","volume":12000,"label":" ","price":0.76},{"type":"A","date":"2018-03-20T07:41:56.000Z","volume":72000,"label":" ","price":0.76},{"type":"A","date":"2018-03-20T07:42:38.000Z","volume":96000,"label":" ","price":0.77},{"type":"A","date":"2018-03-20T07:49:04.000Z","volume":100000,"label":" ","price":0.77},{"type":"A","date":"2018-03-20T07:49:08.000Z","volume":8000,"label":" ","price":0.77},{"type":"B","date":"2018-03-20T07:52:38.000Z","volume":20000,"label":" ","price":0.77},{"type":"B","date":"2018-03-20T07:55:08.000Z","volume":8000,"label":" ","price":0.77},{"type":"B","date":"2018-03-20T07:55:24.000Z","volume":12000,"label":" ","price":0.77},{"type":"B","date":"2018-03-20T07:56:42.000Z","volume":40000,"label":" ","price":0.77},{"type":"B","date":"2018-03-20T07:56:55.000Z","volume":28000,"label":" ","price":0.77},{"type":"A","date":"2018-03-20T07:57:16.000Z","volume":140000,"label":" ","price":0.78},{"type":"B","date":"2018-03-20T07:57:35.000Z","volume":12000,"label":" ","price":0.78},{"type":"B","date":"2018-03-20T07:57:37.000Z","volume":76000,"label":" ","price":0.78},{"type":"A","date":"2018-03-20T07:59:10.000Z","volume":32000,"label":" ","price":0.78},{"type":"B","date":"2018-03-20T07:59:20.000Z","volume":4000,"label":" ","price":0.78}]