[{"type":"U","date":"2018-04-12T01:35:03.000Z","volume":4000,"label":" ","price":0.72},{"type":"B","date":"2018-04-12T01:36:59.000Z","volume":8000,"label":" ","price":0.72},{"type":"A","date":"2018-04-12T01:53:29.000Z","volume":28000,"label":" ","price":0.72},{"type":"A","date":"2018-04-12T01:57:30.000Z","volume":8000,"label":" ","price":0.72},{"type":"A","date":"2018-04-12T02:02:07.000Z","volume":8000,"label":" ","price":0.72},{"type":"A","date":"2018-04-12T02:02:38.000Z","volume":8000,"label":"Y","price":0.72},{"type":"A","date":"2018-04-12T02:02:38.000Z","volume":12000,"label":" ","price":0.72},{"type":"B","date":"2018-04-12T02:02:46.000Z","volume":4000,"label":" ","price":0.72},{"type":"A","date":"2018-04-12T02:34:24.000Z","volume":88000,"label":" ","price":0.73},{"type":"A","date":"2018-04-12T02:34:24.000Z","volume":336000,"label":" ","price":0.74},{"type":"B","date":"2018-04-12T02:42:26.000Z","volume":4000,"label":" ","price":0.73},{"type":"A","date":"2018-04-12T02:51:11.000Z","volume":4000,"label":" ","price":0.74},{"type":"B","date":"2018-04-12T02:56:39.000Z","volume":100000,"label":" ","price":0.73},{"type":"B","date":"2018-04-12T02:59:46.000Z","volume":8000,"label":" ","price":0.73},{"type":"B","date":"2018-04-12T03:27:41.000Z","volume":52000,"label":" ","price":0.72},{"type":"A","date":"2018-04-12T03:28:22.000Z","volume":28000,"label":" ","price":0.72},{"type":"A","date":"2018-04-12T03:28:54.000Z","volume":12000,"label":" ","price":0.72},{"type":"A","date":"2018-04-12T03:31:37.000Z","volume":8000,"label":" ","price":0.72},{"type":"A","date":"2018-04-12T03:31:37.000Z","volume":4000,"label":" ","price":0.73},{"type":"B","date":"2018-04-12T05:10:00.000Z","volume":200000,"label":" ","price":0.72},{"type":"B","date":"2018-04-12T06:11:07.000Z","volume":8000,"label":" ","price":0.72},{"type":"B","date":"2018-04-12T06:18:10.000Z","volume":100000,"label":" ","price":0.71},{"type":"A","date":"2018-04-12T06:25:19.000Z","volume":20000,"label":" ","price":0.71},{"type":"A","date":"2018-04-12T06:28:29.000Z","volume":20000,"label":" ","price":0.71},{"type":"B","date":"2018-04-12T07:05:51.000Z","volume":12000,"label":" ","price":0.7},{"type":"B","date":"2018-04-12T07:07:27.000Z","volume":80000,"label":" ","price":0.7},{"type":"B","date":"2018-04-12T07:08:11.000Z","volume":56000,"label":" ","price":0.7},{"type":"B","date":"2018-04-12T07:08:32.000Z","volume":8000,"label":" ","price":0.7},{"type":"B","date":"2018-04-12T07:20:17.000Z","volume":8000,"label":" ","price":0.7},{"type":"A","date":"2018-04-12T07:31:51.000Z","volume":4000,"label":" ","price":0.71}]