[{"type":"U","date":"2018-03-23T01:20:00.000Z","volume":10000,"label":"U","price":1.77},{"type":"B","date":"2018-03-23T01:30:09.000Z","volume":10000,"label":" ","price":1.75},{"type":"A","date":"2018-03-23T01:30:12.000Z","volume":10000,"label":" ","price":1.76},{"type":"B","date":"2018-03-23T01:30:35.000Z","volume":10000,"label":" ","price":1.7},{"type":"B","date":"2018-03-23T01:30:46.000Z","volume":50000,"label":" ","price":1.7},{"type":"B","date":"2018-03-23T01:30:57.000Z","volume":10000,"label":" ","price":1.68},{"type":"B","date":"2018-03-23T01:31:02.000Z","volume":10000,"label":" ","price":1.65},{"type":"B","date":"2018-03-23T01:31:21.000Z","volume":20000,"label":" ","price":1.62},{"type":"A","date":"2018-03-23T01:31:24.000Z","volume":180000,"label":" ","price":1.62},{"type":"U","date":"2018-03-23T01:31:25.000Z","volume":20000,"label":" ","price":1.62},{"type":"B","date":"2018-03-23T01:31:52.000Z","volume":20000,"label":" ","price":1.6},{"type":"B","date":"2018-03-23T01:32:02.000Z","volume":10000,"label":" ","price":1.61},{"type":"B","date":"2018-03-23T01:32:13.000Z","volume":10000,"label":" ","price":1.6},{"type":"B","date":"2018-03-23T01:32:46.000Z","volume":50000,"label":" ","price":1.6},{"type":"B","date":"2018-03-23T01:32:52.000Z","volume":10000,"label":" ","price":1.61},{"type":"B","date":"2018-03-23T01:32:52.000Z","volume":20000,"label":" ","price":1.6},{"type":"B","date":"2018-03-23T01:32:52.000Z","volume":50000,"label":" ","price":1.59},{"type":"B","date":"2018-03-23T01:32:52.000Z","volume":40000,"label":" ","price":1.58},{"type":"A","date":"2018-03-23T01:32:59.000Z","volume":10000,"label":" ","price":1.58},{"type":"U","date":"2018-03-23T01:33:19.000Z","volume":10000,"label":" ","price":1.64},{"type":"A","date":"2018-03-23T01:33:29.000Z","volume":10000,"label":" ","price":1.63},{"type":"B","date":"2018-03-23T01:33:34.000Z","volume":10000,"label":" ","price":1.6},{"type":"A","date":"2018-03-23T01:34:28.000Z","volume":20000,"label":" ","price":1.63},{"type":"A","date":"2018-03-23T01:37:11.000Z","volume":10000,"label":" ","price":1.67},{"type":"A","date":"2018-03-23T01:37:26.000Z","volume":10000,"label":" ","price":1.68},{"type":"B","date":"2018-03-23T01:37:30.000Z","volume":20000,"label":" ","price":1.65},{"type":"A","date":"2018-03-23T01:37:32.000Z","volume":100000,"label":" ","price":1.7},{"type":"A","date":"2018-03-23T01:37:46.000Z","volume":10000,"label":" ","price":1.74},{"type":"A","date":"2018-03-23T01:37:46.000Z","volume":10000,"label":" ","price":1.74},{"type":"A","date":"2018-03-23T01:37:46.000Z","volume":10000,"label":" ","price":1.74},{"type":"A","date":"2018-03-23T01:38:20.000Z","volume":10000,"label":" ","price":1.73},{"type":"A","date":"2018-03-23T01:38:20.000Z","volume":30000,"label":" ","price":1.74},{"type":"A","date":"2018-03-23T01:39:26.000Z","volume":20000,"label":" ","price":1.73},{"type":"A","date":"2018-03-23T01:39:26.000Z","volume":10000,"label":" ","price":1.74},{"type":"A","date":"2018-03-23T01:39:40.000Z","volume":20000,"label":" ","price":1.74},{"type":"B","date":"2018-03-23T01:41:24.000Z","volume":10000,"label":" ","price":1.7},{"type":"B","date":"2018-03-23T01:41:38.000Z","volume":100000,"label":" ","price":1.7},{"type":"B","date":"2018-03-23T01:43:08.000Z","volume":10000,"label":" ","price":1.7},{"type":"B","date":"2018-03-23T01:43:13.000Z","volume":10000,"label":" ","price":1.7},{"type":"B","date":"2018-03-23T01:43:16.000Z","volume":30000,"label":" ","price":1.7},{"type":"B","date":"2018-03-23T01:43:33.000Z","volume":10000,"label":" ","price":1.69},{"type":"B","date":"2018-03-23T01:51:57.000Z","volume":20000,"label":" ","price":1.67},{"type":"B","date":"2018-03-23T01:53:29.000Z","volume":10000,"label":" ","price":1.67},{"type":"B","date":"2018-03-23T01:59:03.000Z","volume":30000,"label":" ","price":1.68},{"type":"A","date":"2018-03-23T02:02:18.000Z","volume":10000,"label":" ","price":1.71},{"type":"B","date":"2018-03-23T02:02:49.000Z","volume":10000,"label":" ","price":1.71},{"type":"A","date":"2018-03-23T02:03:15.000Z","volume":20000,"label":" ","price":1.71},{"type":"A","date":"2018-03-23T02:04:27.000Z","volume":10000,"label":" ","price":1.71},{"type":"A","date":"2018-03-23T02:07:28.000Z","volume":20000,"label":" ","price":1.7},{"type":"A","date":"2018-03-23T02:07:36.000Z","volume":20000,"label":" ","price":1.7},{"type":"A","date":"2018-03-23T02:08:14.000Z","volume":30000,"label":" ","price":1.7},{"type":"A","date":"2018-03-23T02:08:18.000Z","volume":10000,"label":" ","price":1.7},{"type":"B","date":"2018-03-23T02:08:28.000Z","volume":20000,"label":" ","price":1.69},{"type":"A","date":"2018-03-23T02:10:01.000Z","volume":10000,"label":" ","price":1.7},{"type":"A","date":"2018-03-23T02:10:41.000Z","volume":20000,"label":" ","price":1.7},{"type":"B","date":"2018-03-23T02:11:52.000Z","volume":10000,"label":" ","price":1.69},{"type":"A","date":"2018-03-23T02:11:59.000Z","volume":10000,"label":" ","price":1.71},{"type":"A","date":"2018-03-23T02:16:05.000Z","volume":70000,"label":" ","price":1.71},{"type":"A","date":"2018-03-23T02:17:59.000Z","volume":10000,"label":" ","price":1.72},{"type":"A","date":"2018-03-23T02:23:12.000Z","volume":20000,"label":" ","price":1.73},{"type":"B","date":"2018-03-23T02:27:09.000Z","volume":10000,"label":" ","price":1.73},{"type":"A","date":"2018-03-23T02:29:00.000Z","volume":50000,"label":" ","price":1.74},{"type":"B","date":"2018-03-23T02:29:42.000Z","volume":10000,"label":" ","price":1.72},{"type":"B","date":"2018-03-23T02:35:33.000Z","volume":10000,"label":" ","price":1.72},{"type":"A","date":"2018-03-23T02:36:50.000Z","volume":10000,"label":"Y","price":1.72},{"type":"A","date":"2018-03-23T02:37:07.000Z","volume":10000,"label":" ","price":1.72},{"type":"B","date":"2018-03-23T02:45:54.000Z","volume":30000,"label":" ","price":1.71},{"type":"B","date":"2018-03-23T02:45:58.000Z","volume":90000,"label":" ","price":1.71},{"type":"A","date":"2018-03-23T02:46:34.000Z","volume":10000,"label":" ","price":1.72},{"type":"A","date":"2018-03-23T02:51:18.000Z","volume":10000,"label":" ","price":1.72},{"type":"A","date":"2018-03-23T02:52:44.000Z","volume":20000,"label":" ","price":1.73},{"type":"A","date":"2018-03-23T02:57:36.000Z","volume":10000,"label":" ","price":1.73},{"type":"A","date":"2018-03-23T03:15:19.000Z","volume":10000,"label":" ","price":1.73},{"type":"A","date":"2018-03-23T03:21:11.000Z","volume":10000,"label":" ","price":1.73},{"type":"A","date":"2018-03-23T03:31:21.000Z","volume":20000,"label":" ","price":1.73},{"type":"B","date":"2018-03-23T03:34:17.000Z","volume":10000,"label":" ","price":1.73},{"type":"A","date":"2018-03-23T03:34:36.000Z","volume":20000,"label":" ","price":1.73},{"type":"B","date":"2018-03-23T03:34:49.000Z","volume":100000,"label":" ","price":1.72},{"type":"A","date":"2018-03-23T03:38:46.000Z","volume":70000,"label":" ","price":1.73},{"type":"B","date":"2018-03-23T03:46:07.000Z","volume":10000,"label":" ","price":1.73},{"type":"A","date":"2018-03-23T05:00:00.000Z","volume":50000,"label":" ","price":1.73},{"type":"A","date":"2018-03-23T05:00:15.000Z","volume":10000,"label":" ","price":1.73},{"type":"B","date":"2018-03-23T05:04:52.000Z","volume":10000,"label":" ","price":1.72},{"type":"B","date":"2018-03-23T05:08:59.000Z","volume":10000,"label":" ","price":1.72},{"type":"B","date":"2018-03-23T05:09:52.000Z","volume":10000,"label":" ","price":1.72},{"type":"B","date":"2018-03-23T05:16:05.000Z","volume":10000,"label":" ","price":1.71},{"type":"A","date":"2018-03-23T05:20:26.000Z","volume":10000,"label":" ","price":1.72},{"type":"A","date":"2018-03-23T05:26:17.000Z","volume":20000,"label":" ","price":1.72},{"type":"A","date":"2018-03-23T05:27:04.000Z","volume":40000,"label":" ","price":1.72},{"type":"B","date":"2018-03-23T05:27:05.000Z","volume":10000,"label":" ","price":1.72},{"type":"B","date":"2018-03-23T05:39:22.000Z","volume":10000,"label":" ","price":1.72},{"type":"A","date":"2018-03-23T05:52:13.000Z","volume":20000,"label":" ","price":1.72},{"type":"A","date":"2018-03-23T05:52:44.000Z","volume":10000,"label":" ","price":1.73},{"type":"B","date":"2018-03-23T06:10:01.000Z","volume":10000,"label":" ","price":1.71},{"type":"B","date":"2018-03-23T06:10:47.000Z","volume":10000,"label":" ","price":1.71},{"type":"B","date":"2018-03-23T06:11:03.000Z","volume":20000,"label":" ","price":1.71},{"type":"B","date":"2018-03-23T06:12:01.000Z","volume":10000,"label":" ","price":1.71},{"type":"B","date":"2018-03-23T06:12:26.000Z","volume":160000,"label":" ","price":1.7},{"type":"B","date":"2018-03-23T06:12:44.000Z","volume":70000,"label":" ","price":1.7},{"type":"B","date":"2018-03-23T06:13:01.000Z","volume":10000,"label":"Y","price":1.69},{"type":"B","date":"2018-03-23T06:13:01.000Z","volume":10000,"label":" ","price":1.69},{"type":"A","date":"2018-03-23T06:14:35.000Z","volume":40000,"label":" ","price":1.69},{"type":"A","date":"2018-03-23T06:14:35.000Z","volume":10000,"label":" ","price":1.7},{"type":"B","date":"2018-03-23T06:23:23.000Z","volume":30000,"label":" ","price":1.7},{"type":"A","date":"2018-03-23T06:32:47.000Z","volume":20000,"label":" ","price":1.7},{"type":"A","date":"2018-03-23T06:39:30.000Z","volume":10000,"label":" ","price":1.71},{"type":"A","date":"2018-03-23T06:40:09.000Z","volume":10000,"label":" ","price":1.71},{"type":"B","date":"2018-03-23T06:50:28.000Z","volume":10000,"label":" ","price":1.71},{"type":"A","date":"2018-03-23T06:57:08.000Z","volume":10000,"label":"Y","price":1.71},{"type":"A","date":"2018-03-23T07:00:30.000Z","volume":10000,"label":" ","price":1.71},{"type":"A","date":"2018-03-23T07:01:01.000Z","volume":20000,"label":" ","price":1.71},{"type":"A","date":"2018-03-23T07:02:14.000Z","volume":20000,"label":" ","price":1.71},{"type":"A","date":"2018-03-23T07:02:14.000Z","volume":30000,"label":" ","price":1.71},{"type":"A","date":"2018-03-23T07:07:23.000Z","volume":10000,"label":" ","price":1.72},{"type":"A","date":"2018-03-23T07:24:02.000Z","volume":30000,"label":" ","price":1.73},{"type":"A","date":"2018-03-23T07:28:13.000Z","volume":20000,"label":" ","price":1.73},{"type":"A","date":"2018-03-23T07:30:09.000Z","volume":140000,"label":" ","price":1.73},{"type":"A","date":"2018-03-23T07:30:16.000Z","volume":50000,"label":" ","price":1.74},{"type":"A","date":"2018-03-23T07:30:38.000Z","volume":10000,"label":" ","price":1.74},{"type":"A","date":"2018-03-23T07:32:57.000Z","volume":20000,"label":" ","price":1.74},{"type":"B","date":"2018-03-23T07:35:40.000Z","volume":20000,"label":" ","price":1.73},{"type":"A","date":"2018-03-23T07:35:43.000Z","volume":10000,"label":" ","price":1.74},{"type":"A","date":"2018-03-23T07:38:16.000Z","volume":30000,"label":" ","price":1.75},{"type":"A","date":"2018-03-23T07:38:16.000Z","volume":10000,"label":" ","price":1.75},{"type":"A","date":"2018-03-23T07:43:39.000Z","volume":10000,"label":" ","price":1.76},{"type":"B","date":"2018-03-23T07:46:35.000Z","volume":10000,"label":" ","price":1.76},{"type":"B","date":"2018-03-23T07:46:37.000Z","volume":10000,"label":" ","price":1.76},{"type":"A","date":"2018-03-23T07:55:02.000Z","volume":10000,"label":" ","price":1.77},{"type":"B","date":"2018-03-23T07:56:48.000Z","volume":10000,"label":" ","price":1.76},{"type":"B","date":"2018-03-23T07:56:48.000Z","volume":60000,"label":" ","price":1.75},{"type":"B","date":"2018-03-23T07:56:48.000Z","volume":40000,"label":"Y","price":1.74},{"type":"A","date":"2018-03-23T07:58:45.000Z","volume":10000,"label":" ","price":1.75},{"type":"A","date":"2018-03-23T07:59:07.000Z","volume":20000,"label":" ","price":1.76},{"type":"A","date":"2018-03-23T07:59:13.000Z","volume":20000,"label":" ","price":1.77},{"type":"A","date":"2018-03-23T07:59:13.000Z","volume":20000,"label":" ","price":1.78},{"type":"B","date":"2018-03-23T07:59:42.000Z","volume":10000,"label":" ","price":1.78},{"type":"B","date":"2018-03-23T07:59:52.000Z","volume":10000,"label":" ","price":1.78}]