[{"type":"B","date":"2018-04-23T01:50:39.000Z","volume":3000,"label":" ","price":8.35},{"type":"B","date":"2018-04-23T01:50:39.000Z","volume":500,"label":" ","price":8.33},{"type":"B","date":"2018-04-23T01:50:47.000Z","volume":2000,"label":" ","price":8.31},{"type":"B","date":"2018-04-23T01:51:45.000Z","volume":1000,"label":" ","price":8.27},{"type":"B","date":"2018-04-23T01:51:45.000Z","volume":6000,"label":" ","price":8.27},{"type":"B","date":"2018-04-23T01:51:45.000Z","volume":1000,"label":" ","price":8.27},{"type":"B","date":"2018-04-23T01:51:45.000Z","volume":1000,"label":" ","price":8.27},{"type":"A","date":"2018-04-23T01:52:01.000Z","volume":1000,"label":" ","price":8.31},{"type":"A","date":"2018-04-23T01:56:07.000Z","volume":1000,"label":" ","price":8.31},{"type":"B","date":"2018-04-23T02:01:57.000Z","volume":500,"label":" ","price":8.26},{"type":"B","date":"2018-04-23T02:01:57.000Z","volume":1000,"label":" ","price":8.25},{"type":"B","date":"2018-04-23T02:01:57.000Z","volume":4000,"label":" ","price":8.25},{"type":"B","date":"2018-04-23T02:01:57.000Z","volume":500,"label":" ","price":8.24},{"type":"B","date":"2018-04-23T02:03:34.000Z","volume":8500,"label":" ","price":8.23},{"type":"B","date":"2018-04-23T02:03:34.000Z","volume":8500,"label":" ","price":8.23},{"type":"B","date":"2018-04-23T02:03:39.000Z","volume":500,"label":" ","price":8.22},{"type":"A","date":"2018-04-23T02:03:39.000Z","volume":500,"label":" ","price":8.22},{"type":"B","date":"2018-04-23T02:03:39.000Z","volume":11000,"label":" ","price":8.21},{"type":"U","date":"2018-04-23T02:03:39.000Z","volume":1000,"label":"X","price":8.21},{"type":"B","date":"2018-04-23T02:03:44.000Z","volume":500,"label":" ","price":8.21},{"type":"A","date":"2018-04-23T02:05:53.000Z","volume":3000,"label":" ","price":8.23},{"type":"A","date":"2018-04-23T02:06:10.000Z","volume":8000,"label":" ","price":8.23},{"type":"A","date":"2018-04-23T02:08:46.000Z","volume":500,"label":" ","price":8.25},{"type":"B","date":"2018-04-23T02:08:58.000Z","volume":1000,"label":" ","price":8.25},{"type":"A","date":"2018-04-23T02:09:03.000Z","volume":1500,"label":" ","price":8.26},{"type":"B","date":"2018-04-23T02:10:24.000Z","volume":5000,"label":" ","price":8.23},{"type":"B","date":"2018-04-23T02:10:30.000Z","volume":3500,"label":" ","price":8.22},{"type":"A","date":"2018-04-23T02:19:20.000Z","volume":1000,"label":" ","price":8.25},{"type":"A","date":"2018-04-23T02:19:20.000Z","volume":2000,"label":"Y","price":8.25},{"type":"A","date":"2018-04-23T02:19:20.000Z","volume":500,"label":" ","price":8.25},{"type":"B","date":"2018-04-23T02:19:45.000Z","volume":500,"label":" ","price":8.24},{"type":"B","date":"2018-04-23T02:32:24.000Z","volume":500,"label":" ","price":8.25},{"type":"B","date":"2018-04-23T02:32:24.000Z","volume":3000,"label":" ","price":8.23},{"type":"B","date":"2018-04-23T02:32:24.000Z","volume":7500,"label":" ","price":8.23},{"type":"A","date":"2018-04-23T02:40:01.000Z","volume":500,"label":" ","price":8.23},{"type":"B","date":"2018-04-23T02:41:04.000Z","volume":4000,"label":" ","price":8.22},{"type":"A","date":"2018-04-23T02:41:29.000Z","volume":11000,"label":" ","price":8.23},{"type":"B","date":"2018-04-23T02:41:39.000Z","volume":500,"label":" ","price":8.23},{"type":"B","date":"2018-04-23T02:48:12.000Z","volume":5000,"label":" ","price":8.23},{"type":"B","date":"2018-04-23T02:51:52.000Z","volume":5000,"label":" ","price":8.23},{"type":"B","date":"2018-04-23T02:56:10.000Z","volume":4000,"label":" ","price":8.23},{"type":"A","date":"2018-04-23T02:59:18.000Z","volume":28000,"label":" ","price":8.25},{"type":"B","date":"2018-04-23T02:59:19.000Z","volume":500,"label":" ","price":8.23},{"type":"A","date":"2018-04-23T03:00:25.000Z","volume":8500,"label":" ","price":8.25},{"type":"A","date":"2018-04-23T03:00:25.000Z","volume":2500,"label":" ","price":8.25},{"type":"A","date":"2018-04-23T03:02:29.000Z","volume":500,"label":" ","price":8.31},{"type":"A","date":"2018-04-23T03:09:55.000Z","volume":2500,"label":" ","price":8.31},{"type":"B","date":"2018-04-23T03:10:09.000Z","volume":500,"label":" ","price":8.31},{"type":"A","date":"2018-04-23T03:10:23.000Z","volume":1000,"label":" ","price":8.34},{"type":"B","date":"2018-04-23T03:17:09.000Z","volume":17500,"label":" ","price":8.25},{"type":"B","date":"2018-04-23T03:17:09.000Z","volume":3500,"label":" ","price":8.25},{"type":"B","date":"2018-04-23T03:17:09.000Z","volume":9000,"label":" ","price":8.25},{"type":"B","date":"2018-04-23T03:18:51.000Z","volume":1000,"label":" ","price":8.25},{"type":"B","date":"2018-04-23T03:48:36.000Z","volume":500,"label":" ","price":8.25},{"type":"B","date":"2018-04-23T03:51:34.000Z","volume":10000,"label":" ","price":8.25},{"type":"B","date":"2018-04-23T03:51:37.000Z","volume":500,"label":"Y","price":8.25},{"type":"A","date":"2018-04-23T03:52:33.000Z","volume":500,"label":" ","price":8.32},{"type":"B","date":"2018-04-23T05:13:42.000Z","volume":500,"label":" ","price":8.25},{"type":"B","date":"2018-04-23T05:14:24.000Z","volume":13500,"label":" ","price":8.25},{"type":"B","date":"2018-04-23T05:14:25.000Z","volume":500,"label":" ","price":8.24},{"type":"B","date":"2018-04-23T05:14:25.000Z","volume":2000,"label":" ","price":8.24},{"type":"A","date":"2018-04-23T05:18:06.000Z","volume":8500,"label":" ","price":8.25},{"type":"A","date":"2018-04-23T05:19:29.000Z","volume":500,"label":" ","price":8.25},{"type":"A","date":"2018-04-23T05:47:13.000Z","volume":500,"label":" ","price":8.3},{"type":"B","date":"2018-04-23T06:00:36.000Z","volume":500,"label":" ","price":8.26},{"type":"B","date":"2018-04-23T06:22:40.000Z","volume":500,"label":" ","price":8.25},{"type":"B","date":"2018-04-23T06:25:17.000Z","volume":19500,"label":" ","price":8.25},{"type":"B","date":"2018-04-23T06:25:17.000Z","volume":7500,"label":" ","price":8.24},{"type":"B","date":"2018-04-23T06:29:48.000Z","volume":7000,"label":" ","price":8.24},{"type":"B","date":"2018-04-23T06:29:48.000Z","volume":20000,"label":" ","price":8.23},{"type":"B","date":"2018-04-23T06:33:24.000Z","volume":500,"label":" ","price":8.25},{"type":"B","date":"2018-04-23T06:35:11.000Z","volume":500,"label":"Y","price":8.25},{"type":"B","date":"2018-04-23T06:35:36.000Z","volume":8000,"label":" ","price":8.25},{"type":"B","date":"2018-04-23T06:40:50.000Z","volume":1500,"label":" ","price":8.25},{"type":"U","date":"2018-04-23T06:40:50.000Z","volume":500,"label":" ","price":8.26},{"type":"B","date":"2018-04-23T06:43:30.000Z","volume":500,"label":" ","price":8.25},{"type":"B","date":"2018-04-23T06:49:12.000Z","volume":500,"label":"Y","price":8.25},{"type":"B","date":"2018-04-23T06:53:02.000Z","volume":500,"label":" ","price":8.25},{"type":"B","date":"2018-04-23T06:55:41.000Z","volume":8000,"label":"Y","price":8.25},{"type":"B","date":"2018-04-23T06:58:08.000Z","volume":13500,"label":" ","price":8.23},{"type":"B","date":"2018-04-23T06:59:55.000Z","volume":20000,"label":"Y","price":8.22},{"type":"B","date":"2018-04-23T06:59:55.000Z","volume":1500,"label":" ","price":8.22},{"type":"A","date":"2018-04-23T07:00:00.000Z","volume":2000,"label":" ","price":8.22},{"type":"A","date":"2018-04-23T07:00:03.000Z","volume":8000,"label":" ","price":8.22},{"type":"A","date":"2018-04-23T07:00:05.000Z","volume":5000,"label":" ","price":8.22},{"type":"B","date":"2018-04-23T07:00:12.000Z","volume":500,"label":" ","price":8.21},{"type":"A","date":"2018-04-23T07:00:12.000Z","volume":10000,"label":" ","price":8.22},{"type":"B","date":"2018-04-23T07:00:45.000Z","volume":6000,"label":" ","price":8.21},{"type":"A","date":"2018-04-23T07:01:20.000Z","volume":4500,"label":" ","price":8.22},{"type":"B","date":"2018-04-23T07:08:30.000Z","volume":14500,"label":"Y","price":8.22},{"type":"B","date":"2018-04-23T07:08:30.000Z","volume":6500,"label":" ","price":8.22},{"type":"A","date":"2018-04-23T07:09:01.000Z","volume":3000,"label":"Y","price":8.22},{"type":"A","date":"2018-04-23T07:10:09.000Z","volume":20000,"label":" ","price":8.22},{"type":"A","date":"2018-04-23T07:10:09.000Z","volume":7000,"label":" ","price":8.22},{"type":"B","date":"2018-04-23T07:32:29.000Z","volume":500,"label":" ","price":8.25},{"type":"B","date":"2018-04-23T07:35:21.000Z","volume":10000,"label":"Y","price":8.24},{"type":"A","date":"2018-04-23T07:35:31.000Z","volume":3000,"label":" ","price":8.26},{"type":"A","date":"2018-04-23T07:35:46.000Z","volume":2500,"label":" ","price":8.28},{"type":"A","date":"2018-04-23T07:35:46.000Z","volume":3000,"label":" ","price":8.28},{"type":"B","date":"2018-04-23T07:49:13.000Z","volume":500,"label":"Y","price":8.24},{"type":"A","date":"2018-04-23T07:52:48.000Z","volume":2500,"label":" ","price":8.27},{"type":"A","date":"2018-04-23T07:52:59.000Z","volume":500,"label":" ","price":8.27},{"type":"A","date":"2018-04-23T07:54:39.000Z","volume":3000,"label":" ","price":8.29},{"type":"A","date":"2018-04-23T07:59:21.000Z","volume":2000,"label":" ","price":8.29},{"type":"A","date":"2018-04-23T07:59:21.000Z","volume":11000,"label":" ","price":8.3},{"type":"U","date":"2018-04-23T08:08:11.000Z","volume":500,"label":"U","price":8.33}]