[{"type":"A","date":"2018-05-03T01:36:51.000Z","volume":120000,"label":" ","price":0.355},{"type":"B","date":"2018-05-03T02:03:34.000Z","volume":150000,"label":" ","price":0.345},{"type":"B","date":"2018-05-03T02:03:34.000Z","volume":150000,"label":" ","price":0.34},{"type":"B","date":"2018-05-03T02:09:17.000Z","volume":30000,"label":" ","price":0.335},{"type":"A","date":"2018-05-03T02:13:46.000Z","volume":30000,"label":" ","price":0.34},{"type":"A","date":"2018-05-03T02:13:46.000Z","volume":30000,"label":" ","price":0.345},{"type":"B","date":"2018-05-03T03:05:33.000Z","volume":210000,"label":" ","price":0.335},{"type":"B","date":"2018-05-03T05:05:20.000Z","volume":390000,"label":" ","price":0.335},{"type":"B","date":"2018-05-03T05:05:20.000Z","volume":1620000,"label":" ","price":0.33},{"type":"B","date":"2018-05-03T05:12:08.000Z","volume":540000,"label":" ","price":0.33},{"type":"A","date":"2018-05-03T05:16:11.000Z","volume":60000,"label":" ","price":0.33},{"type":"A","date":"2018-05-03T05:28:25.000Z","volume":180000,"label":" ","price":0.335},{"type":"A","date":"2018-05-03T05:28:29.000Z","volume":60000,"label":" ","price":0.335},{"type":"A","date":"2018-05-03T06:00:34.000Z","volume":60000,"label":" ","price":0.335},{"type":"B","date":"2018-05-03T06:25:48.000Z","volume":90000,"label":" ","price":0.33},{"type":"B","date":"2018-05-03T06:39:45.000Z","volume":390000,"label":" ","price":0.33},{"type":"B","date":"2018-05-03T06:43:50.000Z","volume":3300000,"label":" ","price":0.325},{"type":"B","date":"2018-05-03T06:46:01.000Z","volume":3930000,"label":" ","price":0.32},{"type":"B","date":"2018-05-03T06:47:27.000Z","volume":30000,"label":" ","price":0.32},{"type":"B","date":"2018-05-03T06:47:27.000Z","volume":150000,"label":" ","price":0.32},{"type":"B","date":"2018-05-03T06:49:17.000Z","volume":360000,"label":" ","price":0.315},{"type":"B","date":"2018-05-03T06:49:20.000Z","volume":300000,"label":" ","price":0.315},{"type":"B","date":"2018-05-03T06:52:35.000Z","volume":120000,"label":" ","price":0.315},{"type":"A","date":"2018-05-03T06:53:07.000Z","volume":30000,"label":" ","price":0.32},{"type":"A","date":"2018-05-03T06:59:00.000Z","volume":150000,"label":" ","price":0.325},{"type":"A","date":"2018-05-03T07:00:31.000Z","volume":120000,"label":"Y","price":0.325},{"type":"A","date":"2018-05-03T07:00:31.000Z","volume":150000,"label":" ","price":0.325},{"type":"A","date":"2018-05-03T07:08:22.000Z","volume":390000,"label":" ","price":0.33},{"type":"B","date":"2018-05-03T07:09:48.000Z","volume":120000,"label":" ","price":0.325},{"type":"B","date":"2018-05-03T07:09:53.000Z","volume":90000,"label":" ","price":0.325},{"type":"B","date":"2018-05-03T07:15:48.000Z","volume":60000,"label":" ","price":0.325},{"type":"B","date":"2018-05-03T07:15:51.000Z","volume":30000,"label":" ","price":0.325},{"type":"A","date":"2018-05-03T07:16:27.000Z","volume":60000,"label":" ","price":0.325},{"type":"B","date":"2018-05-03T07:22:22.000Z","volume":60000,"label":" ","price":0.325},{"type":"B","date":"2018-05-03T07:22:29.000Z","volume":810000,"label":" ","price":0.32},{"type":"B","date":"2018-05-03T07:22:43.000Z","volume":1020000,"label":" ","price":0.315},{"type":"A","date":"2018-05-03T07:26:03.000Z","volume":30000,"label":" ","price":0.32},{"type":"A","date":"2018-05-03T07:27:51.000Z","volume":60000,"label":" ","price":0.32},{"type":"B","date":"2018-05-03T07:28:42.000Z","volume":150000,"label":" ","price":0.32},{"type":"B","date":"2018-05-03T07:29:26.000Z","volume":210000,"label":" ","price":0.315},{"type":"B","date":"2018-05-03T07:29:41.000Z","volume":30000,"label":" ","price":0.315},{"type":"A","date":"2018-05-03T07:30:23.000Z","volume":270000,"label":" ","price":0.315},{"type":"B","date":"2018-05-03T07:31:36.000Z","volume":30000,"label":" ","price":0.315},{"type":"B","date":"2018-05-03T07:32:53.000Z","volume":900000,"label":" ","price":0.315},{"type":"B","date":"2018-05-03T07:33:10.000Z","volume":540000,"label":" ","price":0.31},{"type":"A","date":"2018-05-03T07:33:24.000Z","volume":60000,"label":" ","price":0.315},{"type":"B","date":"2018-05-03T07:37:19.000Z","volume":300000,"label":" ","price":0.31},{"type":"B","date":"2018-05-03T07:37:24.000Z","volume":60000,"label":" ","price":0.31},{"type":"A","date":"2018-05-03T07:40:22.000Z","volume":60000,"label":" ","price":0.315},{"type":"A","date":"2018-05-03T07:47:23.000Z","volume":150000,"label":" ","price":0.315},{"type":"A","date":"2018-05-03T07:48:06.000Z","volume":60000,"label":" ","price":0.315},{"type":"A","date":"2018-05-03T07:48:52.000Z","volume":150000,"label":" ","price":0.315},{"type":"A","date":"2018-05-03T07:50:02.000Z","volume":510000,"label":" ","price":0.315},{"type":"A","date":"2018-05-03T07:50:02.000Z","volume":90000,"label":" ","price":0.32},{"type":"A","date":"2018-05-03T07:50:02.000Z","volume":1170000,"label":" ","price":0.325},{"type":"A","date":"2018-05-03T07:50:02.000Z","volume":1830000,"label":" ","price":0.33},{"type":"A","date":"2018-05-03T07:52:59.000Z","volume":60000,"label":" ","price":0.325},{"type":"A","date":"2018-05-03T07:53:53.000Z","volume":90000,"label":" ","price":0.325},{"type":"A","date":"2018-05-03T07:55:36.000Z","volume":30000,"label":" ","price":0.325},{"type":"A","date":"2018-05-03T07:57:05.000Z","volume":150000,"label":" ","price":0.325},{"type":"A","date":"2018-05-03T07:57:05.000Z","volume":330000,"label":" ","price":0.33},{"type":"B","date":"2018-05-03T07:57:59.000Z","volume":720000,"label":" ","price":0.32},{"type":"A","date":"2018-05-03T07:58:09.000Z","volume":1530000,"label":" ","price":0.325},{"type":"A","date":"2018-05-03T07:58:24.000Z","volume":300000,"label":" ","price":0.325},{"type":"A","date":"2018-05-03T07:58:33.000Z","volume":30000,"label":" ","price":0.33},{"type":"A","date":"2018-05-03T07:58:51.000Z","volume":300000,"label":" ","price":0.325},{"type":"A","date":"2018-05-03T07:58:51.000Z","volume":30000,"label":" ","price":0.33},{"type":"B","date":"2018-05-03T07:59:19.000Z","volume":60000,"label":" ","price":0.32},{"type":"B","date":"2018-05-03T07:59:45.000Z","volume":30000,"label":" ","price":0.32},{"type":"A","date":"2018-05-03T07:59:50.000Z","volume":120000,"label":" ","price":0.325},{"type":"A","date":"2018-05-03T07:59:50.000Z","volume":60000,"label":" ","price":0.33}]