[{"type":"A","date":"2018-04-13T01:30:03.000Z","volume":2000,"label":" ","price":1.1},{"type":"A","date":"2018-04-13T01:31:44.000Z","volume":100000,"label":" ","price":1.1},{"type":"B","date":"2018-04-13T01:32:33.000Z","volume":10000,"label":" ","price":1.1},{"type":"B","date":"2018-04-13T01:36:10.000Z","volume":14000,"label":" ","price":1.1},{"type":"B","date":"2018-04-13T01:36:10.000Z","volume":12000,"label":"Y","price":1.1},{"type":"B","date":"2018-04-13T01:36:10.000Z","volume":2000,"label":" ","price":1.1},{"type":"B","date":"2018-04-13T01:36:27.000Z","volume":2000,"label":" ","price":1.1},{"type":"A","date":"2018-04-13T01:42:33.000Z","volume":2000,"label":" ","price":1.1},{"type":"A","date":"2018-04-13T01:44:51.000Z","volume":2000,"label":" ","price":1.1},{"type":"A","date":"2018-04-13T01:55:24.000Z","volume":206000,"label":" ","price":1.1},{"type":"B","date":"2018-04-13T01:55:24.000Z","volume":20000,"label":" ","price":1.1},{"type":"B","date":"2018-04-13T01:55:24.000Z","volume":14000,"label":" ","price":1.1},{"type":"B","date":"2018-04-13T02:01:07.000Z","volume":10000,"label":" ","price":1.1},{"type":"A","date":"2018-04-13T02:05:54.000Z","volume":282000,"label":" ","price":1.11},{"type":"A","date":"2018-04-13T02:05:54.000Z","volume":156000,"label":" ","price":1.12},{"type":"B","date":"2018-04-13T02:05:54.000Z","volume":40000,"label":" ","price":1.12},{"type":"A","date":"2018-04-13T02:06:17.000Z","volume":2000,"label":" ","price":1.13},{"type":"A","date":"2018-04-13T02:07:12.000Z","volume":36000,"label":" ","price":1.13},{"type":"B","date":"2018-04-13T02:07:12.000Z","volume":10000,"label":" ","price":1.12},{"type":"B","date":"2018-04-13T02:07:19.000Z","volume":60000,"label":" ","price":1.12},{"type":"A","date":"2018-04-13T02:09:51.000Z","volume":152000,"label":" ","price":1.12},{"type":"A","date":"2018-04-13T02:09:51.000Z","volume":2000,"label":" ","price":1.12},{"type":"B","date":"2018-04-13T02:10:18.000Z","volume":54000,"label":" ","price":1.12},{"type":"A","date":"2018-04-13T02:10:53.000Z","volume":2000,"label":" ","price":1.13},{"type":"A","date":"2018-04-13T02:11:11.000Z","volume":134000,"label":" ","price":1.12},{"type":"A","date":"2018-04-13T02:11:11.000Z","volume":12000,"label":" ","price":1.12},{"type":"A","date":"2018-04-13T02:11:11.000Z","volume":16000,"label":" ","price":1.12},{"type":"B","date":"2018-04-13T02:11:59.000Z","volume":38000,"label":" ","price":1.12},{"type":"A","date":"2018-04-13T02:17:32.000Z","volume":162000,"label":" ","price":1.12},{"type":"B","date":"2018-04-13T02:17:32.000Z","volume":38000,"label":" ","price":1.12},{"type":"U","date":"2018-04-13T02:17:38.000Z","volume":4000,"label":" ","price":1.11},{"type":"A","date":"2018-04-13T02:17:38.000Z","volume":40000,"label":" ","price":1.11},{"type":"A","date":"2018-04-13T02:17:38.000Z","volume":12000,"label":" ","price":1.11},{"type":"A","date":"2018-04-13T02:20:32.000Z","volume":2000,"label":" ","price":1.12},{"type":"B","date":"2018-04-13T02:21:58.000Z","volume":60000,"label":" ","price":1.1},{"type":"A","date":"2018-04-13T02:36:17.000Z","volume":2000,"label":" ","price":1.11},{"type":"A","date":"2018-04-13T02:44:46.000Z","volume":14000,"label":" ","price":1.11},{"type":"A","date":"2018-04-13T02:44:46.000Z","volume":172000,"label":" ","price":1.12},{"type":"B","date":"2018-04-13T02:44:48.000Z","volume":42000,"label":" ","price":1.12},{"type":"B","date":"2018-04-13T02:44:48.000Z","volume":28000,"label":" ","price":1.12},{"type":"B","date":"2018-04-13T02:45:09.000Z","volume":14000,"label":" ","price":1.12},{"type":"B","date":"2018-04-13T02:45:09.000Z","volume":10000,"label":" ","price":1.12},{"type":"B","date":"2018-04-13T02:45:09.000Z","volume":20000,"label":" ","price":1.12},{"type":"A","date":"2018-04-13T03:00:46.000Z","volume":20000,"label":" ","price":1.12},{"type":"A","date":"2018-04-13T03:02:21.000Z","volume":2000,"label":" ","price":1.12},{"type":"A","date":"2018-04-13T03:03:48.000Z","volume":146000,"label":" ","price":1.12},{"type":"A","date":"2018-04-13T03:03:48.000Z","volume":28000,"label":" ","price":1.12},{"type":"A","date":"2018-04-13T03:06:25.000Z","volume":286000,"label":" ","price":1.12},{"type":"A","date":"2018-04-13T03:06:25.000Z","volume":14000,"label":" ","price":1.12},{"type":"B","date":"2018-04-13T03:07:26.000Z","volume":12000,"label":" ","price":1.1},{"type":"B","date":"2018-04-13T03:07:26.000Z","volume":16000,"label":" ","price":1.1},{"type":"A","date":"2018-04-13T03:12:34.000Z","volume":300000,"label":" ","price":1.11},{"type":"A","date":"2018-04-13T03:12:34.000Z","volume":24000,"label":" ","price":1.11},{"type":"A","date":"2018-04-13T03:12:34.000Z","volume":24000,"label":" ","price":1.11},{"type":"A","date":"2018-04-13T03:20:17.000Z","volume":2000,"label":"Y","price":1.12},{"type":"A","date":"2018-04-13T03:25:48.000Z","volume":4000,"label":" ","price":1.12},{"type":"A","date":"2018-04-13T03:27:42.000Z","volume":50000,"label":" ","price":1.12},{"type":"A","date":"2018-04-13T03:29:29.000Z","volume":6000,"label":" ","price":1.12},{"type":"A","date":"2018-04-13T03:34:27.000Z","volume":52000,"label":" ","price":1.11},{"type":"A","date":"2018-04-13T03:34:27.000Z","volume":222000,"label":" ","price":1.12},{"type":"B","date":"2018-04-13T03:34:53.000Z","volume":12000,"label":"Y","price":1.12},{"type":"B","date":"2018-04-13T03:36:03.000Z","volume":100000,"label":" ","price":1.12},{"type":"A","date":"2018-04-13T03:39:50.000Z","volume":10000,"label":" ","price":1.13},{"type":"B","date":"2018-04-13T03:40:58.000Z","volume":60000,"label":" ","price":1.12},{"type":"B","date":"2018-04-13T03:42:38.000Z","volume":14000,"label":"Y","price":1.12},{"type":"A","date":"2018-04-13T03:45:32.000Z","volume":50000,"label":" ","price":1.12},{"type":"A","date":"2018-04-13T03:47:50.000Z","volume":12000,"label":" ","price":1.13},{"type":"A","date":"2018-04-13T03:56:36.000Z","volume":2000,"label":" ","price":1.12},{"type":"A","date":"2018-04-13T05:10:56.000Z","volume":114000,"label":" ","price":1.12},{"type":"B","date":"2018-04-13T05:12:31.000Z","volume":136000,"label":" ","price":1.12},{"type":"A","date":"2018-04-13T05:12:57.000Z","volume":2000,"label":" ","price":1.13},{"type":"A","date":"2018-04-13T05:19:25.000Z","volume":20000,"label":" ","price":1.13},{"type":"A","date":"2018-04-13T05:19:25.000Z","volume":2000,"label":" ","price":1.13},{"type":"B","date":"2018-04-13T05:44:25.000Z","volume":2000,"label":" ","price":1.11},{"type":"A","date":"2018-04-13T05:45:29.000Z","volume":6000,"label":" ","price":1.12},{"type":"B","date":"2018-04-13T05:45:41.000Z","volume":20000,"label":" ","price":1.12},{"type":"A","date":"2018-04-13T05:47:42.000Z","volume":2000,"label":" ","price":1.13},{"type":"B","date":"2018-04-13T05:55:19.000Z","volume":2000,"label":" ","price":1.12},{"type":"B","date":"2018-04-13T05:55:19.000Z","volume":48000,"label":" ","price":1.11},{"type":"B","date":"2018-04-13T06:06:17.000Z","volume":2000,"label":" ","price":1.11},{"type":"A","date":"2018-04-13T06:09:27.000Z","volume":2000,"label":" ","price":1.12},{"type":"A","date":"2018-04-13T06:15:27.000Z","volume":2000,"label":" ","price":1.12},{"type":"B","date":"2018-04-13T06:16:49.000Z","volume":2000,"label":" ","price":1.11},{"type":"B","date":"2018-04-13T06:19:14.000Z","volume":6000,"label":" ","price":1.11},{"type":"A","date":"2018-04-13T06:21:53.000Z","volume":2000,"label":" ","price":1.12},{"type":"B","date":"2018-04-13T06:30:03.000Z","volume":2000,"label":" ","price":1.11},{"type":"A","date":"2018-04-13T06:34:47.000Z","volume":2000,"label":" ","price":1.12},{"type":"A","date":"2018-04-13T06:46:02.000Z","volume":2000,"label":" ","price":1.12},{"type":"A","date":"2018-04-13T06:53:30.000Z","volume":126000,"label":" ","price":1.12},{"type":"A","date":"2018-04-13T06:53:30.000Z","volume":24000,"label":" ","price":1.13},{"type":"B","date":"2018-04-13T07:01:06.000Z","volume":76000,"label":" ","price":1.12},{"type":"B","date":"2018-04-13T07:01:06.000Z","volume":74000,"label":" ","price":1.11},{"type":"B","date":"2018-04-13T07:01:20.000Z","volume":36000,"label":" ","price":1.12},{"type":"B","date":"2018-04-13T07:01:44.000Z","volume":2000,"label":" ","price":1.12},{"type":"B","date":"2018-04-13T07:01:50.000Z","volume":14000,"label":" ","price":1.12},{"type":"A","date":"2018-04-13T07:06:12.000Z","volume":2000,"label":" ","price":1.13},{"type":"B","date":"2018-04-13T07:08:10.000Z","volume":230000,"label":" ","price":1.12},{"type":"A","date":"2018-04-13T07:13:12.000Z","volume":10000,"label":" ","price":1.12},{"type":"A","date":"2018-04-13T07:16:27.000Z","volume":2000,"label":"Y","price":1.12},{"type":"A","date":"2018-04-13T07:16:27.000Z","volume":30000,"label":" ","price":1.13},{"type":"B","date":"2018-04-13T07:18:42.000Z","volume":2000,"label":" ","price":1.12},{"type":"A","date":"2018-04-13T07:27:59.000Z","volume":12000,"label":" ","price":1.12},{"type":"B","date":"2018-04-13T07:28:32.000Z","volume":14000,"label":" ","price":1.12},{"type":"B","date":"2018-04-13T07:32:03.000Z","volume":178000,"label":" ","price":1.12},{"type":"U","date":"2018-04-13T07:32:15.000Z","volume":2000,"label":"X","price":1.125},{"type":"B","date":"2018-04-13T07:32:39.000Z","volume":32000,"label":" ","price":1.12},{"type":"B","date":"2018-04-13T07:32:39.000Z","volume":268000,"label":" ","price":1.11},{"type":"B","date":"2018-04-13T07:32:45.000Z","volume":2000,"label":" ","price":1.12},{"type":"B","date":"2018-04-13T07:32:48.000Z","volume":18000,"label":" ","price":1.12},{"type":"B","date":"2018-04-13T07:33:21.000Z","volume":80000,"label":" ","price":1.12},{"type":"B","date":"2018-04-13T07:37:32.000Z","volume":200000,"label":" ","price":1.11},{"type":"A","date":"2018-04-13T07:37:33.000Z","volume":2000,"label":" ","price":1.12},{"type":"B","date":"2018-04-13T07:39:23.000Z","volume":198000,"label":" ","price":1.11},{"type":"A","date":"2018-04-13T07:39:23.000Z","volume":8000,"label":" ","price":1.12},{"type":"B","date":"2018-04-13T07:42:08.000Z","volume":302000,"label":" ","price":1.1},{"type":"A","date":"2018-04-13T07:45:31.000Z","volume":2000,"label":" ","price":1.11},{"type":"A","date":"2018-04-13T07:45:51.000Z","volume":2000,"label":" ","price":1.11},{"type":"A","date":"2018-04-13T07:46:11.000Z","volume":2000,"label":" ","price":1.11},{"type":"A","date":"2018-04-13T07:46:51.000Z","volume":2000,"label":" ","price":1.11},{"type":"A","date":"2018-04-13T07:47:11.000Z","volume":2000,"label":" ","price":1.11},{"type":"B","date":"2018-04-13T07:49:31.000Z","volume":6000,"label":" ","price":1.11},{"type":"B","date":"2018-04-13T07:49:31.000Z","volume":294000,"label":" ","price":1.1},{"type":"A","date":"2018-04-13T07:52:03.000Z","volume":150000,"label":" ","price":1.12},{"type":"B","date":"2018-04-13T07:52:13.000Z","volume":12000,"label":" ","price":1.11},{"type":"A","date":"2018-04-13T07:52:42.000Z","volume":2000,"label":" ","price":1.11},{"type":"A","date":"2018-04-13T07:53:12.000Z","volume":2000,"label":" ","price":1.12},{"type":"B","date":"2018-04-13T07:55:08.000Z","volume":20000,"label":" ","price":1.11},{"type":"B","date":"2018-04-13T07:55:08.000Z","volume":40000,"label":" ","price":1.1},{"type":"B","date":"2018-04-13T07:55:16.000Z","volume":2000,"label":"Y","price":1.1},{"type":"B","date":"2018-04-13T07:56:16.000Z","volume":2000,"label":"Y","price":1.1},{"type":"B","date":"2018-04-13T07:59:08.000Z","volume":20000,"label":" ","price":1.1},{"type":"U","date":"2018-04-13T08:08:17.000Z","volume":6000,"label":"U","price":1.12}]