[{"type":"A","date":"2018-03-19T07:59:01.000Z","volume":20000,"price":2.32,"category":"ubbull"},{"type":"A","date":"2018-03-19T07:58:44.000Z","volume":56000,"price":2.32,"category":"ubbull"},{"type":"A","date":"2018-03-19T07:57:52.000Z","volume":70000,"price":2.32,"category":"ubbull"},{"type":"A","date":"2018-03-19T07:43:13.000Z","volume":24000,"price":2.32,"category":"ubbull"},{"type":"A","date":"2018-03-19T07:38:31.000Z","volume":20000,"price":2.32,"category":"ubbull"},{"type":"A","date":"2018-03-19T07:32:14.000Z","volume":100000,"price":2.32,"category":"ubbull"},{"type":"A","date":"2018-03-19T07:27:32.000Z","volume":25000,"price":2.32,"category":"ubbull"},{"type":"A","date":"2018-03-19T07:04:55.000Z","volume":20000,"price":2.32,"category":"ubbull"},{"type":"A","date":"2018-03-19T06:59:24.000Z","volume":50000,"price":2.32,"category":"ubbull"},{"type":"A","date":"2018-03-19T06:49:25.000Z","volume":149000,"price":2.32,"category":"ubbull"},{"type":"A","date":"2018-03-19T06:48:38.000Z","volume":20000,"price":2.32,"category":"ubbull"},{"type":"A","date":"2018-03-19T06:43:04.000Z","volume":29000,"price":2.33,"category":"ubbull"},{"type":"A","date":"2018-03-19T06:29:36.000Z","volume":100000,"price":2.34,"category":"ubbull"},{"type":"A","date":"2018-03-19T05:44:33.000Z","volume":50000,"price":2.34,"category":"ubbull"},{"type":"A","date":"2018-03-19T05:08:20.000Z","volume":30000,"price":2.34,"category":"ubbull"},{"type":"A","date":"2018-03-19T03:28:33.000Z","volume":60000,"price":2.34,"category":"ubbull"},{"type":"A","date":"2018-03-19T03:28:33.000Z","volume":40000,"price":2.34,"category":"ubbull"},{"type":"A","date":"2018-03-19T02:02:24.000Z","volume":50000,"price":2.34,"category":"ubbull"},{"type":"A","date":"2018-03-19T07:31:22.000Z","volume":9000,"price":2.32,"category":"bbull"},{"type":"A","date":"2018-03-19T07:28:49.000Z","volume":5000,"price":2.32,"category":"bbull"},{"type":"A","date":"2018-03-19T07:26:55.000Z","volume":6000,"price":2.32,"category":"bbull"},{"type":"A","date":"2018-03-19T07:24:45.000Z","volume":14000,"price":2.32,"category":"bbull"},{"type":"A","date":"2018-03-19T06:54:56.000Z","volume":10000,"price":2.32,"category":"bbull"},{"type":"A","date":"2018-03-19T06:49:55.000Z","volume":17000,"price":2.32,"category":"bbull"},{"type":"A","date":"2018-03-19T06:48:38.000Z","volume":6000,"price":2.33,"category":"bbull"},{"type":"A","date":"2018-03-19T05:19:00.000Z","volume":8000,"price":2.33,"category":"bbull"},{"type":"A","date":"2018-03-19T05:08:22.000Z","volume":12000,"price":2.33,"category":"bbull"},{"type":"A","date":"2018-03-19T03:58:35.000Z","volume":10000,"price":2.33,"category":"bbull"},{"type":"A","date":"2018-03-19T03:57:50.000Z","volume":5000,"price":2.33,"category":"bbull"},{"type":"A","date":"2018-03-19T02:59:08.000Z","volume":8000,"price":2.34,"category":"bbull"},{"type":"A","date":"2018-03-19T02:20:37.000Z","volume":9000,"price":2.33,"category":"bbull"},{"type":"A","date":"2018-03-19T02:14:12.000Z","volume":13000,"price":2.33,"category":"bbull"},{"type":"A","date":"2018-03-19T02:14:11.000Z","volume":13000,"price":2.33,"category":"bbull"},{"type":"A","date":"2018-03-19T02:06:23.000Z","volume":10000,"price":2.34,"category":"bbull"},{"type":"A","date":"2018-03-19T02:05:40.000Z","volume":10000,"price":2.34,"category":"bbull"},{"type":"A","date":"2018-03-19T02:04:48.000Z","volume":10000,"price":2.34,"category":"bbull"},{"type":"A","date":"2018-03-19T01:53:20.000Z","volume":10000,"price":2.34,"category":"bbull"},{"type":"A","date":"2018-03-19T01:45:50.000Z","volume":10000,"price":2.34,"category":"bbull"},{"type":"A","date":"2018-03-19T01:31:13.000Z","volume":17000,"price":2.36,"category":"bbull"},{"type":"A","date":"2018-03-19T01:30:35.000Z","volume":6000,"price":2.35,"category":"bbull"},{"type":"A","date":"2018-03-19T07:59:16.000Z","volume":1000,"price":2.32,"category":"rbull"},{"type":"A","date":"2018-03-19T07:58:51.000Z","volume":1000,"price":2.32,"category":"rbull"},{"type":"A","date":"2018-03-19T07:37:45.000Z","volume":1000,"price":2.32,"category":"rbull"},{"type":"A","date":"2018-03-19T07:32:44.000Z","volume":1000,"price":2.32,"category":"rbull"},{"type":"A","date":"2018-03-19T07:32:14.000Z","volume":1000,"price":2.32,"category":"rbull"},{"type":"A","date":"2018-03-19T07:27:36.000Z","volume":1000,"price":2.32,"category":"rbull"},{"type":"A","date":"2018-03-19T07:27:26.000Z","volume":1000,"price":2.32,"category":"rbull"},{"type":"A","date":"2018-03-19T07:20:26.000Z","volume":1000,"price":2.32,"category":"rbull"},{"type":"A","date":"2018-03-19T07:18:22.000Z","volume":1000,"price":2.32,"category":"rbull"},{"type":"A","date":"2018-03-19T07:18:18.000Z","volume":1000,"price":2.32,"category":"rbull"},{"type":"A","date":"2018-03-19T07:13:26.000Z","volume":1000,"price":2.32,"category":"rbull"},{"type":"A","date":"2018-03-19T07:09:36.000Z","volume":1000,"price":2.32,"category":"rbull"},{"type":"A","date":"2018-03-19T06:55:25.000Z","volume":1000,"price":2.32,"category":"rbull"},{"type":"A","date":"2018-03-19T06:32:18.000Z","volume":1000,"price":2.34,"category":"rbull"},{"type":"A","date":"2018-03-19T06:29:40.000Z","volume":1000,"price":2.34,"category":"rbull"},{"type":"A","date":"2018-03-19T06:28:54.000Z","volume":1000,"price":2.34,"category":"rbull"},{"type":"A","date":"2018-03-19T06:10:57.000Z","volume":1000,"price":2.34,"category":"rbull"},{"type":"A","date":"2018-03-19T06:10:53.000Z","volume":1000,"price":2.34,"category":"rbull"},{"type":"A","date":"2018-03-19T05:56:22.000Z","volume":1000,"price":2.34,"category":"rbull"},{"type":"A","date":"2018-03-19T05:49:33.000Z","volume":1000,"price":2.34,"category":"rbull"},{"type":"A","date":"2018-03-19T05:16:54.000Z","volume":1000,"price":2.33,"category":"rbull"},{"type":"A","date":"2018-03-19T05:08:22.000Z","volume":1000,"price":2.33,"category":"rbull"},{"type":"A","date":"2018-03-19T03:57:54.000Z","volume":1000,"price":2.33,"category":"rbull"},{"type":"A","date":"2018-03-19T03:47:27.000Z","volume":1000,"price":2.33,"category":"rbull"},{"type":"A","date":"2018-03-19T03:29:24.000Z","volume":1000,"price":2.34,"category":"rbull"},{"type":"A","date":"2018-03-19T03:28:34.000Z","volume":1000,"price":2.34,"category":"rbull"},{"type":"A","date":"2018-03-19T03:26:21.000Z","volume":1000,"price":2.34,"category":"rbull"},{"type":"A","date":"2018-03-19T03:06:50.000Z","volume":1000,"price":2.33,"category":"rbull"},{"type":"A","date":"2018-03-19T02:49:55.000Z","volume":1000,"price":2.34,"category":"rbull"},{"type":"A","date":"2018-03-19T02:46:22.000Z","volume":1000,"price":2.34,"category":"rbull"},{"type":"A","date":"2018-03-19T02:43:50.000Z","volume":1000,"price":2.34,"category":"rbull"},{"type":"A","date":"2018-03-19T02:25:51.000Z","volume":1000,"price":2.34,"category":"rbull"},{"type":"A","date":"2018-03-19T02:17:13.000Z","volume":1000,"price":2.33,"category":"rbull"},{"type":"A","date":"2018-03-19T02:17:13.000Z","volume":1000,"price":2.33,"category":"rbull"},{"type":"A","date":"2018-03-19T02:14:43.000Z","volume":1000,"price":2.33,"category":"rbull"},{"type":"A","date":"2018-03-19T02:13:06.000Z","volume":1000,"price":2.33,"category":"rbull"},{"type":"A","date":"2018-03-19T02:12:50.000Z","volume":1000,"price":2.34,"category":"rbull"},{"type":"A","date":"2018-03-19T02:03:20.000Z","volume":1000,"price":2.34,"category":"rbull"},{"type":"A","date":"2018-03-19T02:02:26.000Z","volume":1000,"price":2.34,"category":"rbull"},{"type":"A","date":"2018-03-19T01:42:03.000Z","volume":1000,"price":2.35,"category":"rbull"},{"type":"B","date":"2018-03-19T06:48:37.000Z","volume":1000,"price":2.32,"category":"rbear"},{"type":"B","date":"2018-03-19T06:48:37.000Z","volume":1000,"price":2.33,"category":"rbear"},{"type":"B","date":"2018-03-19T06:38:56.000Z","volume":1000,"price":2.33,"category":"rbear"},{"type":"B","date":"2018-03-19T05:56:57.000Z","volume":1000,"price":2.33,"category":"rbear"},{"type":"B","date":"2018-03-19T05:54:52.000Z","volume":1000,"price":2.33,"category":"rbear"},{"type":"B","date":"2018-03-19T05:52:51.000Z","volume":1000,"price":2.33,"category":"rbear"},{"type":"B","date":"2018-03-19T03:47:56.000Z","volume":1000,"price":2.32,"category":"rbear"},{"type":"B","date":"2018-03-19T03:46:18.000Z","volume":1000,"price":2.33,"category":"rbear"},{"type":"B","date":"2018-03-19T02:47:41.000Z","volume":1000,"price":2.33,"category":"rbear"},{"type":"B","date":"2018-03-19T02:43:53.000Z","volume":1000,"price":2.33,"category":"rbear"},{"type":"B","date":"2018-03-19T02:39:59.000Z","volume":1000,"price":2.33,"category":"rbear"},{"type":"B","date":"2018-03-19T02:17:15.000Z","volume":1000,"price":2.32,"category":"rbear"},{"type":"B","date":"2018-03-19T02:15:27.000Z","volume":1000,"price":2.32,"category":"rbear"},{"type":"B","date":"2018-03-19T02:09:20.000Z","volume":1000,"price":2.33,"category":"rbear"},{"type":"B","date":"2018-03-19T02:06:26.000Z","volume":1000,"price":2.33,"category":"rbear"},{"type":"B","date":"2018-03-19T01:35:11.000Z","volume":1000,"price":2.35,"category":"rbear"},{"type":"B","date":"2018-03-19T01:35:08.000Z","volume":1000,"price":2.35,"category":"rbear"},{"type":"B","date":"2018-03-19T01:30:38.000Z","volume":1000,"price":2.35,"category":"rbear"},{"type":"B","date":"2018-03-19T01:30:00.000Z","volume":1000,"price":2.34,"category":"rbear"},{"type":"B","date":"2018-03-19T07:56:05.000Z","volume":10000,"price":2.31,"category":"bbear"},{"type":"B","date":"2018-03-19T07:50:10.000Z","volume":11000,"price":2.31,"category":"bbear"},{"type":"B","date":"2018-03-19T07:48:12.000Z","volume":13000,"price":2.31,"category":"bbear"},{"type":"B","date":"2018-03-19T07:46:09.000Z","volume":12000,"price":2.31,"category":"bbear"},{"type":"B","date":"2018-03-19T07:42:25.000Z","volume":10000,"price":2.31,"category":"bbear"},{"type":"B","date":"2018-03-19T07:41:28.000Z","volume":9000,"price":2.31,"category":"bbear"},{"type":"B","date":"2018-03-19T07:40:35.000Z","volume":9000,"price":2.31,"category":"bbear"},{"type":"B","date":"2018-03-19T07:35:30.000Z","volume":13000,"price":2.31,"category":"bbear"},{"type":"B","date":"2018-03-19T07:26:23.000Z","volume":14000,"price":2.31,"category":"bbear"},{"type":"B","date":"2018-03-19T07:24:15.000Z","volume":13000,"price":2.31,"category":"bbear"},{"type":"B","date":"2018-03-19T07:18:18.000Z","volume":15000,"price":2.31,"category":"bbear"},{"type":"B","date":"2018-03-19T06:50:09.000Z","volume":14000,"price":2.31,"category":"bbear"},{"type":"B","date":"2018-03-19T06:38:57.000Z","volume":7000,"price":2.32,"category":"bbear"},{"type":"B","date":"2018-03-19T06:32:20.000Z","volume":7000,"price":2.33,"category":"bbear"},{"type":"B","date":"2018-03-19T06:29:39.000Z","volume":12000,"price":2.33,"category":"bbear"},{"type":"B","date":"2018-03-19T06:18:48.000Z","volume":11000,"price":2.33,"category":"bbear"},{"type":"B","date":"2018-03-19T06:18:10.000Z","volume":5000,"price":2.33,"category":"bbear"},{"type":"B","date":"2018-03-19T06:12:17.000Z","volume":6000,"price":2.33,"category":"bbear"},{"type":"B","date":"2018-03-19T06:11:09.000Z","volume":10000,"price":2.33,"category":"bbear"},{"type":"B","date":"2018-03-19T06:10:57.000Z","volume":9000,"price":2.33,"category":"bbear"},{"type":"B","date":"2018-03-19T06:10:54.000Z","volume":15000,"price":2.33,"category":"bbear"},{"type":"B","date":"2018-03-19T05:56:54.000Z","volume":5000,"price":2.33,"category":"bbear"},{"type":"B","date":"2018-03-19T05:54:49.000Z","volume":5000,"price":2.33,"category":"bbear"},{"type":"B","date":"2018-03-19T05:52:48.000Z","volume":6000,"price":2.33,"category":"bbear"},{"type":"B","date":"2018-03-19T05:49:39.000Z","volume":8000,"price":2.33,"category":"bbear"},{"type":"B","date":"2018-03-19T05:49:36.000Z","volume":9000,"price":2.33,"category":"bbear"},{"type":"B","date":"2018-03-19T05:49:32.000Z","volume":8000,"price":2.33,"category":"bbear"},{"type":"B","date":"2018-03-19T03:47:23.000Z","volume":5000,"price":2.32,"category":"bbear"},{"type":"B","date":"2018-03-19T03:47:21.000Z","volume":9000,"price":2.32,"category":"bbear"},{"type":"B","date":"2018-03-19T03:46:15.000Z","volume":5000,"price":2.33,"category":"bbear"},{"type":"B","date":"2018-03-19T03:43:23.000Z","volume":5000,"price":2.33,"category":"bbear"},{"type":"B","date":"2018-03-19T03:39:23.000Z","volume":7000,"price":2.33,"category":"bbear"},{"type":"B","date":"2018-03-19T03:36:09.000Z","volume":5000,"price":2.33,"category":"bbear"},{"type":"B","date":"2018-03-19T03:26:19.000Z","volume":5000,"price":2.33,"category":"bbear"},{"type":"B","date":"2018-03-19T03:05:04.000Z","volume":6000,"price":2.32,"category":"bbear"},{"type":"B","date":"2018-03-19T03:05:01.000Z","volume":11000,"price":2.32,"category":"bbear"},{"type":"B","date":"2018-03-19T03:05:00.000Z","volume":11000,"price":2.32,"category":"bbear"},{"type":"B","date":"2018-03-19T03:04:58.000Z","volume":5000,"price":2.33,"category":"bbear"},{"type":"B","date":"2018-03-19T02:48:35.000Z","volume":5000,"price":2.33,"category":"bbear"},{"type":"B","date":"2018-03-19T02:47:38.000Z","volume":7000,"price":2.33,"category":"bbear"},{"type":"B","date":"2018-03-19T02:46:52.000Z","volume":8000,"price":2.33,"category":"bbear"},{"type":"B","date":"2018-03-19T02:46:18.000Z","volume":7000,"price":2.33,"category":"bbear"},{"type":"B","date":"2018-03-19T02:41:46.000Z","volume":5000,"price":2.33,"category":"bbear"},{"type":"B","date":"2018-03-19T02:40:42.000Z","volume":7000,"price":2.33,"category":"bbear"},{"type":"B","date":"2018-03-19T02:36:30.000Z","volume":5000,"price":2.33,"category":"bbear"},{"type":"B","date":"2018-03-19T02:13:06.000Z","volume":7000,"price":2.32,"category":"bbear"},{"type":"B","date":"2018-03-19T02:02:27.000Z","volume":8000,"price":2.33,"category":"bbear"},{"type":"B","date":"2018-03-19T02:01:58.000Z","volume":5000,"price":2.33,"category":"bbear"},{"type":"B","date":"2018-03-19T01:52:41.000Z","volume":10000,"price":2.33,"category":"bbear"},{"type":"B","date":"2018-03-19T01:42:07.000Z","volume":9000,"price":2.35,"category":"bbear"},{"type":"B","date":"2018-03-19T01:35:55.000Z","volume":5000,"price":2.34,"category":"bbear"},{"type":"B","date":"2018-03-19T01:35:55.000Z","volume":5000,"price":2.34,"category":"bbear"},{"type":"B","date":"2018-03-19T01:35:53.000Z","volume":7000,"price":2.35,"category":"bbear"},{"type":"B","date":"2018-03-19T07:59:30.000Z","volume":24000,"price":2.31,"category":"ubbear"},{"type":"B","date":"2018-03-19T07:58:44.000Z","volume":30000,"price":2.31,"category":"ubbear"},{"type":"B","date":"2018-03-19T07:37:24.000Z","volume":20000,"price":2.31,"category":"ubbear"},{"type":"B","date":"2018-03-19T07:23:12.000Z","volume":18000,"price":2.31,"category":"ubbear"},{"type":"B","date":"2018-03-19T07:20:13.000Z","volume":18000,"price":2.31,"category":"ubbear"},{"type":"B","date":"2018-03-19T07:17:11.000Z","volume":22000,"price":2.31,"category":"ubbear"},{"type":"B","date":"2018-03-19T07:15:14.000Z","volume":25000,"price":2.31,"category":"ubbear"},{"type":"B","date":"2018-03-19T07:13:06.000Z","volume":25000,"price":2.31,"category":"ubbear"},{"type":"B","date":"2018-03-19T07:09:21.000Z","volume":18000,"price":2.31,"category":"ubbear"},{"type":"B","date":"2018-03-19T06:49:35.000Z","volume":100000,"price":2.31,"category":"ubbear"},{"type":"B","date":"2018-03-19T06:49:25.000Z","volume":149000,"price":2.31,"category":"ubbear"},{"type":"B","date":"2018-03-19T06:49:25.000Z","volume":51000,"price":2.32,"category":"ubbear"},{"type":"B","date":"2018-03-19T06:48:37.000Z","volume":166000,"price":2.31,"category":"ubbear"},{"type":"B","date":"2018-03-19T06:48:37.000Z","volume":251000,"price":2.32,"category":"ubbear"},{"type":"B","date":"2018-03-19T06:48:37.000Z","volume":78000,"price":2.33,"category":"ubbear"},{"type":"B","date":"2018-03-19T06:32:17.000Z","volume":40000,"price":2.33,"category":"ubbear"},{"type":"B","date":"2018-03-19T06:18:07.000Z","volume":30000,"price":2.33,"category":"ubbear"},{"type":"B","date":"2018-03-19T06:12:14.000Z","volume":33000,"price":2.33,"category":"ubbear"},{"type":"B","date":"2018-03-19T06:10:54.000Z","volume":30000,"price":2.33,"category":"ubbear"},{"type":"B","date":"2018-03-19T05:49:36.000Z","volume":40000,"price":2.33,"category":"ubbear"},{"type":"B","date":"2018-03-19T05:49:29.000Z","volume":40000,"price":2.33,"category":"ubbear"},{"type":"B","date":"2018-03-19T03:47:20.000Z","volume":28000,"price":2.33,"category":"ubbear"},{"type":"B","date":"2018-03-19T03:26:16.000Z","volume":30000,"price":2.33,"category":"ubbear"},{"type":"B","date":"2018-03-19T03:04:14.000Z","volume":20000,"price":2.33,"category":"ubbear"},{"type":"B","date":"2018-03-19T02:49:44.000Z","volume":38000,"price":2.33,"category":"ubbear"},{"type":"B","date":"2018-03-19T02:48:33.000Z","volume":30000,"price":2.33,"category":"ubbear"},{"type":"B","date":"2018-03-19T02:46:50.000Z","volume":40000,"price":2.33,"category":"ubbear"},{"type":"B","date":"2018-03-19T02:46:15.000Z","volume":40000,"price":2.33,"category":"ubbear"},{"type":"B","date":"2018-03-19T02:38:41.000Z","volume":27000,"price":2.33,"category":"ubbear"},{"type":"B","date":"2018-03-19T02:13:03.000Z","volume":36000,"price":2.33,"category":"ubbear"},{"type":"B","date":"2018-03-19T02:01:55.000Z","volume":30000,"price":2.33,"category":"ubbear"},{"type":"B","date":"2018-03-19T01:52:39.000Z","volume":28000,"price":2.34,"category":"ubbear"},{"type":"B","date":"2018-03-19T01:52:39.000Z","volume":23000,"price":2.34,"category":"ubbear"},{"type":"B","date":"2018-03-19T01:42:39.000Z","volume":25000,"price":2.34,"category":"ubbear"},{"type":"B","date":"2018-03-19T01:35:53.000Z","volume":25000,"price":2.35,"category":"ubbear"}]