[{"type":"B","date":"2018-03-22T01:30:01.000Z","volume":2000,"label":" ","price":1.05},{"type":"B","date":"2018-03-22T01:30:01.000Z","volume":2000,"label":" ","price":1.05},{"type":"A","date":"2018-03-22T01:30:03.000Z","volume":2000,"label":" ","price":1.05},{"type":"A","date":"2018-03-22T01:30:33.000Z","volume":32000,"label":" ","price":1.05},{"type":"A","date":"2018-03-22T01:31:19.000Z","volume":4000,"label":" ","price":1.05},{"type":"B","date":"2018-03-22T01:31:34.000Z","volume":2000,"label":" ","price":1.04},{"type":"A","date":"2018-03-22T01:32:47.000Z","volume":50000,"label":" ","price":1.05},{"type":"A","date":"2018-03-22T01:33:30.000Z","volume":84000,"label":" ","price":1.05},{"type":"B","date":"2018-03-22T01:34:20.000Z","volume":2000,"label":" ","price":1.05},{"type":"B","date":"2018-03-22T01:35:55.000Z","volume":4000,"label":" ","price":1.05},{"type":"B","date":"2018-03-22T01:39:49.000Z","volume":30000,"label":" ","price":1.05},{"type":"A","date":"2018-03-22T01:41:00.000Z","volume":126000,"label":" ","price":1.06},{"type":"A","date":"2018-03-22T01:41:00.000Z","volume":58000,"label":" ","price":1.06},{"type":"B","date":"2018-03-22T01:42:29.000Z","volume":2000,"label":"Y","price":1.06},{"type":"B","date":"2018-03-22T01:42:36.000Z","volume":20000,"label":" ","price":1.06},{"type":"B","date":"2018-03-22T01:42:50.000Z","volume":48000,"label":" ","price":1.06},{"type":"B","date":"2018-03-22T01:42:50.000Z","volume":18000,"label":" ","price":1.06},{"type":"A","date":"2018-03-22T01:44:12.000Z","volume":20000,"label":" ","price":1.06},{"type":"A","date":"2018-03-22T01:44:19.000Z","volume":6000,"label":" ","price":1.06},{"type":"A","date":"2018-03-22T01:44:22.000Z","volume":4000,"label":" ","price":1.06},{"type":"B","date":"2018-03-22T01:45:08.000Z","volume":10000,"label":" ","price":1.06},{"type":"B","date":"2018-03-22T01:45:15.000Z","volume":46000,"label":" ","price":1.06},{"type":"B","date":"2018-03-22T01:45:15.000Z","volume":68000,"label":" ","price":1.06},{"type":"A","date":"2018-03-22T01:47:19.000Z","volume":8000,"label":" ","price":1.06},{"type":"B","date":"2018-03-22T01:49:10.000Z","volume":4000,"label":" ","price":1.05},{"type":"B","date":"2018-03-22T01:51:51.000Z","volume":10000,"label":" ","price":1.05},{"type":"B","date":"2018-03-22T01:59:32.000Z","volume":10000,"label":" ","price":1.05},{"type":"B","date":"2018-03-22T02:00:45.000Z","volume":160000,"label":" ","price":1.05},{"type":"B","date":"2018-03-22T02:04:30.000Z","volume":50000,"label":" ","price":1.04},{"type":"B","date":"2018-03-22T02:07:19.000Z","volume":54000,"label":" ","price":1.04},{"type":"B","date":"2018-03-22T02:07:19.000Z","volume":12000,"label":" ","price":1.04},{"type":"U","date":"2018-03-22T02:07:19.000Z","volume":2000,"label":" ","price":1.04},{"type":"B","date":"2018-03-22T02:09:14.000Z","volume":20000,"label":" ","price":1.03},{"type":"A","date":"2018-03-22T02:11:02.000Z","volume":6000,"label":" ","price":1.04},{"type":"B","date":"2018-03-22T02:18:24.000Z","volume":100000,"label":" ","price":1.04},{"type":"U","date":"2018-03-22T02:18:28.000Z","volume":6000,"label":"X","price":1.045},{"type":"U","date":"2018-03-22T02:18:28.000Z","volume":10000,"label":"X","price":1.045},{"type":"A","date":"2018-03-22T02:19:16.000Z","volume":80000,"label":" ","price":1.05},{"type":"U","date":"2018-03-22T02:21:12.000Z","volume":2000,"label":"X","price":1.045},{"type":"U","date":"2018-03-22T02:23:35.000Z","volume":2000,"label":"X","price":1.045},{"type":"U","date":"2018-03-22T02:25:40.000Z","volume":2000,"label":"X","price":1.045},{"type":"A","date":"2018-03-22T02:27:05.000Z","volume":24000,"label":" ","price":1.05},{"type":"U","date":"2018-03-22T02:27:51.000Z","volume":2000,"label":"X","price":1.045},{"type":"U","date":"2018-03-22T02:30:41.000Z","volume":2000,"label":"X","price":1.045},{"type":"U","date":"2018-03-22T02:31:42.000Z","volume":2000,"label":"X","price":1.045},{"type":"U","date":"2018-03-22T02:33:32.000Z","volume":2000,"label":"X","price":1.045},{"type":"A","date":"2018-03-22T02:34:19.000Z","volume":2000,"label":" ","price":1.05},{"type":"U","date":"2018-03-22T02:35:45.000Z","volume":2000,"label":"X","price":1.045},{"type":"B","date":"2018-03-22T02:36:43.000Z","volume":100000,"label":" ","price":1.04},{"type":"B","date":"2018-03-22T02:36:43.000Z","volume":96000,"label":" ","price":1.04},{"type":"B","date":"2018-03-22T02:36:43.000Z","volume":4000,"label":" ","price":1.04},{"type":"B","date":"2018-03-22T02:39:25.000Z","volume":6000,"label":" ","price":1.04},{"type":"A","date":"2018-03-22T02:39:25.000Z","volume":2000,"label":" ","price":1.04},{"type":"A","date":"2018-03-22T02:39:31.000Z","volume":8000,"label":" ","price":1.04},{"type":"A","date":"2018-03-22T02:40:42.000Z","volume":88000,"label":" ","price":1.04},{"type":"B","date":"2018-03-22T02:42:09.000Z","volume":10000,"label":" ","price":1.04},{"type":"U","date":"2018-03-22T02:47:06.000Z","volume":2000,"label":"X","price":1.045},{"type":"U","date":"2018-03-22T02:47:06.000Z","volume":2000,"label":"X","price":1.045},{"type":"B","date":"2018-03-22T02:47:52.000Z","volume":10000,"label":" ","price":1.04},{"type":"U","date":"2018-03-22T02:49:36.000Z","volume":2000,"label":"X","price":1.045},{"type":"U","date":"2018-03-22T02:49:36.000Z","volume":2000,"label":"X","price":1.045},{"type":"A","date":"2018-03-22T02:50:35.000Z","volume":200000,"label":" ","price":1.05},{"type":"A","date":"2018-03-22T02:51:30.000Z","volume":2000,"label":" ","price":1.05},{"type":"U","date":"2018-03-22T02:51:41.000Z","volume":2000,"label":"X","price":1.045},{"type":"U","date":"2018-03-22T02:59:02.000Z","volume":2000,"label":"X","price":1.045},{"type":"U","date":"2018-03-22T03:01:32.000Z","volume":4000,"label":"X","price":1.045},{"type":"B","date":"2018-03-22T03:04:02.000Z","volume":10000,"label":" ","price":1.04},{"type":"A","date":"2018-03-22T03:04:04.000Z","volume":2000,"label":" ","price":1.05},{"type":"A","date":"2018-03-22T03:04:04.000Z","volume":2000,"label":" ","price":1.05},{"type":"U","date":"2018-03-22T03:06:37.000Z","volume":2000,"label":"X","price":1.045},{"type":"A","date":"2018-03-22T03:08:34.000Z","volume":2000,"label":" ","price":1.05},{"type":"A","date":"2018-03-22T03:09:01.000Z","volume":20000,"label":" ","price":1.05},{"type":"U","date":"2018-03-22T03:09:12.000Z","volume":2000,"label":"X","price":1.045},{"type":"U","date":"2018-03-22T03:09:12.000Z","volume":2000,"label":"X","price":1.045},{"type":"A","date":"2018-03-22T03:10:03.000Z","volume":2000,"label":" ","price":1.05},{"type":"A","date":"2018-03-22T03:12:48.000Z","volume":2000,"label":" ","price":1.05},{"type":"A","date":"2018-03-22T03:13:44.000Z","volume":4000,"label":" ","price":1.05},{"type":"U","date":"2018-03-22T03:14:21.000Z","volume":2000,"label":"X","price":1.045},{"type":"A","date":"2018-03-22T03:15:49.000Z","volume":2000,"label":" ","price":1.05},{"type":"A","date":"2018-03-22T03:16:04.000Z","volume":2000,"label":" ","price":1.05},{"type":"A","date":"2018-03-22T03:16:47.000Z","volume":2000,"label":" ","price":1.05},{"type":"U","date":"2018-03-22T03:16:57.000Z","volume":4000,"label":"X","price":1.045},{"type":"A","date":"2018-03-22T03:17:43.000Z","volume":2000,"label":" ","price":1.05},{"type":"A","date":"2018-03-22T03:18:41.000Z","volume":2000,"label":" ","price":1.05},{"type":"A","date":"2018-03-22T03:19:48.000Z","volume":2000,"label":" ","price":1.05},{"type":"A","date":"2018-03-22T03:20:52.000Z","volume":2000,"label":" ","price":1.05},{"type":"U","date":"2018-03-22T03:22:32.000Z","volume":2000,"label":"X","price":1.045},{"type":"A","date":"2018-03-22T03:23:33.000Z","volume":2000,"label":" ","price":1.05},{"type":"A","date":"2018-03-22T03:23:57.000Z","volume":2000,"label":" ","price":1.05},{"type":"A","date":"2018-03-22T03:24:49.000Z","volume":2000,"label":" ","price":1.05},{"type":"U","date":"2018-03-22T03:25:07.000Z","volume":4000,"label":"X","price":1.045},{"type":"A","date":"2018-03-22T03:25:37.000Z","volume":18000,"label":"Y","price":1.05},{"type":"A","date":"2018-03-22T03:25:37.000Z","volume":58000,"label":" ","price":1.05},{"type":"B","date":"2018-03-22T03:26:18.000Z","volume":10000,"label":"Y","price":1.05},{"type":"A","date":"2018-03-22T03:27:19.000Z","volume":2000,"label":" ","price":1.06},{"type":"U","date":"2018-03-22T03:28:22.000Z","volume":2000,"label":"X","price":1.055},{"type":"U","date":"2018-03-22T03:31:22.000Z","volume":2000,"label":"X","price":1.055},{"type":"U","date":"2018-03-22T03:33:57.000Z","volume":2000,"label":"X","price":1.055},{"type":"B","date":"2018-03-22T03:34:50.000Z","volume":36000,"label":" ","price":1.05},{"type":"U","date":"2018-03-22T03:36:57.000Z","volume":2000,"label":"X","price":1.055},{"type":"A","date":"2018-03-22T03:37:34.000Z","volume":2000,"label":" ","price":1.06},{"type":"A","date":"2018-03-22T03:39:34.000Z","volume":2000,"label":" ","price":1.06},{"type":"U","date":"2018-03-22T03:40:02.000Z","volume":2000,"label":"X","price":1.055},{"type":"A","date":"2018-03-22T03:41:49.000Z","volume":2000,"label":" ","price":1.06},{"type":"B","date":"2018-03-22T03:42:16.000Z","volume":4000,"label":" ","price":1.05},{"type":"U","date":"2018-03-22T03:43:02.000Z","volume":2000,"label":"X","price":1.055},{"type":"A","date":"2018-03-22T03:43:49.000Z","volume":2000,"label":" ","price":1.06},{"type":"A","date":"2018-03-22T03:45:19.000Z","volume":2000,"label":" ","price":1.06},{"type":"U","date":"2018-03-22T03:46:02.000Z","volume":2000,"label":"X","price":1.055},{"type":"A","date":"2018-03-22T03:46:49.000Z","volume":2000,"label":" ","price":1.06},{"type":"A","date":"2018-03-22T03:47:34.000Z","volume":30000,"label":" ","price":1.06},{"type":"A","date":"2018-03-22T03:48:49.000Z","volume":2000,"label":" ","price":1.06},{"type":"U","date":"2018-03-22T03:49:07.000Z","volume":2000,"label":"X","price":1.055},{"type":"U","date":"2018-03-22T03:52:07.000Z","volume":2000,"label":"X","price":1.055},{"type":"U","date":"2018-03-22T03:55:37.000Z","volume":2000,"label":"X","price":1.055},{"type":"A","date":"2018-03-22T03:57:48.000Z","volume":2000,"label":" ","price":1.06},{"type":"U","date":"2018-03-22T03:58:57.000Z","volume":2000,"label":"X","price":1.055},{"type":"B","date":"2018-03-22T03:59:33.000Z","volume":22000,"label":" ","price":1.05},{"type":"B","date":"2018-03-22T05:00:13.000Z","volume":44000,"label":" ","price":1.05},{"type":"A","date":"2018-03-22T05:00:13.000Z","volume":14000,"label":" ","price":1.05},{"type":"A","date":"2018-03-22T05:00:14.000Z","volume":2000,"label":" ","price":1.05},{"type":"B","date":"2018-03-22T05:04:02.000Z","volume":60000,"label":" ","price":1.04},{"type":"A","date":"2018-03-22T05:04:45.000Z","volume":50000,"label":" ","price":1.05},{"type":"U","date":"2018-03-22T05:07:38.000Z","volume":2000,"label":"X","price":1.045},{"type":"U","date":"2018-03-22T05:09:22.000Z","volume":2000,"label":"X","price":1.045},{"type":"U","date":"2018-03-22T05:09:51.000Z","volume":2000,"label":"X","price":1.045},{"type":"A","date":"2018-03-22T05:11:21.000Z","volume":210000,"label":" ","price":1.05},{"type":"A","date":"2018-03-22T05:11:21.000Z","volume":6000,"label":" ","price":1.05},{"type":"B","date":"2018-03-22T05:13:50.000Z","volume":16000,"label":" ","price":1.05},{"type":"B","date":"2018-03-22T05:13:50.000Z","volume":4000,"label":" ","price":1.05},{"type":"A","date":"2018-03-22T05:13:58.000Z","volume":8000,"label":" ","price":1.05},{"type":"A","date":"2018-03-22T05:14:02.000Z","volume":2000,"label":" ","price":1.05},{"type":"U","date":"2018-03-22T05:17:45.000Z","volume":2000,"label":"X","price":1.055},{"type":"U","date":"2018-03-22T05:18:59.000Z","volume":1200,"label":"D","price":1.02},{"type":"B","date":"2018-03-22T05:20:34.000Z","volume":6000,"label":" ","price":1.05},{"type":"B","date":"2018-03-22T05:22:06.000Z","volume":2000,"label":" ","price":1.05},{"type":"B","date":"2018-03-22T05:26:15.000Z","volume":10000,"label":" ","price":1.05},{"type":"A","date":"2018-03-22T05:26:15.000Z","volume":2000,"label":" ","price":1.05},{"type":"U","date":"2018-03-22T05:29:24.000Z","volume":4000,"label":"X","price":1.045},{"type":"U","date":"2018-03-22T05:33:07.000Z","volume":2000,"label":"X","price":1.045},{"type":"U","date":"2018-03-22T05:36:42.000Z","volume":2000,"label":"X","price":1.045},{"type":"A","date":"2018-03-22T05:39:01.000Z","volume":2000,"label":" ","price":1.05},{"type":"A","date":"2018-03-22T05:39:07.000Z","volume":2000,"label":" ","price":1.05},{"type":"U","date":"2018-03-22T05:40:02.000Z","volume":2000,"label":"X","price":1.045},{"type":"A","date":"2018-03-22T05:40:12.000Z","volume":18000,"label":" ","price":1.05},{"type":"A","date":"2018-03-22T05:40:12.000Z","volume":48000,"label":" ","price":1.05},{"type":"A","date":"2018-03-22T05:40:12.000Z","volume":20000,"label":" ","price":1.05},{"type":"U","date":"2018-03-22T05:41:32.000Z","volume":2000,"label":"X","price":1.055},{"type":"U","date":"2018-03-22T05:46:59.000Z","volume":2000,"label":"X","price":1.055},{"type":"A","date":"2018-03-22T05:47:17.000Z","volume":2000,"label":" ","price":1.06},{"type":"U","date":"2018-03-22T05:47:57.000Z","volume":2000,"label":"X","price":1.055},{"type":"B","date":"2018-03-22T05:50:17.000Z","volume":50000,"label":" ","price":1.05},{"type":"A","date":"2018-03-22T05:56:02.000Z","volume":2000,"label":" ","price":1.06},{"type":"U","date":"2018-03-22T05:56:06.000Z","volume":2000,"label":"X","price":1.055},{"type":"U","date":"2018-03-22T05:56:06.000Z","volume":2000,"label":"X","price":1.055},{"type":"U","date":"2018-03-22T05:57:42.000Z","volume":2000,"label":"X","price":1.055},{"type":"A","date":"2018-03-22T06:00:17.000Z","volume":2000,"label":" ","price":1.06},{"type":"U","date":"2018-03-22T06:00:52.000Z","volume":2000,"label":"X","price":1.055},{"type":"B","date":"2018-03-22T06:02:46.000Z","volume":10000,"label":" ","price":1.05},{"type":"A","date":"2018-03-22T06:04:17.000Z","volume":2000,"label":" ","price":1.06},{"type":"U","date":"2018-03-22T06:08:06.000Z","volume":2000,"label":"X","price":1.055},{"type":"U","date":"2018-03-22T06:08:06.000Z","volume":2000,"label":"X","price":1.055},{"type":"A","date":"2018-03-22T06:09:32.000Z","volume":2000,"label":" ","price":1.06},{"type":"U","date":"2018-03-22T06:10:02.000Z","volume":2000,"label":"X","price":1.055},{"type":"U","date":"2018-03-22T06:13:32.000Z","volume":2000,"label":"X","price":1.055},{"type":"U","date":"2018-03-22T06:16:57.000Z","volume":2000,"label":"X","price":1.055},{"type":"A","date":"2018-03-22T06:17:29.000Z","volume":476000,"label":" ","price":1.06},{"type":"A","date":"2018-03-22T06:17:29.000Z","volume":94000,"label":" ","price":1.06},{"type":"A","date":"2018-03-22T06:18:02.000Z","volume":2000,"label":" ","price":1.07},{"type":"A","date":"2018-03-22T06:18:08.000Z","volume":2000,"label":" ","price":1.07},{"type":"U","date":"2018-03-22T06:20:59.000Z","volume":2000,"label":"X","price":1.065},{"type":"A","date":"2018-03-22T06:21:16.000Z","volume":160000,"label":" ","price":1.07},{"type":"A","date":"2018-03-22T06:21:16.000Z","volume":26000,"label":" ","price":1.07},{"type":"A","date":"2018-03-22T06:21:47.000Z","volume":2000,"label":"Y","price":1.08},{"type":"B","date":"2018-03-22T06:22:00.000Z","volume":20000,"label":" ","price":1.07},{"type":"B","date":"2018-03-22T06:24:03.000Z","volume":10000,"label":" ","price":1.07},{"type":"B","date":"2018-03-22T06:24:33.000Z","volume":104000,"label":" ","price":1.07},{"type":"A","date":"2018-03-22T06:24:33.000Z","volume":80000,"label":" ","price":1.07},{"type":"A","date":"2018-03-22T06:24:33.000Z","volume":16000,"label":" ","price":1.07},{"type":"B","date":"2018-03-22T06:24:33.000Z","volume":2000,"label":" ","price":1.07},{"type":"B","date":"2018-03-22T06:24:49.000Z","volume":28000,"label":" ","price":1.07},{"type":"A","date":"2018-03-22T06:24:49.000Z","volume":142000,"label":" ","price":1.07},{"type":"A","date":"2018-03-22T06:24:49.000Z","volume":30000,"label":" ","price":1.07},{"type":"U","date":"2018-03-22T06:25:12.000Z","volume":168000,"label":" ","price":1.07},{"type":"U","date":"2018-03-22T06:25:12.000Z","volume":32000,"label":" ","price":1.07},{"type":"A","date":"2018-03-22T06:25:28.000Z","volume":168000,"label":" ","price":1.07},{"type":"A","date":"2018-03-22T06:25:28.000Z","volume":32000,"label":" ","price":1.07},{"type":"A","date":"2018-03-22T06:25:46.000Z","volume":166000,"label":" ","price":1.07},{"type":"A","date":"2018-03-22T06:25:46.000Z","volume":22000,"label":" ","price":1.07},{"type":"A","date":"2018-03-22T06:25:46.000Z","volume":12000,"label":" ","price":1.07},{"type":"A","date":"2018-03-22T06:25:47.000Z","volume":2000,"label":" ","price":1.07},{"type":"A","date":"2018-03-22T06:26:09.000Z","volume":430000,"label":" ","price":1.07},{"type":"A","date":"2018-03-22T06:26:09.000Z","volume":70000,"label":" ","price":1.07},{"type":"A","date":"2018-03-22T06:26:25.000Z","volume":210000,"label":" ","price":1.07},{"type":"A","date":"2018-03-22T06:26:26.000Z","volume":26000,"label":" ","price":1.07},{"type":"A","date":"2018-03-22T06:26:29.000Z","volume":8000,"label":" ","price":1.07},{"type":"A","date":"2018-03-22T06:26:51.000Z","volume":8000,"label":" ","price":1.07},{"type":"A","date":"2018-03-22T06:26:53.000Z","volume":8000,"label":" ","price":1.07},{"type":"A","date":"2018-03-22T06:27:05.000Z","volume":8000,"label":" ","price":1.07},{"type":"A","date":"2018-03-22T06:27:11.000Z","volume":6000,"label":" ","price":1.07},{"type":"A","date":"2018-03-22T06:27:13.000Z","volume":8000,"label":" ","price":1.07},{"type":"A","date":"2018-03-22T06:27:28.000Z","volume":8000,"label":" ","price":1.07},{"type":"A","date":"2018-03-22T06:27:49.000Z","volume":8000,"label":" ","price":1.07},{"type":"A","date":"2018-03-22T06:28:00.000Z","volume":8000,"label":" ","price":1.07},{"type":"A","date":"2018-03-22T06:28:25.000Z","volume":8000,"label":" ","price":1.07},{"type":"A","date":"2018-03-22T06:28:28.000Z","volume":8000,"label":" ","price":1.07},{"type":"A","date":"2018-03-22T06:28:48.000Z","volume":200000,"label":" ","price":1.07},{"type":"A","date":"2018-03-22T06:28:48.000Z","volume":18000,"label":" ","price":1.07},{"type":"B","date":"2018-03-22T06:30:02.000Z","volume":20000,"label":" ","price":1.07},{"type":"B","date":"2018-03-22T06:32:27.000Z","volume":50000,"label":" ","price":1.07},{"type":"B","date":"2018-03-22T06:33:36.000Z","volume":10000,"label":" ","price":1.07},{"type":"B","date":"2018-03-22T06:36:39.000Z","volume":70000,"label":" ","price":1.07},{"type":"A","date":"2018-03-22T06:37:47.000Z","volume":10000,"label":" ","price":1.08},{"type":"U","date":"2018-03-22T06:37:47.000Z","volume":2000,"label":"X","price":1.075},{"type":"U","date":"2018-03-22T06:37:47.000Z","volume":2000,"label":"X","price":1.075},{"type":"U","date":"2018-03-22T06:37:47.000Z","volume":2000,"label":"X","price":1.075},{"type":"U","date":"2018-03-22T06:38:47.000Z","volume":2000,"label":"X","price":1.075},{"type":"A","date":"2018-03-22T06:40:17.000Z","volume":2000,"label":"Y","price":1.08},{"type":"B","date":"2018-03-22T06:40:54.000Z","volume":200000,"label":" ","price":1.07},{"type":"B","date":"2018-03-22T06:42:31.000Z","volume":6000,"label":" ","price":1.07},{"type":"B","date":"2018-03-22T06:43:31.000Z","volume":6000,"label":" ","price":1.07},{"type":"B","date":"2018-03-22T06:44:34.000Z","volume":10000,"label":" ","price":1.07},{"type":"B","date":"2018-03-22T06:46:40.000Z","volume":2000,"label":" ","price":1.07},{"type":"B","date":"2018-03-22T06:49:03.000Z","volume":14000,"label":" ","price":1.07},{"type":"A","date":"2018-03-22T06:55:17.000Z","volume":2000,"label":"Y","price":1.08},{"type":"B","date":"2018-03-22T06:56:26.000Z","volume":20000,"label":" ","price":1.07},{"type":"A","date":"2018-03-22T06:57:17.000Z","volume":2000,"label":"Y","price":1.08},{"type":"A","date":"2018-03-22T06:59:32.000Z","volume":2000,"label":"Y","price":1.08},{"type":"B","date":"2018-03-22T06:59:51.000Z","volume":40000,"label":" ","price":1.07},{"type":"A","date":"2018-03-22T07:01:02.000Z","volume":2000,"label":" ","price":1.08},{"type":"A","date":"2018-03-22T07:02:17.000Z","volume":2000,"label":" ","price":1.08},{"type":"A","date":"2018-03-22T07:03:47.000Z","volume":2000,"label":" ","price":1.08},{"type":"B","date":"2018-03-22T07:05:26.000Z","volume":26000,"label":"Y","price":1.07},{"type":"A","date":"2018-03-22T07:06:47.000Z","volume":2000,"label":" ","price":1.08},{"type":"A","date":"2018-03-22T07:09:32.000Z","volume":2000,"label":" ","price":1.08},{"type":"B","date":"2018-03-22T07:11:15.000Z","volume":10000,"label":" ","price":1.07},{"type":"A","date":"2018-03-22T07:12:02.000Z","volume":2000,"label":" ","price":1.08},{"type":"B","date":"2018-03-22T07:13:20.000Z","volume":10000,"label":" ","price":1.07},{"type":"A","date":"2018-03-22T07:13:37.000Z","volume":600000,"label":" ","price":1.08},{"type":"B","date":"2018-03-22T07:14:01.000Z","volume":10000,"label":" ","price":1.07},{"type":"A","date":"2018-03-22T07:14:04.000Z","volume":46000,"label":" ","price":1.08},{"type":"A","date":"2018-03-22T07:14:08.000Z","volume":8000,"label":" ","price":1.08},{"type":"A","date":"2018-03-22T07:14:17.000Z","volume":2000,"label":" ","price":1.08},{"type":"B","date":"2018-03-22T07:14:55.000Z","volume":2000,"label":" ","price":1.07},{"type":"A","date":"2018-03-22T07:17:02.000Z","volume":2000,"label":" ","price":1.08},{"type":"A","date":"2018-03-22T07:18:12.000Z","volume":98000,"label":" ","price":1.08},{"type":"A","date":"2018-03-22T07:20:17.000Z","volume":2000,"label":" ","price":1.08},{"type":"A","date":"2018-03-22T07:21:20.000Z","volume":22000,"label":" ","price":1.08},{"type":"A","date":"2018-03-22T07:22:02.000Z","volume":98000,"label":" ","price":1.08},{"type":"A","date":"2018-03-22T07:22:02.000Z","volume":2000,"label":" ","price":1.08},{"type":"A","date":"2018-03-22T07:22:47.000Z","volume":2000,"label":" ","price":1.08},{"type":"A","date":"2018-03-22T07:23:35.000Z","volume":2000,"label":" ","price":1.08},{"type":"A","date":"2018-03-22T07:24:12.000Z","volume":320000,"label":" ","price":1.08},{"type":"A","date":"2018-03-22T07:24:17.000Z","volume":2000,"label":" ","price":1.08},{"type":"A","date":"2018-03-22T07:24:17.000Z","volume":2000,"label":" ","price":1.08},{"type":"A","date":"2018-03-22T07:24:17.000Z","volume":2000,"label":" ","price":1.08},{"type":"A","date":"2018-03-22T07:24:17.000Z","volume":2000,"label":" ","price":1.08},{"type":"A","date":"2018-03-22T07:24:17.000Z","volume":2000,"label":" ","price":1.08},{"type":"A","date":"2018-03-22T07:24:17.000Z","volume":44000,"label":" ","price":1.08},{"type":"A","date":"2018-03-22T07:24:30.000Z","volume":4000,"label":" ","price":1.08},{"type":"A","date":"2018-03-22T07:24:41.000Z","volume":2000,"label":" ","price":1.08},{"type":"A","date":"2018-03-22T07:25:09.000Z","volume":2000,"label":" ","price":1.08},{"type":"A","date":"2018-03-22T07:25:09.000Z","volume":2000,"label":" ","price":1.09},{"type":"B","date":"2018-03-22T07:27:40.000Z","volume":10000,"label":" ","price":1.08},{"type":"B","date":"2018-03-22T07:33:35.000Z","volume":20000,"label":" ","price":1.08},{"type":"B","date":"2018-03-22T07:34:07.000Z","volume":40000,"label":" ","price":1.08},{"type":"B","date":"2018-03-22T07:37:17.000Z","volume":10000,"label":" ","price":1.08},{"type":"A","date":"2018-03-22T07:38:02.000Z","volume":2000,"label":" ","price":1.09},{"type":"A","date":"2018-03-22T07:39:02.000Z","volume":2000,"label":" ","price":1.09},{"type":"A","date":"2018-03-22T07:41:27.000Z","volume":352000,"label":" ","price":1.09},{"type":"A","date":"2018-03-22T07:41:32.000Z","volume":2000,"label":" ","price":1.09},{"type":"A","date":"2018-03-22T07:41:32.000Z","volume":2000,"label":" ","price":1.09},{"type":"A","date":"2018-03-22T07:41:32.000Z","volume":2000,"label":" ","price":1.09},{"type":"A","date":"2018-03-22T07:41:41.000Z","volume":2000,"label":" ","price":1.09},{"type":"A","date":"2018-03-22T07:41:41.000Z","volume":48000,"label":" ","price":1.09},{"type":"A","date":"2018-03-22T07:41:44.000Z","volume":8000,"label":" ","price":1.09},{"type":"A","date":"2018-03-22T07:41:53.000Z","volume":2000,"label":" ","price":1.09},{"type":"B","date":"2018-03-22T07:41:56.000Z","volume":10000,"label":" ","price":1.09},{"type":"A","date":"2018-03-22T07:42:24.000Z","volume":44000,"label":" ","price":1.09},{"type":"A","date":"2018-03-22T07:42:44.000Z","volume":2000,"label":" ","price":1.09},{"type":"A","date":"2018-03-22T07:42:58.000Z","volume":24000,"label":" ","price":1.09},{"type":"A","date":"2018-03-22T07:43:37.000Z","volume":2000,"label":" ","price":1.09},{"type":"A","date":"2018-03-22T07:44:33.000Z","volume":2000,"label":" ","price":1.09},{"type":"A","date":"2018-03-22T07:44:55.000Z","volume":10000,"label":" ","price":1.09},{"type":"A","date":"2018-03-22T07:45:05.000Z","volume":4000,"label":" ","price":1.09},{"type":"A","date":"2018-03-22T07:46:32.000Z","volume":6000,"label":" ","price":1.09},{"type":"A","date":"2018-03-22T07:47:49.000Z","volume":18000,"label":" ","price":1.09},{"type":"A","date":"2018-03-22T07:47:50.000Z","volume":2000,"label":" ","price":1.09},{"type":"A","date":"2018-03-22T07:48:19.000Z","volume":6000,"label":" ","price":1.09},{"type":"A","date":"2018-03-22T07:48:19.000Z","volume":6000,"label":" ","price":1.09},{"type":"A","date":"2018-03-22T07:48:49.000Z","volume":4000,"label":" ","price":1.09},{"type":"A","date":"2018-03-22T07:49:04.000Z","volume":2000,"label":" ","price":1.09},{"type":"A","date":"2018-03-22T07:53:51.000Z","volume":4000,"label":" ","price":1.09},{"type":"A","date":"2018-03-22T07:54:21.000Z","volume":12000,"label":" ","price":1.09},{"type":"A","date":"2018-03-22T07:54:26.000Z","volume":10000,"label":" ","price":1.09},{"type":"B","date":"2018-03-22T07:54:34.000Z","volume":20000,"label":" ","price":1.08},{"type":"A","date":"2018-03-22T07:54:51.000Z","volume":12000,"label":" ","price":1.09},{"type":"A","date":"2018-03-22T07:55:21.000Z","volume":12000,"label":" ","price":1.09},{"type":"A","date":"2018-03-22T07:55:32.000Z","volume":2000,"label":" ","price":1.09},{"type":"B","date":"2018-03-22T07:55:45.000Z","volume":30000,"label":" ","price":1.08},{"type":"A","date":"2018-03-22T07:55:51.000Z","volume":6000,"label":" ","price":1.09},{"type":"A","date":"2018-03-22T07:56:21.000Z","volume":12000,"label":" ","price":1.09},{"type":"A","date":"2018-03-22T07:56:47.000Z","volume":2000,"label":" ","price":1.09},{"type":"A","date":"2018-03-22T07:56:51.000Z","volume":12000,"label":" ","price":1.09},{"type":"A","date":"2018-03-22T07:57:21.000Z","volume":12000,"label":" ","price":1.09},{"type":"A","date":"2018-03-22T07:57:51.000Z","volume":18000,"label":" ","price":1.09},{"type":"A","date":"2018-03-22T07:58:02.000Z","volume":2000,"label":" ","price":1.09},{"type":"B","date":"2018-03-22T07:58:12.000Z","volume":40000,"label":" ","price":1.08},{"type":"A","date":"2018-03-22T07:58:21.000Z","volume":12000,"label":" ","price":1.09},{"type":"B","date":"2018-03-22T07:58:33.000Z","volume":20000,"label":" ","price":1.08},{"type":"A","date":"2018-03-22T07:58:51.000Z","volume":12000,"label":" ","price":1.09},{"type":"B","date":"2018-03-22T07:58:59.000Z","volume":50000,"label":" ","price":1.08},{"type":"A","date":"2018-03-22T07:59:12.000Z","volume":2000,"label":" ","price":1.09},{"type":"A","date":"2018-03-22T07:59:21.000Z","volume":18000,"label":" ","price":1.09},{"type":"A","date":"2018-03-22T07:59:30.000Z","volume":6000,"label":" ","price":1.09},{"type":"A","date":"2018-03-22T07:59:55.000Z","volume":16000,"label":" ","price":1.09},{"type":"B","date":"2018-03-22T07:59:59.000Z","volume":30000,"label":" ","price":1.08},{"type":"U","date":"2018-03-22T08:08:15.000Z","volume":10000,"label":"U","price":1.09}]