[{"type":"B","date":"2018-04-03T01:46:03.000Z","volume":500,"label":" ","price":10.48},{"type":"B","date":"2018-04-03T01:53:05.000Z","volume":1000,"label":" ","price":10.48},{"type":"B","date":"2018-04-03T01:53:05.000Z","volume":500,"label":" ","price":10.46},{"type":"U","date":"2018-04-03T01:53:07.000Z","volume":1000,"label":" ","price":10.46},{"type":"A","date":"2018-04-03T01:53:08.000Z","volume":500,"label":"Y","price":10.52},{"type":"U","date":"2018-04-03T01:53:11.000Z","volume":500,"label":" ","price":10.46},{"type":"U","date":"2018-04-03T01:53:11.000Z","volume":500,"label":" ","price":10.46},{"type":"B","date":"2018-04-03T01:56:52.000Z","volume":500,"label":" ","price":10.4},{"type":"B","date":"2018-04-03T02:02:32.000Z","volume":3500,"label":" ","price":10.4},{"type":"B","date":"2018-04-03T02:02:32.000Z","volume":2500,"label":" ","price":10.36},{"type":"U","date":"2018-04-03T02:02:32.000Z","volume":500,"label":" ","price":10.36},{"type":"U","date":"2018-04-03T02:02:33.000Z","volume":500,"label":" ","price":10.36},{"type":"B","date":"2018-04-03T02:07:42.000Z","volume":500,"label":" ","price":10.36},{"type":"A","date":"2018-04-03T02:10:28.000Z","volume":500,"label":" ","price":10.42},{"type":"A","date":"2018-04-03T02:12:33.000Z","volume":500,"label":" ","price":10.42},{"type":"A","date":"2018-04-03T02:14:37.000Z","volume":500,"label":"Y","price":10.42},{"type":"A","date":"2018-04-03T02:16:36.000Z","volume":500,"label":" ","price":10.42},{"type":"A","date":"2018-04-03T02:16:36.000Z","volume":1000,"label":"Y","price":10.42},{"type":"B","date":"2018-04-03T02:18:04.000Z","volume":2500,"label":"Y","price":10.4},{"type":"B","date":"2018-04-03T02:18:04.000Z","volume":13000,"label":" ","price":10.4},{"type":"A","date":"2018-04-03T02:18:41.000Z","volume":500,"label":" ","price":10.42},{"type":"B","date":"2018-04-03T02:18:50.000Z","volume":2000,"label":"Y","price":10.4},{"type":"B","date":"2018-04-03T02:18:50.000Z","volume":2000,"label":" ","price":10.4},{"type":"B","date":"2018-04-03T02:18:55.000Z","volume":1000,"label":" ","price":10.4},{"type":"B","date":"2018-04-03T02:19:24.000Z","volume":500,"label":" ","price":10.38},{"type":"A","date":"2018-04-03T02:20:41.000Z","volume":500,"label":"Y","price":10.42},{"type":"A","date":"2018-04-03T02:22:46.000Z","volume":500,"label":" ","price":10.4},{"type":"A","date":"2018-04-03T02:23:03.000Z","volume":12500,"label":" ","price":10.4},{"type":"A","date":"2018-04-03T02:23:04.000Z","volume":2000,"label":" ","price":10.4},{"type":"A","date":"2018-04-03T02:23:04.000Z","volume":1500,"label":" ","price":10.4},{"type":"U","date":"2018-04-03T02:23:57.000Z","volume":500,"label":" ","price":10.38},{"type":"A","date":"2018-04-03T02:24:45.000Z","volume":500,"label":" ","price":10.4},{"type":"A","date":"2018-04-03T02:26:48.000Z","volume":500,"label":" ","price":10.4},{"type":"A","date":"2018-04-03T02:28:52.000Z","volume":500,"label":" ","price":10.4},{"type":"A","date":"2018-04-03T02:30:52.000Z","volume":500,"label":" ","price":10.4},{"type":"A","date":"2018-04-03T02:32:55.000Z","volume":500,"label":" ","price":10.4},{"type":"A","date":"2018-04-03T02:34:59.000Z","volume":500,"label":" ","price":10.4},{"type":"A","date":"2018-04-03T02:37:04.000Z","volume":500,"label":" ","price":10.4},{"type":"A","date":"2018-04-03T02:39:04.000Z","volume":500,"label":" ","price":10.4},{"type":"B","date":"2018-04-03T02:39:26.000Z","volume":500,"label":" ","price":10.38},{"type":"B","date":"2018-04-03T02:40:11.000Z","volume":500,"label":" ","price":10.38},{"type":"A","date":"2018-04-03T02:41:04.000Z","volume":500,"label":" ","price":10.4},{"type":"B","date":"2018-04-03T02:41:26.000Z","volume":500,"label":" ","price":10.38},{"type":"A","date":"2018-04-03T02:43:02.000Z","volume":500,"label":" ","price":10.4},{"type":"A","date":"2018-04-03T02:43:02.000Z","volume":8000,"label":" ","price":10.4},{"type":"A","date":"2018-04-03T02:43:02.000Z","volume":1500,"label":" ","price":10.4},{"type":"A","date":"2018-04-03T02:43:02.000Z","volume":1500,"label":" ","price":10.4},{"type":"A","date":"2018-04-03T02:43:07.000Z","volume":500,"label":" ","price":10.46},{"type":"B","date":"2018-04-03T02:44:26.000Z","volume":500,"label":" ","price":10.38},{"type":"A","date":"2018-04-03T02:45:15.000Z","volume":500,"label":" ","price":10.46},{"type":"A","date":"2018-04-03T02:47:15.000Z","volume":500,"label":" ","price":10.46},{"type":"A","date":"2018-04-03T02:49:12.000Z","volume":500,"label":" ","price":10.46},{"type":"A","date":"2018-04-03T02:51:20.000Z","volume":500,"label":" ","price":10.46},{"type":"A","date":"2018-04-03T02:53:25.000Z","volume":500,"label":" ","price":10.46},{"type":"A","date":"2018-04-03T02:55:25.000Z","volume":500,"label":" ","price":10.46},{"type":"A","date":"2018-04-03T02:55:47.000Z","volume":500,"label":" ","price":10.46},{"type":"A","date":"2018-04-03T02:56:32.000Z","volume":500,"label":" ","price":10.44},{"type":"A","date":"2018-04-03T02:56:32.000Z","volume":500,"label":" ","price":10.44},{"type":"A","date":"2018-04-03T02:57:25.000Z","volume":500,"label":" ","price":10.46},{"type":"A","date":"2018-04-03T02:59:28.000Z","volume":500,"label":" ","price":10.46},{"type":"A","date":"2018-04-03T03:01:32.000Z","volume":500,"label":" ","price":10.46},{"type":"A","date":"2018-04-03T03:03:36.000Z","volume":500,"label":" ","price":10.46},{"type":"A","date":"2018-04-03T03:05:32.000Z","volume":500,"label":" ","price":10.46},{"type":"A","date":"2018-04-03T03:07:36.000Z","volume":500,"label":" ","price":10.44},{"type":"A","date":"2018-04-03T03:09:41.000Z","volume":500,"label":" ","price":10.44},{"type":"A","date":"2018-04-03T03:11:40.000Z","volume":500,"label":" ","price":10.46},{"type":"A","date":"2018-04-03T03:13:44.000Z","volume":500,"label":" ","price":10.46},{"type":"U","date":"2018-04-03T03:14:37.000Z","volume":500,"label":" ","price":10.42},{"type":"A","date":"2018-04-03T03:15:47.000Z","volume":500,"label":" ","price":10.46},{"type":"A","date":"2018-04-03T03:17:51.000Z","volume":500,"label":" ","price":10.46},{"type":"B","date":"2018-04-03T03:17:51.000Z","volume":3500,"label":" ","price":10.4},{"type":"B","date":"2018-04-03T03:18:08.000Z","volume":1500,"label":" ","price":10.4},{"type":"A","date":"2018-04-03T03:19:48.000Z","volume":500,"label":" ","price":10.44},{"type":"A","date":"2018-04-03T03:19:49.000Z","volume":500,"label":" ","price":10.44},{"type":"A","date":"2018-04-03T03:21:52.000Z","volume":500,"label":" ","price":10.46},{"type":"A","date":"2018-04-03T03:23:56.000Z","volume":500,"label":" ","price":10.46},{"type":"A","date":"2018-04-03T03:25:56.000Z","volume":500,"label":" ","price":10.46},{"type":"A","date":"2018-04-03T03:28:00.000Z","volume":500,"label":" ","price":10.46},{"type":"B","date":"2018-04-03T03:28:01.000Z","volume":3500,"label":" ","price":10.4},{"type":"A","date":"2018-04-03T03:29:07.000Z","volume":500,"label":" ","price":10.42},{"type":"A","date":"2018-04-03T03:30:05.000Z","volume":500,"label":" ","price":10.44},{"type":"A","date":"2018-04-03T03:32:05.000Z","volume":500,"label":" ","price":10.44},{"type":"A","date":"2018-04-03T03:34:08.000Z","volume":500,"label":" ","price":10.44},{"type":"A","date":"2018-04-03T03:36:12.000Z","volume":500,"label":" ","price":10.44},{"type":"A","date":"2018-04-03T03:38:17.000Z","volume":500,"label":" ","price":10.44},{"type":"A","date":"2018-04-03T03:40:21.000Z","volume":500,"label":" ","price":10.42},{"type":"A","date":"2018-04-03T03:40:21.000Z","volume":500,"label":" ","price":10.42},{"type":"A","date":"2018-04-03T03:42:20.000Z","volume":500,"label":" ","price":10.42},{"type":"U","date":"2018-04-03T03:42:38.000Z","volume":4500,"label":" ","price":10.4},{"type":"B","date":"2018-04-03T03:42:40.000Z","volume":4500,"label":" ","price":10.4},{"type":"B","date":"2018-04-03T03:42:40.000Z","volume":500,"label":" ","price":10.4},{"type":"B","date":"2018-04-03T03:42:40.000Z","volume":500,"label":" ","price":10.4},{"type":"B","date":"2018-04-03T03:42:45.000Z","volume":500,"label":" ","price":10.4},{"type":"A","date":"2018-04-03T03:43:22.000Z","volume":500,"label":" ","price":10.44},{"type":"A","date":"2018-04-03T03:44:16.000Z","volume":500,"label":" ","price":10.44},{"type":"A","date":"2018-04-03T03:46:21.000Z","volume":500,"label":" ","price":10.44},{"type":"A","date":"2018-04-03T03:48:24.000Z","volume":500,"label":" ","price":10.44},{"type":"A","date":"2018-04-03T03:50:28.000Z","volume":500,"label":" ","price":10.44},{"type":"A","date":"2018-04-03T03:52:32.000Z","volume":500,"label":" ","price":10.42},{"type":"A","date":"2018-04-03T03:54:37.000Z","volume":500,"label":" ","price":10.44},{"type":"A","date":"2018-04-03T03:56:36.000Z","volume":500,"label":" ","price":10.44},{"type":"A","date":"2018-04-03T03:58:33.000Z","volume":500,"label":" ","price":10.44},{"type":"A","date":"2018-04-03T05:00:35.000Z","volume":500,"label":" ","price":10.44},{"type":"A","date":"2018-04-03T05:02:39.000Z","volume":500,"label":" ","price":10.44},{"type":"A","date":"2018-04-03T05:04:39.000Z","volume":500,"label":" ","price":10.44},{"type":"A","date":"2018-04-03T05:06:44.000Z","volume":500,"label":" ","price":10.44},{"type":"B","date":"2018-04-03T05:06:47.000Z","volume":500,"label":" ","price":10.42},{"type":"B","date":"2018-04-03T05:06:47.000Z","volume":500,"label":" ","price":10.42},{"type":"A","date":"2018-04-03T05:08:44.000Z","volume":500,"label":" ","price":10.42},{"type":"A","date":"2018-04-03T05:10:49.000Z","volume":500,"label":" ","price":10.42},{"type":"A","date":"2018-04-03T05:12:49.000Z","volume":500,"label":" ","price":10.42},{"type":"B","date":"2018-04-03T05:13:59.000Z","volume":500,"label":" ","price":10.4},{"type":"A","date":"2018-04-03T05:14:52.000Z","volume":500,"label":" ","price":10.42},{"type":"A","date":"2018-04-03T05:15:34.000Z","volume":500,"label":" ","price":10.42},{"type":"A","date":"2018-04-03T05:16:52.000Z","volume":500,"label":" ","price":10.42},{"type":"B","date":"2018-04-03T05:17:37.000Z","volume":500,"label":" ","price":10.4},{"type":"A","date":"2018-04-03T05:18:55.000Z","volume":500,"label":" ","price":10.42},{"type":"A","date":"2018-04-03T05:20:59.000Z","volume":500,"label":" ","price":10.42},{"type":"A","date":"2018-04-03T05:23:02.000Z","volume":500,"label":" ","price":10.42},{"type":"A","date":"2018-04-03T05:25:01.000Z","volume":500,"label":" ","price":10.42},{"type":"A","date":"2018-04-03T05:27:01.000Z","volume":500,"label":" ","price":10.42},{"type":"B","date":"2018-04-03T05:28:26.000Z","volume":500,"label":" ","price":10.4},{"type":"A","date":"2018-04-03T05:29:05.000Z","volume":500,"label":" ","price":10.42},{"type":"A","date":"2018-04-03T05:31:10.000Z","volume":500,"label":" ","price":10.44},{"type":"A","date":"2018-04-03T05:33:14.000Z","volume":500,"label":" ","price":10.44},{"type":"A","date":"2018-04-03T05:35:14.000Z","volume":500,"label":" ","price":10.44},{"type":"A","date":"2018-04-03T05:37:17.000Z","volume":500,"label":" ","price":10.44},{"type":"A","date":"2018-04-03T05:39:21.000Z","volume":500,"label":" ","price":10.44},{"type":"A","date":"2018-04-03T05:41:21.000Z","volume":500,"label":" ","price":10.44},{"type":"A","date":"2018-04-03T05:43:25.000Z","volume":500,"label":" ","price":10.44},{"type":"A","date":"2018-04-03T05:45:29.000Z","volume":500,"label":" ","price":10.42},{"type":"A","date":"2018-04-03T05:47:24.000Z","volume":500,"label":" ","price":10.42},{"type":"A","date":"2018-04-03T05:47:32.000Z","volume":500,"label":" ","price":10.44},{"type":"A","date":"2018-04-03T05:49:32.000Z","volume":500,"label":" ","price":10.44},{"type":"A","date":"2018-04-03T05:51:37.000Z","volume":500,"label":" ","price":10.44},{"type":"A","date":"2018-04-03T05:53:31.000Z","volume":500,"label":" ","price":10.44},{"type":"A","date":"2018-04-03T05:55:35.000Z","volume":500,"label":" ","price":10.42},{"type":"A","date":"2018-04-03T05:57:40.000Z","volume":500,"label":" ","price":10.44},{"type":"B","date":"2018-04-03T05:59:31.000Z","volume":500,"label":" ","price":10.4},{"type":"A","date":"2018-04-03T05:59:40.000Z","volume":500,"label":" ","price":10.44},{"type":"A","date":"2018-04-03T06:01:43.000Z","volume":500,"label":" ","price":10.44},{"type":"A","date":"2018-04-03T06:03:43.000Z","volume":500,"label":" ","price":10.44},{"type":"A","date":"2018-04-03T06:05:47.000Z","volume":500,"label":" ","price":10.44},{"type":"A","date":"2018-04-03T06:07:50.000Z","volume":500,"label":" ","price":10.42},{"type":"A","date":"2018-04-03T06:09:48.000Z","volume":500,"label":" ","price":10.44},{"type":"B","date":"2018-04-03T06:10:08.000Z","volume":500,"label":" ","price":10.4},{"type":"B","date":"2018-04-03T06:11:44.000Z","volume":500,"label":" ","price":10.4},{"type":"A","date":"2018-04-03T06:11:52.000Z","volume":500,"label":" ","price":10.44},{"type":"A","date":"2018-04-03T06:13:52.000Z","volume":500,"label":" ","price":10.44},{"type":"B","date":"2018-04-03T06:15:16.000Z","volume":1500,"label":" ","price":10.4},{"type":"A","date":"2018-04-03T06:15:17.000Z","volume":500,"label":" ","price":10.44},{"type":"A","date":"2018-04-03T06:15:56.000Z","volume":500,"label":" ","price":10.44},{"type":"A","date":"2018-04-03T06:18:01.000Z","volume":500,"label":" ","price":10.42},{"type":"A","date":"2018-04-03T06:20:01.000Z","volume":500,"label":" ","price":10.42},{"type":"B","date":"2018-04-03T06:21:49.000Z","volume":5000,"label":" ","price":10.4},{"type":"A","date":"2018-04-03T06:22:01.000Z","volume":500,"label":" ","price":10.42},{"type":"B","date":"2018-04-03T06:22:34.000Z","volume":500,"label":" ","price":10.4},{"type":"A","date":"2018-04-03T06:24:05.000Z","volume":500,"label":" ","price":10.42},{"type":"A","date":"2018-04-03T06:26:05.000Z","volume":500,"label":" ","price":10.44},{"type":"B","date":"2018-04-03T06:26:05.000Z","volume":1500,"label":" ","price":10.4},{"type":"A","date":"2018-04-03T06:26:17.000Z","volume":500,"label":" ","price":10.44},{"type":"A","date":"2018-04-03T06:27:08.000Z","volume":5000,"label":" ","price":10.44},{"type":"A","date":"2018-04-03T06:28:08.000Z","volume":500,"label":" ","price":10.42},{"type":"A","date":"2018-04-03T06:30:12.000Z","volume":500,"label":" ","price":10.44},{"type":"A","date":"2018-04-03T06:32:16.000Z","volume":500,"label":" ","price":10.44},{"type":"B","date":"2018-04-03T06:33:23.000Z","volume":500,"label":" ","price":10.4},{"type":"A","date":"2018-04-03T06:34:12.000Z","volume":500,"label":" ","price":10.44},{"type":"B","date":"2018-04-03T06:36:02.000Z","volume":500,"label":" ","price":10.4},{"type":"A","date":"2018-04-03T06:36:21.000Z","volume":500,"label":" ","price":10.44},{"type":"A","date":"2018-04-03T06:38:19.000Z","volume":500,"label":" ","price":10.44},{"type":"B","date":"2018-04-03T06:38:19.000Z","volume":1000,"label":" ","price":10.4},{"type":"A","date":"2018-04-03T06:38:32.000Z","volume":500,"label":" ","price":10.44},{"type":"A","date":"2018-04-03T06:40:18.000Z","volume":500,"label":" ","price":10.44},{"type":"A","date":"2018-04-03T06:42:28.000Z","volume":500,"label":" ","price":10.44},{"type":"B","date":"2018-04-03T06:44:13.000Z","volume":500,"label":" ","price":10.4},{"type":"A","date":"2018-04-03T06:44:24.000Z","volume":500,"label":" ","price":10.44},{"type":"A","date":"2018-04-03T06:46:24.000Z","volume":500,"label":" ","price":10.44},{"type":"A","date":"2018-04-03T06:48:33.000Z","volume":500,"label":" ","price":10.44},{"type":"A","date":"2018-04-03T06:50:33.000Z","volume":500,"label":" ","price":10.42},{"type":"B","date":"2018-04-03T06:50:33.000Z","volume":500,"label":" ","price":10.4},{"type":"A","date":"2018-04-03T06:52:37.000Z","volume":500,"label":" ","price":10.42},{"type":"A","date":"2018-04-03T06:54:37.000Z","volume":500,"label":" ","price":10.44},{"type":"B","date":"2018-04-03T06:55:02.000Z","volume":500,"label":" ","price":10.4},{"type":"A","date":"2018-04-03T06:56:41.000Z","volume":500,"label":" ","price":10.44},{"type":"A","date":"2018-04-03T06:58:46.000Z","volume":500,"label":" ","price":10.44},{"type":"A","date":"2018-04-03T07:00:43.000Z","volume":500,"label":" ","price":10.44},{"type":"A","date":"2018-04-03T07:02:30.000Z","volume":7500,"label":" ","price":10.44},{"type":"A","date":"2018-04-03T07:02:30.000Z","volume":500,"label":" ","price":10.44},{"type":"A","date":"2018-04-03T07:02:32.000Z","volume":500,"label":" ","price":10.44},{"type":"A","date":"2018-04-03T07:02:32.000Z","volume":1000,"label":" ","price":10.44},{"type":"A","date":"2018-04-03T07:02:43.000Z","volume":500,"label":" ","price":10.44},{"type":"A","date":"2018-04-03T07:04:47.000Z","volume":500,"label":" ","price":10.44},{"type":"B","date":"2018-04-03T07:05:52.000Z","volume":500,"label":" ","price":10.42},{"type":"A","date":"2018-04-03T07:06:51.000Z","volume":500,"label":" ","price":10.44},{"type":"A","date":"2018-04-03T07:07:02.000Z","volume":500,"label":" ","price":10.44},{"type":"B","date":"2018-04-03T07:08:56.000Z","volume":2000,"label":" ","price":10.42},{"type":"B","date":"2018-04-03T07:09:43.000Z","volume":10000,"label":" ","price":10.42},{"type":"B","date":"2018-04-03T07:09:44.000Z","volume":2000,"label":" ","price":10.42},{"type":"A","date":"2018-04-03T07:10:54.000Z","volume":500,"label":" ","price":10.44},{"type":"A","date":"2018-04-03T07:12:54.000Z","volume":500,"label":" ","price":10.44},{"type":"A","date":"2018-04-03T07:14:59.000Z","volume":500,"label":" ","price":10.44},{"type":"B","date":"2018-04-03T07:16:42.000Z","volume":500,"label":" ","price":10.42},{"type":"A","date":"2018-04-03T07:16:59.000Z","volume":500,"label":" ","price":10.44},{"type":"A","date":"2018-04-03T07:19:04.000Z","volume":500,"label":" ","price":10.44},{"type":"B","date":"2018-04-03T07:19:04.000Z","volume":2000,"label":" ","price":10.42},{"type":"A","date":"2018-04-03T07:19:17.000Z","volume":500,"label":" ","price":10.44},{"type":"A","date":"2018-04-03T07:21:04.000Z","volume":500,"label":" ","price":10.44},{"type":"A","date":"2018-04-03T07:23:04.000Z","volume":500,"label":" ","price":10.44},{"type":"B","date":"2018-04-03T07:23:32.000Z","volume":500,"label":" ","price":10.42},{"type":"A","date":"2018-04-03T07:25:12.000Z","volume":500,"label":" ","price":10.44},{"type":"A","date":"2018-04-03T07:26:35.000Z","volume":7000,"label":" ","price":10.44},{"type":"A","date":"2018-04-03T07:27:10.000Z","volume":500,"label":" ","price":10.44},{"type":"A","date":"2018-04-03T07:27:17.000Z","volume":500,"label":" ","price":10.44},{"type":"B","date":"2018-04-03T07:27:31.000Z","volume":500,"label":" ","price":10.42},{"type":"A","date":"2018-04-03T07:29:09.000Z","volume":500,"label":" ","price":10.44},{"type":"A","date":"2018-04-03T07:31:14.000Z","volume":500,"label":" ","price":10.44},{"type":"A","date":"2018-04-03T07:33:18.000Z","volume":500,"label":" ","price":10.44},{"type":"A","date":"2018-04-03T07:35:20.000Z","volume":500,"label":" ","price":10.44},{"type":"A","date":"2018-04-03T07:35:20.000Z","volume":500,"label":" ","price":10.44},{"type":"B","date":"2018-04-03T07:35:20.000Z","volume":2000,"label":" ","price":10.42},{"type":"B","date":"2018-04-03T07:35:39.000Z","volume":500,"label":" ","price":10.42},{"type":"A","date":"2018-04-03T07:37:21.000Z","volume":500,"label":" ","price":10.44},{"type":"B","date":"2018-04-03T07:38:21.000Z","volume":500,"label":" ","price":10.42},{"type":"B","date":"2018-04-03T07:38:32.000Z","volume":500,"label":" ","price":10.42},{"type":"A","date":"2018-04-03T07:39:21.000Z","volume":500,"label":" ","price":10.44},{"type":"B","date":"2018-04-03T07:42:27.000Z","volume":47000,"label":" ","price":10.42},{"type":"B","date":"2018-04-03T07:42:27.000Z","volume":2000,"label":" ","price":10.42},{"type":"A","date":"2018-04-03T07:42:29.000Z","volume":500,"label":" ","price":10.44},{"type":"B","date":"2018-04-03T07:42:29.000Z","volume":2000,"label":" ","price":10.42},{"type":"B","date":"2018-04-03T07:42:32.000Z","volume":500,"label":" ","price":10.42},{"type":"B","date":"2018-04-03T07:44:12.000Z","volume":10000,"label":" ","price":10.42},{"type":"A","date":"2018-04-03T07:44:25.000Z","volume":500,"label":" ","price":10.44},{"type":"B","date":"2018-04-03T07:44:25.000Z","volume":10000,"label":" ","price":10.42},{"type":"B","date":"2018-04-03T07:44:57.000Z","volume":10000,"label":" ","price":10.42},{"type":"B","date":"2018-04-03T07:47:37.000Z","volume":10000,"label":" ","price":10.42},{"type":"B","date":"2018-04-03T07:49:03.000Z","volume":500,"label":" ","price":10.42},{"type":"B","date":"2018-04-03T07:49:10.000Z","volume":500,"label":" ","price":10.42},{"type":"B","date":"2018-04-03T07:50:03.000Z","volume":500,"label":" ","price":10.42},{"type":"B","date":"2018-04-03T07:50:33.000Z","volume":500,"label":" ","price":10.42},{"type":"B","date":"2018-04-03T07:51:53.000Z","volume":40500,"label":" ","price":10.42},{"type":"B","date":"2018-04-03T07:51:53.000Z","volume":2000,"label":" ","price":10.4},{"type":"B","date":"2018-04-03T07:51:55.000Z","volume":500,"label":" ","price":10.4},{"type":"B","date":"2018-04-03T07:52:03.000Z","volume":500,"label":" ","price":10.42},{"type":"A","date":"2018-04-03T07:52:14.000Z","volume":500,"label":" ","price":10.44},{"type":"B","date":"2018-04-03T07:52:14.000Z","volume":10000,"label":" ","price":10.42},{"type":"B","date":"2018-04-03T07:52:15.000Z","volume":500,"label":" ","price":10.42},{"type":"B","date":"2018-04-03T07:52:30.000Z","volume":10000,"label":" ","price":10.42},{"type":"B","date":"2018-04-03T07:52:33.000Z","volume":1000,"label":" ","price":10.42},{"type":"B","date":"2018-04-03T07:53:10.000Z","volume":500,"label":" ","price":10.42},{"type":"A","date":"2018-04-03T07:53:23.000Z","volume":500,"label":" ","price":10.44},{"type":"B","date":"2018-04-03T07:53:33.000Z","volume":500,"label":" ","price":10.42},{"type":"A","date":"2018-04-03T07:54:23.000Z","volume":500,"label":" ","price":10.44},{"type":"B","date":"2018-04-03T07:54:33.000Z","volume":500,"label":" ","price":10.42},{"type":"B","date":"2018-04-03T07:55:10.000Z","volume":500,"label":" ","price":10.42},{"type":"A","date":"2018-04-03T07:55:27.000Z","volume":500,"label":" ","price":10.44},{"type":"B","date":"2018-04-03T07:55:33.000Z","volume":500,"label":" ","price":10.42},{"type":"B","date":"2018-04-03T07:56:03.000Z","volume":500,"label":" ","price":10.42},{"type":"B","date":"2018-04-03T07:56:10.000Z","volume":500,"label":" ","price":10.42},{"type":"A","date":"2018-04-03T07:56:27.000Z","volume":500,"label":" ","price":10.44},{"type":"B","date":"2018-04-03T07:57:03.000Z","volume":500,"label":" ","price":10.42},{"type":"B","date":"2018-04-03T07:57:34.000Z","volume":500,"label":" ","price":10.42},{"type":"A","date":"2018-04-03T07:57:34.000Z","volume":500,"label":" ","price":10.44},{"type":"A","date":"2018-04-03T07:58:00.000Z","volume":500,"label":" ","price":10.44},{"type":"A","date":"2018-04-03T07:58:39.000Z","volume":500,"label":" ","price":10.44},{"type":"A","date":"2018-04-03T07:58:55.000Z","volume":10500,"label":" ","price":10.44},{"type":"A","date":"2018-04-03T07:59:11.000Z","volume":500,"label":" ","price":10.44},{"type":"B","date":"2018-04-03T07:59:14.000Z","volume":10000,"label":" ","price":10.42},{"type":"B","date":"2018-04-03T07:59:30.000Z","volume":500,"label":" ","price":10.42},{"type":"B","date":"2018-04-03T07:59:36.000Z","volume":233000,"label":" ","price":10.42},{"type":"B","date":"2018-04-03T07:59:37.000Z","volume":2000,"label":" ","price":10.4},{"type":"B","date":"2018-04-03T07:59:38.000Z","volume":2000,"label":" ","price":10.4},{"type":"A","date":"2018-04-03T07:59:39.000Z","volume":500,"label":" ","price":10.44},{"type":"A","date":"2018-04-03T07:59:42.000Z","volume":500,"label":" ","price":10.44},{"type":"B","date":"2018-04-03T07:59:43.000Z","volume":500,"label":" ","price":10.38},{"type":"B","date":"2018-04-03T07:59:45.000Z","volume":1500,"label":" ","price":10.38},{"type":"B","date":"2018-04-03T07:59:55.000Z","volume":500,"label":"Y","price":10.38},{"type":"B","date":"2018-04-03T07:59:56.000Z","volume":500,"label":" ","price":10.38},{"type":"B","date":"2018-04-03T07:59:57.000Z","volume":500,"label":" ","price":10.38}]