[{"type":"U","date":"2018-03-28T01:00:29.000Z","volume":200000,"label":"P","price":10.59},{"type":"B","date":"2018-03-28T01:30:53.000Z","volume":500,"label":" ","price":10.46},{"type":"B","date":"2018-03-28T01:31:06.000Z","volume":5000,"label":" ","price":10.46},{"type":"U","date":"2018-03-28T01:32:03.000Z","volume":500,"label":" ","price":10.46},{"type":"U","date":"2018-03-28T01:32:21.000Z","volume":500,"label":" ","price":10.46},{"type":"B","date":"2018-03-28T01:32:35.000Z","volume":500,"label":" ","price":10.4},{"type":"B","date":"2018-03-28T01:34:40.000Z","volume":500,"label":" ","price":10.4},{"type":"B","date":"2018-03-28T01:36:50.000Z","volume":500,"label":" ","price":10.42},{"type":"B","date":"2018-03-28T01:39:15.000Z","volume":500,"label":" ","price":10.42},{"type":"B","date":"2018-03-28T01:39:40.000Z","volume":500,"label":" ","price":10.44},{"type":"B","date":"2018-03-28T01:41:35.000Z","volume":500,"label":" ","price":10.44},{"type":"A","date":"2018-03-28T01:41:53.000Z","volume":500,"label":" ","price":10.46},{"type":"B","date":"2018-03-28T01:44:00.000Z","volume":500,"label":" ","price":10.44},{"type":"A","date":"2018-03-28T01:44:43.000Z","volume":2000,"label":" ","price":10.46},{"type":"B","date":"2018-03-28T01:54:15.000Z","volume":500,"label":" ","price":10.48},{"type":"B","date":"2018-03-28T01:56:45.000Z","volume":500,"label":" ","price":10.48},{"type":"B","date":"2018-03-28T01:56:45.000Z","volume":500,"label":" ","price":10.48},{"type":"B","date":"2018-03-28T02:02:05.000Z","volume":500,"label":" ","price":10.46},{"type":"B","date":"2018-03-28T02:04:40.000Z","volume":500,"label":" ","price":10.5},{"type":"A","date":"2018-03-28T02:06:09.000Z","volume":500,"label":" ","price":10.52},{"type":"B","date":"2018-03-28T02:07:16.000Z","volume":500,"label":" ","price":10.5},{"type":"B","date":"2018-03-28T02:07:35.000Z","volume":500,"label":" ","price":10.5},{"type":"B","date":"2018-03-28T02:07:35.000Z","volume":500,"label":" ","price":10.5},{"type":"B","date":"2018-03-28T02:10:17.000Z","volume":500,"label":" ","price":10.5},{"type":"A","date":"2018-03-28T02:10:18.000Z","volume":500,"label":" ","price":10.52},{"type":"B","date":"2018-03-28T02:12:20.000Z","volume":500,"label":" ","price":10.5},{"type":"B","date":"2018-03-28T02:13:18.000Z","volume":500,"label":" ","price":10.48},{"type":"B","date":"2018-03-28T02:13:18.000Z","volume":1000,"label":" ","price":10.48},{"type":"B","date":"2018-03-28T02:16:19.000Z","volume":500,"label":" ","price":10.48},{"type":"B","date":"2018-03-28T02:19:15.000Z","volume":500,"label":" ","price":10.48},{"type":"A","date":"2018-03-28T02:19:15.000Z","volume":500,"label":" ","price":10.52},{"type":"B","date":"2018-03-28T02:19:20.000Z","volume":500,"label":" ","price":10.48},{"type":"A","date":"2018-03-28T02:20:13.000Z","volume":500,"label":" ","price":10.52},{"type":"B","date":"2018-03-28T02:22:21.000Z","volume":500,"label":" ","price":10.5},{"type":"B","date":"2018-03-28T02:22:21.000Z","volume":1000,"label":" ","price":10.5},{"type":"A","date":"2018-03-28T02:22:31.000Z","volume":500,"label":" ","price":10.52},{"type":"A","date":"2018-03-28T02:22:31.000Z","volume":500,"label":" ","price":10.52},{"type":"B","date":"2018-03-28T02:25:22.000Z","volume":500,"label":" ","price":10.5},{"type":"B","date":"2018-03-28T02:28:23.000Z","volume":500,"label":" ","price":10.5},{"type":"B","date":"2018-03-28T02:28:23.000Z","volume":1000,"label":" ","price":10.5},{"type":"B","date":"2018-03-28T02:31:24.000Z","volume":500,"label":" ","price":10.48},{"type":"A","date":"2018-03-28T02:31:25.000Z","volume":500,"label":" ","price":10.52},{"type":"B","date":"2018-03-28T02:31:25.000Z","volume":500,"label":" ","price":10.48},{"type":"A","date":"2018-03-28T02:31:38.000Z","volume":500,"label":" ","price":10.52},{"type":"B","date":"2018-03-28T02:34:25.000Z","volume":500,"label":" ","price":10.48},{"type":"B","date":"2018-03-28T02:37:26.000Z","volume":500,"label":" ","price":10.5},{"type":"B","date":"2018-03-28T02:37:55.000Z","volume":1000,"label":" ","price":10.5},{"type":"A","date":"2018-03-28T02:37:55.000Z","volume":500,"label":" ","price":10.52},{"type":"A","date":"2018-03-28T02:38:40.000Z","volume":500,"label":" ","price":10.52},{"type":"B","date":"2018-03-28T02:40:27.000Z","volume":500,"label":" ","price":10.46},{"type":"B","date":"2018-03-28T02:43:28.000Z","volume":500,"label":" ","price":10.46},{"type":"B","date":"2018-03-28T02:46:25.000Z","volume":500,"label":" ","price":10.46},{"type":"B","date":"2018-03-28T02:46:29.000Z","volume":500,"label":" ","price":10.46},{"type":"B","date":"2018-03-28T02:49:30.000Z","volume":500,"label":" ","price":10.46},{"type":"A","date":"2018-03-28T02:49:30.000Z","volume":500,"label":" ","price":10.52},{"type":"B","date":"2018-03-28T02:52:31.000Z","volume":500,"label":" ","price":10.46},{"type":"B","date":"2018-03-28T02:53:35.000Z","volume":500,"label":" ","price":10.46},{"type":"B","date":"2018-03-28T02:55:32.000Z","volume":500,"label":" ","price":10.46},{"type":"B","date":"2018-03-28T02:57:30.000Z","volume":500,"label":" ","price":10.46},{"type":"B","date":"2018-03-28T02:58:08.000Z","volume":500,"label":" ","price":10.48},{"type":"A","date":"2018-03-28T02:58:08.000Z","volume":500,"label":"Y","price":10.5},{"type":"B","date":"2018-03-28T02:58:33.000Z","volume":500,"label":" ","price":10.46},{"type":"B","date":"2018-03-28T03:01:25.000Z","volume":500,"label":" ","price":10.46},{"type":"B","date":"2018-03-28T03:01:34.000Z","volume":500,"label":" ","price":10.46},{"type":"B","date":"2018-03-28T03:04:35.000Z","volume":500,"label":" ","price":10.46},{"type":"B","date":"2018-03-28T03:05:05.000Z","volume":500,"label":" ","price":10.46},{"type":"B","date":"2018-03-28T03:07:36.000Z","volume":500,"label":" ","price":10.46},{"type":"A","date":"2018-03-28T03:07:37.000Z","volume":500,"label":" ","price":10.5},{"type":"B","date":"2018-03-28T03:09:05.000Z","volume":500,"label":" ","price":10.46},{"type":"B","date":"2018-03-28T03:09:05.000Z","volume":500,"label":" ","price":10.46},{"type":"B","date":"2018-03-28T03:12:23.000Z","volume":500,"label":" ","price":10.46},{"type":"B","date":"2018-03-28T03:13:38.000Z","volume":500,"label":" ","price":10.44},{"type":"A","date":"2018-03-28T03:15:21.000Z","volume":500,"label":" ","price":10.5},{"type":"B","date":"2018-03-28T03:17:15.000Z","volume":500,"label":" ","price":10.44},{"type":"A","date":"2018-03-28T03:17:17.000Z","volume":500,"label":" ","price":10.5},{"type":"B","date":"2018-03-28T03:21:00.000Z","volume":500,"label":" ","price":10.44},{"type":"B","date":"2018-03-28T03:22:41.000Z","volume":500,"label":" ","price":10.44},{"type":"B","date":"2018-03-28T03:25:10.000Z","volume":500,"label":" ","price":10.44},{"type":"B","date":"2018-03-28T03:25:10.000Z","volume":500,"label":" ","price":10.44},{"type":"B","date":"2018-03-28T03:25:42.000Z","volume":500,"label":" ","price":10.44},{"type":"A","date":"2018-03-28T03:25:42.000Z","volume":500,"label":" ","price":10.5},{"type":"B","date":"2018-03-28T03:28:43.000Z","volume":500,"label":" ","price":10.42},{"type":"B","date":"2018-03-28T03:31:44.000Z","volume":500,"label":" ","price":10.42},{"type":"B","date":"2018-03-28T03:34:45.000Z","volume":500,"label":" ","price":10.44},{"type":"B","date":"2018-03-28T03:37:46.000Z","volume":500,"label":" ","price":10.46},{"type":"B","date":"2018-03-28T03:38:05.000Z","volume":500,"label":" ","price":10.46},{"type":"B","date":"2018-03-28T03:40:47.000Z","volume":500,"label":" ","price":10.46},{"type":"A","date":"2018-03-28T03:40:50.000Z","volume":500,"label":" ","price":10.5},{"type":"A","date":"2018-03-28T03:41:42.000Z","volume":500,"label":" ","price":10.5},{"type":"B","date":"2018-03-28T03:43:48.000Z","volume":500,"label":" ","price":10.46},{"type":"B","date":"2018-03-28T03:46:49.000Z","volume":500,"label":" ","price":10.46},{"type":"B","date":"2018-03-28T03:47:00.000Z","volume":500,"label":" ","price":10.46},{"type":"B","date":"2018-03-28T03:49:50.000Z","volume":500,"label":" ","price":10.46},{"type":"B","date":"2018-03-28T03:51:40.000Z","volume":500,"label":" ","price":10.46},{"type":"A","date":"2018-03-28T03:51:41.000Z","volume":500,"label":"Y","price":10.5},{"type":"B","date":"2018-03-28T03:52:51.000Z","volume":500,"label":" ","price":10.46},{"type":"B","date":"2018-03-28T03:52:51.000Z","volume":500,"label":" ","price":10.46},{"type":"A","date":"2018-03-28T03:53:23.000Z","volume":500,"label":" ","price":10.5},{"type":"A","date":"2018-03-28T03:55:52.000Z","volume":13000,"label":" ","price":10.5},{"type":"A","date":"2018-03-28T03:55:52.000Z","volume":3000,"label":" ","price":10.5},{"type":"A","date":"2018-03-28T03:55:52.000Z","volume":500,"label":"Y","price":10.52},{"type":"A","date":"2018-03-28T03:55:54.000Z","volume":1000,"label":"Y","price":10.56},{"type":"A","date":"2018-03-28T03:55:54.000Z","volume":1000,"label":" ","price":10.56},{"type":"A","date":"2018-03-28T05:01:13.000Z","volume":500,"label":" ","price":10.56},{"type":"B","date":"2018-03-28T05:08:51.000Z","volume":500,"label":" ","price":10.52},{"type":"B","date":"2018-03-28T05:11:48.000Z","volume":500,"label":" ","price":10.52},{"type":"B","date":"2018-03-28T05:14:45.000Z","volume":500,"label":" ","price":10.54},{"type":"B","date":"2018-03-28T05:17:42.000Z","volume":500,"label":" ","price":10.54},{"type":"A","date":"2018-03-28T05:17:46.000Z","volume":500,"label":"Y","price":10.56},{"type":"A","date":"2018-03-28T05:19:02.000Z","volume":500,"label":" ","price":10.56},{"type":"B","date":"2018-03-28T05:19:02.000Z","volume":1000,"label":" ","price":10.54},{"type":"B","date":"2018-03-28T05:20:39.000Z","volume":500,"label":" ","price":10.54},{"type":"B","date":"2018-03-28T05:23:36.000Z","volume":500,"label":" ","price":10.52},{"type":"B","date":"2018-03-28T05:23:40.000Z","volume":500,"label":" ","price":10.52},{"type":"A","date":"2018-03-28T05:23:44.000Z","volume":500,"label":" ","price":10.56},{"type":"B","date":"2018-03-28T05:26:33.000Z","volume":500,"label":" ","price":10.52},{"type":"B","date":"2018-03-28T05:29:30.000Z","volume":500,"label":" ","price":10.52},{"type":"B","date":"2018-03-28T05:32:27.000Z","volume":500,"label":" ","price":10.52},{"type":"B","date":"2018-03-28T05:34:15.000Z","volume":500,"label":" ","price":10.52},{"type":"B","date":"2018-03-28T05:35:24.000Z","volume":500,"label":" ","price":10.5},{"type":"A","date":"2018-03-28T05:35:24.000Z","volume":500,"label":" ","price":10.56},{"type":"A","date":"2018-03-28T05:35:24.000Z","volume":500,"label":"Y","price":10.56},{"type":"B","date":"2018-03-28T05:38:21.000Z","volume":500,"label":" ","price":10.5},{"type":"B","date":"2018-03-28T05:38:50.000Z","volume":500,"label":" ","price":10.5},{"type":"B","date":"2018-03-28T05:39:14.000Z","volume":20000,"label":" ","price":10.5},{"type":"A","date":"2018-03-28T05:39:14.000Z","volume":3500,"label":" ","price":10.5},{"type":"B","date":"2018-03-28T05:41:18.000Z","volume":500,"label":" ","price":10.48},{"type":"B","date":"2018-03-28T05:43:40.000Z","volume":500,"label":" ","price":10.48},{"type":"B","date":"2018-03-28T05:44:15.000Z","volume":500,"label":" ","price":10.48},{"type":"B","date":"2018-03-28T05:47:12.000Z","volume":500,"label":" ","price":10.48},{"type":"B","date":"2018-03-28T05:48:15.000Z","volume":500,"label":" ","price":10.48},{"type":"A","date":"2018-03-28T05:49:40.000Z","volume":3500,"label":" ","price":10.5},{"type":"B","date":"2018-03-28T05:50:09.000Z","volume":500,"label":" ","price":10.48},{"type":"A","date":"2018-03-28T05:51:35.000Z","volume":4000,"label":" ","price":10.5},{"type":"B","date":"2018-03-28T05:52:55.000Z","volume":500,"label":" ","price":10.48},{"type":"B","date":"2018-03-28T05:53:06.000Z","volume":500,"label":" ","price":10.48},{"type":"A","date":"2018-03-28T05:54:47.000Z","volume":500,"label":" ","price":10.5},{"type":"B","date":"2018-03-28T05:56:03.000Z","volume":500,"label":" ","price":10.48},{"type":"B","date":"2018-03-28T05:57:35.000Z","volume":500,"label":" ","price":10.48},{"type":"B","date":"2018-03-28T05:59:00.000Z","volume":500,"label":" ","price":10.48},{"type":"A","date":"2018-03-28T06:00:00.000Z","volume":3000,"label":" ","price":10.5},{"type":"A","date":"2018-03-28T06:01:40.000Z","volume":3500,"label":" ","price":10.5},{"type":"B","date":"2018-03-28T06:01:57.000Z","volume":500,"label":" ","price":10.48},{"type":"B","date":"2018-03-28T06:01:59.000Z","volume":500,"label":" ","price":10.48},{"type":"A","date":"2018-03-28T06:02:24.000Z","volume":29000,"label":"Y","price":10.5},{"type":"A","date":"2018-03-28T06:02:24.000Z","volume":23500,"label":" ","price":10.5},{"type":"A","date":"2018-03-28T06:02:26.000Z","volume":5500,"label":" ","price":10.54},{"type":"A","date":"2018-03-28T06:02:47.000Z","volume":500,"label":" ","price":10.54},{"type":"A","date":"2018-03-28T06:03:15.000Z","volume":500,"label":" ","price":10.54},{"type":"B","date":"2018-03-28T06:05:21.000Z","volume":500,"label":" ","price":10.52},{"type":"B","date":"2018-03-28T06:06:51.000Z","volume":500,"label":" ","price":10.52},{"type":"B","date":"2018-03-28T06:10:16.000Z","volume":500,"label":" ","price":10.52},{"type":"B","date":"2018-03-28T06:13:45.000Z","volume":500,"label":" ","price":10.52},{"type":"B","date":"2018-03-28T06:16:42.000Z","volume":500,"label":" ","price":10.52},{"type":"B","date":"2018-03-28T06:17:29.000Z","volume":6000,"label":"Y","price":10.52},{"type":"B","date":"2018-03-28T06:17:29.000Z","volume":15000,"label":" ","price":10.52},{"type":"A","date":"2018-03-28T06:17:29.000Z","volume":500,"label":" ","price":10.52},{"type":"A","date":"2018-03-28T06:19:15.000Z","volume":500,"label":" ","price":10.52},{"type":"B","date":"2018-03-28T06:19:39.000Z","volume":500,"label":" ","price":10.5},{"type":"A","date":"2018-03-28T06:20:55.000Z","volume":500,"label":" ","price":10.52},{"type":"B","date":"2018-03-28T06:22:36.000Z","volume":500,"label":" ","price":10.5},{"type":"B","date":"2018-03-28T06:25:33.000Z","volume":500,"label":" ","price":10.5},{"type":"B","date":"2018-03-28T06:28:30.000Z","volume":500,"label":" ","price":10.5},{"type":"B","date":"2018-03-28T06:28:55.000Z","volume":500,"label":" ","price":10.5},{"type":"A","date":"2018-03-28T06:30:02.000Z","volume":500,"label":" ","price":10.52},{"type":"B","date":"2018-03-28T06:31:27.000Z","volume":500,"label":" ","price":10.5},{"type":"B","date":"2018-03-28T06:33:25.000Z","volume":500,"label":" ","price":10.5},{"type":"B","date":"2018-03-28T06:34:24.000Z","volume":500,"label":" ","price":10.5},{"type":"B","date":"2018-03-28T06:37:21.000Z","volume":500,"label":" ","price":10.5},{"type":"B","date":"2018-03-28T06:37:25.000Z","volume":500,"label":" ","price":10.5},{"type":"A","date":"2018-03-28T06:37:46.000Z","volume":500,"label":" ","price":10.52},{"type":"A","date":"2018-03-28T06:38:31.000Z","volume":25000,"label":" ","price":10.52},{"type":"A","date":"2018-03-28T06:38:46.000Z","volume":1000,"label":" ","price":10.52},{"type":"A","date":"2018-03-28T06:39:23.000Z","volume":500,"label":"Y","price":10.52},{"type":"A","date":"2018-03-28T06:39:23.000Z","volume":1500,"label":" ","price":10.52},{"type":"A","date":"2018-03-28T06:39:32.000Z","volume":2000,"label":" ","price":10.52},{"type":"A","date":"2018-03-28T06:39:49.000Z","volume":2000,"label":" ","price":10.52},{"type":"B","date":"2018-03-28T06:49:09.000Z","volume":500,"label":" ","price":10.5},{"type":"B","date":"2018-03-28T06:52:06.000Z","volume":500,"label":" ","price":10.5},{"type":"A","date":"2018-03-28T06:52:47.000Z","volume":500,"label":" ","price":10.52},{"type":"B","date":"2018-03-28T06:55:03.000Z","volume":500,"label":" ","price":10.5},{"type":"B","date":"2018-03-28T06:55:23.000Z","volume":500,"label":" ","price":10.5},{"type":"A","date":"2018-03-28T06:56:47.000Z","volume":500,"label":" ","price":10.52},{"type":"A","date":"2018-03-28T06:57:58.000Z","volume":500,"label":"Y","price":10.52},{"type":"B","date":"2018-03-28T06:58:00.000Z","volume":500,"label":" ","price":10.5},{"type":"B","date":"2018-03-28T06:58:05.000Z","volume":500,"label":" ","price":10.5},{"type":"B","date":"2018-03-28T07:00:39.000Z","volume":500,"label":" ","price":10.5},{"type":"B","date":"2018-03-28T07:00:57.000Z","volume":500,"label":" ","price":10.5},{"type":"B","date":"2018-03-28T07:02:00.000Z","volume":500,"label":" ","price":10.5},{"type":"A","date":"2018-03-28T07:02:47.000Z","volume":500,"label":" ","price":10.52},{"type":"B","date":"2018-03-28T07:03:54.000Z","volume":500,"label":" ","price":10.5},{"type":"A","date":"2018-03-28T07:04:47.000Z","volume":500,"label":" ","price":10.52},{"type":"A","date":"2018-03-28T07:06:27.000Z","volume":500,"label":"Y","price":10.52},{"type":"B","date":"2018-03-28T07:06:51.000Z","volume":500,"label":" ","price":10.5},{"type":"B","date":"2018-03-28T07:09:48.000Z","volume":500,"label":" ","price":10.5},{"type":"B","date":"2018-03-28T07:10:05.000Z","volume":500,"label":" ","price":10.5},{"type":"A","date":"2018-03-28T07:10:47.000Z","volume":500,"label":"Y","price":10.52},{"type":"B","date":"2018-03-28T07:12:45.000Z","volume":500,"label":" ","price":10.5},{"type":"B","date":"2018-03-28T07:14:15.000Z","volume":500,"label":" ","price":10.5},{"type":"A","date":"2018-03-28T07:14:27.000Z","volume":500,"label":"Y","price":10.52},{"type":"B","date":"2018-03-28T07:15:42.000Z","volume":500,"label":" ","price":10.5},{"type":"B","date":"2018-03-28T07:17:25.000Z","volume":500,"label":" ","price":10.5},{"type":"A","date":"2018-03-28T07:17:47.000Z","volume":500,"label":" ","price":10.52},{"type":"B","date":"2018-03-28T07:17:47.000Z","volume":500,"label":" ","price":10.5},{"type":"B","date":"2018-03-28T07:17:50.000Z","volume":500,"label":" ","price":10.5},{"type":"A","date":"2018-03-28T07:21:07.000Z","volume":500,"label":" ","price":10.52},{"type":"B","date":"2018-03-28T07:21:36.000Z","volume":500,"label":" ","price":10.5},{"type":"A","date":"2018-03-28T07:24:07.000Z","volume":500,"label":" ","price":10.52},{"type":"B","date":"2018-03-28T07:25:15.000Z","volume":500,"label":" ","price":10.5},{"type":"A","date":"2018-03-28T07:27:27.000Z","volume":500,"label":" ","price":10.52},{"type":"B","date":"2018-03-28T07:28:55.000Z","volume":500,"label":" ","price":10.5},{"type":"B","date":"2018-03-28T07:29:23.000Z","volume":500,"label":" ","price":10.5},{"type":"B","date":"2018-03-28T07:30:27.000Z","volume":500,"label":" ","price":10.5},{"type":"A","date":"2018-03-28T07:30:27.000Z","volume":500,"label":" ","price":10.52},{"type":"A","date":"2018-03-28T07:33:01.000Z","volume":500,"label":" ","price":10.52},{"type":"B","date":"2018-03-28T07:33:24.000Z","volume":500,"label":" ","price":10.5},{"type":"A","date":"2018-03-28T07:34:06.000Z","volume":500,"label":" ","price":10.52},{"type":"B","date":"2018-03-28T07:36:00.000Z","volume":500,"label":" ","price":10.5},{"type":"A","date":"2018-03-28T07:36:07.000Z","volume":500,"label":" ","price":10.52},{"type":"B","date":"2018-03-28T07:36:21.000Z","volume":500,"label":" ","price":10.5},{"type":"B","date":"2018-03-28T07:37:01.000Z","volume":500,"label":" ","price":10.5},{"type":"A","date":"2018-03-28T07:39:02.000Z","volume":500,"label":" ","price":10.52},{"type":"B","date":"2018-03-28T07:39:18.000Z","volume":500,"label":" ","price":10.5},{"type":"B","date":"2018-03-28T07:39:20.000Z","volume":500,"label":" ","price":10.5},{"type":"A","date":"2018-03-28T07:40:38.000Z","volume":500,"label":" ","price":10.52},{"type":"A","date":"2018-03-28T07:41:40.000Z","volume":500,"label":" ","price":10.52},{"type":"B","date":"2018-03-28T07:42:15.000Z","volume":500,"label":" ","price":10.5},{"type":"B","date":"2018-03-28T07:42:30.000Z","volume":500,"label":" ","price":10.5},{"type":"A","date":"2018-03-28T07:44:00.000Z","volume":500,"label":" ","price":10.52},{"type":"B","date":"2018-03-28T07:45:12.000Z","volume":500,"label":" ","price":10.5},{"type":"B","date":"2018-03-28T07:45:25.000Z","volume":500,"label":" ","price":10.5},{"type":"A","date":"2018-03-28T07:46:00.000Z","volume":500,"label":" ","price":10.52},{"type":"A","date":"2018-03-28T07:48:07.000Z","volume":500,"label":" ","price":10.52},{"type":"B","date":"2018-03-28T07:48:07.000Z","volume":500,"label":" ","price":10.5},{"type":"B","date":"2018-03-28T07:48:09.000Z","volume":500,"label":" ","price":10.5},{"type":"A","date":"2018-03-28T07:48:20.000Z","volume":500,"label":" ","price":10.52},{"type":"A","date":"2018-03-28T07:48:37.000Z","volume":500,"label":" ","price":10.52},{"type":"B","date":"2018-03-28T07:49:13.000Z","volume":8000,"label":"Y","price":10.5},{"type":"B","date":"2018-03-28T07:49:13.000Z","volume":392000,"label":" ","price":10.5},{"type":"B","date":"2018-03-28T07:49:23.000Z","volume":1000,"label":" ","price":10.48},{"type":"B","date":"2018-03-28T07:50:35.000Z","volume":500,"label":" ","price":10.5},{"type":"B","date":"2018-03-28T07:51:06.000Z","volume":500,"label":" ","price":10.5},{"type":"B","date":"2018-03-28T07:51:06.000Z","volume":500,"label":" ","price":10.5},{"type":"B","date":"2018-03-28T07:53:00.000Z","volume":500,"label":" ","price":10.5},{"type":"B","date":"2018-03-28T07:54:03.000Z","volume":500,"label":" ","price":10.5},{"type":"B","date":"2018-03-28T07:54:03.000Z","volume":500,"label":" ","price":10.5},{"type":"B","date":"2018-03-28T07:55:15.000Z","volume":500,"label":" ","price":10.5},{"type":"B","date":"2018-03-28T07:57:00.000Z","volume":500,"label":" ","price":10.5},{"type":"B","date":"2018-03-28T07:57:30.000Z","volume":500,"label":" ","price":10.5},{"type":"B","date":"2018-03-28T07:57:50.000Z","volume":500,"label":" ","price":10.5},{"type":"B","date":"2018-03-28T07:57:54.000Z","volume":500,"label":" ","price":10.5},{"type":"A","date":"2018-03-28T07:58:00.000Z","volume":500,"label":" ","price":10.52},{"type":"B","date":"2018-03-28T07:58:15.000Z","volume":500,"label":" ","price":10.5},{"type":"B","date":"2018-03-28T07:58:54.000Z","volume":500,"label":" ","price":10.5},{"type":"A","date":"2018-03-28T07:59:07.000Z","volume":500,"label":" ","price":10.52},{"type":"A","date":"2018-03-28T07:59:08.000Z","volume":500,"label":" ","price":10.52},{"type":"B","date":"2018-03-28T07:59:23.000Z","volume":500,"label":" ","price":10.5},{"type":"B","date":"2018-03-28T07:59:26.000Z","volume":500,"label":" ","price":10.5},{"type":"B","date":"2018-03-28T07:59:30.000Z","volume":500,"label":" ","price":10.5},{"type":"A","date":"2018-03-28T07:59:35.000Z","volume":500,"label":" ","price":10.52}]