[{"type":"U","date":"2018-04-20T01:20:00.000Z","volume":10000,"label":"U","price":1.06},{"type":"B","date":"2018-04-20T01:33:02.000Z","volume":2000,"label":" ","price":1.06},{"type":"A","date":"2018-04-20T01:33:59.000Z","volume":2000,"label":" ","price":1.07},{"type":"B","date":"2018-04-20T01:34:02.000Z","volume":2000,"label":" ","price":1.06},{"type":"A","date":"2018-04-20T01:40:05.000Z","volume":2000,"label":" ","price":1.07},{"type":"B","date":"2018-04-20T01:40:17.000Z","volume":2000,"label":" ","price":1.06},{"type":"A","date":"2018-04-20T01:40:58.000Z","volume":4000,"label":" ","price":1.07},{"type":"B","date":"2018-04-20T01:41:02.000Z","volume":2000,"label":" ","price":1.06},{"type":"A","date":"2018-04-20T01:46:00.000Z","volume":4000,"label":" ","price":1.07},{"type":"B","date":"2018-04-20T01:46:02.000Z","volume":2000,"label":" ","price":1.06},{"type":"A","date":"2018-04-20T01:46:55.000Z","volume":4000,"label":" ","price":1.07},{"type":"B","date":"2018-04-20T01:47:02.000Z","volume":4000,"label":" ","price":1.06},{"type":"A","date":"2018-04-20T01:49:57.000Z","volume":2000,"label":" ","price":1.07},{"type":"A","date":"2018-04-20T01:52:05.000Z","volume":8000,"label":" ","price":1.08},{"type":"B","date":"2018-04-20T01:52:17.000Z","volume":6000,"label":" ","price":1.07},{"type":"B","date":"2018-04-20T01:56:29.000Z","volume":12000,"label":" ","price":1.07},{"type":"B","date":"2018-04-20T01:56:30.000Z","volume":6000,"label":" ","price":1.06},{"type":"B","date":"2018-04-20T01:56:30.000Z","volume":2000,"label":" ","price":1.06},{"type":"A","date":"2018-04-20T01:59:05.000Z","volume":12000,"label":" ","price":1.07},{"type":"B","date":"2018-04-20T01:59:06.000Z","volume":8000,"label":" ","price":1.06},{"type":"A","date":"2018-04-20T02:10:52.000Z","volume":4000,"label":" ","price":1.07},{"type":"B","date":"2018-04-20T02:10:53.000Z","volume":2000,"label":" ","price":1.06},{"type":"A","date":"2018-04-20T02:14:05.000Z","volume":10000,"label":" ","price":1.07},{"type":"B","date":"2018-04-20T02:14:05.000Z","volume":2000,"label":" ","price":1.06},{"type":"B","date":"2018-04-20T02:14:05.000Z","volume":2000,"label":" ","price":1.06},{"type":"A","date":"2018-04-20T02:20:00.000Z","volume":6000,"label":" ","price":1.07},{"type":"A","date":"2018-04-20T02:26:05.000Z","volume":6000,"label":" ","price":1.07},{"type":"B","date":"2018-04-20T02:26:05.000Z","volume":2000,"label":" ","price":1.06},{"type":"A","date":"2018-04-20T02:27:00.000Z","volume":2000,"label":" ","price":1.07},{"type":"A","date":"2018-04-20T02:32:00.000Z","volume":6000,"label":" ","price":1.07},{"type":"B","date":"2018-04-20T02:32:00.000Z","volume":2000,"label":" ","price":1.06},{"type":"A","date":"2018-04-20T02:38:05.000Z","volume":2000,"label":" ","price":1.08},{"type":"A","date":"2018-04-20T02:48:10.000Z","volume":8000,"label":" ","price":1.08},{"type":"B","date":"2018-04-20T02:48:11.000Z","volume":6000,"label":" ","price":1.07},{"type":"A","date":"2018-04-20T02:54:10.000Z","volume":2000,"label":" ","price":1.08},{"type":"B","date":"2018-04-20T02:54:11.000Z","volume":2000,"label":" ","price":1.07},{"type":"A","date":"2018-04-20T03:00:05.000Z","volume":4000,"label":" ","price":1.08},{"type":"B","date":"2018-04-20T03:00:06.000Z","volume":2000,"label":" ","price":1.07},{"type":"A","date":"2018-04-20T03:12:05.000Z","volume":2000,"label":" ","price":1.08},{"type":"B","date":"2018-04-20T03:12:06.000Z","volume":2000,"label":" ","price":1.07},{"type":"A","date":"2018-04-20T03:15:50.000Z","volume":2000,"label":" ","price":1.08},{"type":"A","date":"2018-04-20T03:18:05.000Z","volume":2000,"label":" ","price":1.08},{"type":"B","date":"2018-04-20T03:18:06.000Z","volume":2000,"label":" ","price":1.07},{"type":"A","date":"2018-04-20T03:24:00.000Z","volume":10000,"label":" ","price":1.08},{"type":"B","date":"2018-04-20T03:24:01.000Z","volume":6000,"label":" ","price":1.07},{"type":"B","date":"2018-04-20T03:29:18.000Z","volume":18000,"label":" ","price":1.07},{"type":"B","date":"2018-04-20T03:29:19.000Z","volume":2000,"label":" ","price":1.07},{"type":"B","date":"2018-04-20T03:29:19.000Z","volume":2000,"label":" ","price":1.06},{"type":"B","date":"2018-04-20T03:29:19.000Z","volume":2000,"label":" ","price":1.06},{"type":"B","date":"2018-04-20T03:29:19.000Z","volume":2000,"label":" ","price":1.06},{"type":"B","date":"2018-04-20T03:29:19.000Z","volume":2000,"label":" ","price":1.06},{"type":"B","date":"2018-04-20T03:29:19.000Z","volume":2000,"label":" ","price":1.06},{"type":"B","date":"2018-04-20T03:41:06.000Z","volume":2000,"label":" ","price":1.06},{"type":"B","date":"2018-04-20T03:41:07.000Z","volume":2000,"label":" ","price":1.06},{"type":"A","date":"2018-04-20T03:41:50.000Z","volume":2000,"label":" ","price":1.07},{"type":"B","date":"2018-04-20T03:41:51.000Z","volume":2000,"label":" ","price":1.06},{"type":"A","date":"2018-04-20T03:47:45.000Z","volume":10000,"label":" ","price":1.07},{"type":"A","date":"2018-04-20T03:53:55.000Z","volume":6000,"label":" ","price":1.08},{"type":"B","date":"2018-04-20T03:53:56.000Z","volume":4000,"label":" ","price":1.06},{"type":"B","date":"2018-04-20T05:04:08.000Z","volume":20000,"label":" ","price":1.07},{"type":"B","date":"2018-04-20T05:04:09.000Z","volume":12000,"label":" ","price":1.06},{"type":"B","date":"2018-04-20T05:08:02.000Z","volume":10000,"label":" ","price":1.06},{"type":"B","date":"2018-04-20T05:08:03.000Z","volume":8000,"label":" ","price":1.06},{"type":"U","date":"2018-04-20T05:09:15.000Z","volume":800,"label":"D","price":1.03},{"type":"A","date":"2018-04-20T05:16:00.000Z","volume":6000,"label":" ","price":1.08},{"type":"B","date":"2018-04-20T05:16:01.000Z","volume":4000,"label":" ","price":1.06},{"type":"A","date":"2018-04-20T05:27:55.000Z","volume":6000,"label":" ","price":1.08},{"type":"B","date":"2018-04-20T05:27:56.000Z","volume":4000,"label":" ","price":1.06},{"type":"B","date":"2018-04-20T05:36:02.000Z","volume":2000,"label":" ","price":1.06},{"type":"A","date":"2018-04-20T05:40:00.000Z","volume":2000,"label":" ","price":1.08},{"type":"B","date":"2018-04-20T05:40:01.000Z","volume":2000,"label":" ","price":1.07},{"type":"B","date":"2018-04-20T05:45:32.000Z","volume":8000,"label":" ","price":1.07},{"type":"A","date":"2018-04-20T05:45:32.000Z","volume":2000,"label":" ","price":1.07},{"type":"A","date":"2018-04-20T05:45:32.000Z","volume":6000,"label":" ","price":1.07},{"type":"B","date":"2018-04-20T05:45:33.000Z","volume":10000,"label":" ","price":1.06},{"type":"A","date":"2018-04-20T05:56:05.000Z","volume":4000,"label":" ","price":1.07},{"type":"B","date":"2018-04-20T05:56:06.000Z","volume":4000,"label":" ","price":1.06},{"type":"A","date":"2018-04-20T06:02:05.000Z","volume":2000,"label":" ","price":1.07},{"type":"A","date":"2018-04-20T06:08:00.000Z","volume":4000,"label":" ","price":1.07},{"type":"B","date":"2018-04-20T06:08:01.000Z","volume":4000,"label":" ","price":1.06},{"type":"B","date":"2018-04-20T06:09:41.000Z","volume":4000,"label":" ","price":1.06},{"type":"B","date":"2018-04-20T06:09:42.000Z","volume":2000,"label":" ","price":1.06},{"type":"A","date":"2018-04-20T06:14:00.000Z","volume":2000,"label":" ","price":1.07},{"type":"B","date":"2018-04-20T06:14:01.000Z","volume":2000,"label":" ","price":1.06},{"type":"A","date":"2018-04-20T06:19:55.000Z","volume":8000,"label":" ","price":1.07},{"type":"B","date":"2018-04-20T06:19:56.000Z","volume":4000,"label":" ","price":1.06},{"type":"A","date":"2018-04-20T06:25:50.000Z","volume":8000,"label":" ","price":1.07},{"type":"A","date":"2018-04-20T06:25:55.000Z","volume":2000,"label":" ","price":1.08},{"type":"A","date":"2018-04-20T06:31:50.000Z","volume":4000,"label":" ","price":1.08},{"type":"B","date":"2018-04-20T06:31:51.000Z","volume":4000,"label":" ","price":1.07},{"type":"B","date":"2018-04-20T06:33:19.000Z","volume":6000,"label":" ","price":1.07},{"type":"B","date":"2018-04-20T06:33:20.000Z","volume":4000,"label":" ","price":1.06},{"type":"A","date":"2018-04-20T06:34:45.000Z","volume":4000,"label":" ","price":1.07},{"type":"B","date":"2018-04-20T06:34:46.000Z","volume":2000,"label":" ","price":1.06},{"type":"A","date":"2018-04-20T06:40:10.000Z","volume":6000,"label":" ","price":1.07},{"type":"A","date":"2018-04-20T06:40:10.000Z","volume":4000,"label":" ","price":1.07},{"type":"B","date":"2018-04-20T06:40:10.000Z","volume":4000,"label":" ","price":1.06},{"type":"A","date":"2018-04-20T06:55:50.000Z","volume":6000,"label":" ","price":1.07},{"type":"A","date":"2018-04-20T07:01:55.000Z","volume":8000,"label":" ","price":1.07},{"type":"B","date":"2018-04-20T07:01:55.000Z","volume":2000,"label":" ","price":1.06},{"type":"A","date":"2018-04-20T07:02:00.000Z","volume":6000,"label":" ","price":1.07},{"type":"A","date":"2018-04-20T07:02:17.000Z","volume":2000,"label":" ","price":1.07},{"type":"B","date":"2018-04-20T07:02:18.000Z","volume":2000,"label":" ","price":1.06},{"type":"A","date":"2018-04-20T07:13:50.000Z","volume":6000,"label":" ","price":1.07},{"type":"B","date":"2018-04-20T07:13:51.000Z","volume":4000,"label":" ","price":1.06},{"type":"A","date":"2018-04-20T07:19:45.000Z","volume":6000,"label":" ","price":1.07},{"type":"B","date":"2018-04-20T07:19:46.000Z","volume":4000,"label":" ","price":1.06},{"type":"B","date":"2018-04-20T07:21:42.000Z","volume":30000,"label":" ","price":1.06},{"type":"B","date":"2018-04-20T07:21:43.000Z","volume":20000,"label":" ","price":1.06},{"type":"B","date":"2018-04-20T07:21:58.000Z","volume":2000,"label":" ","price":1.06},{"type":"B","date":"2018-04-20T07:21:59.000Z","volume":2000,"label":" ","price":1.06},{"type":"A","date":"2018-04-20T07:25:45.000Z","volume":12000,"label":" ","price":1.07},{"type":"B","date":"2018-04-20T07:25:46.000Z","volume":8000,"label":" ","price":1.06},{"type":"A","date":"2018-04-20T07:31:50.000Z","volume":6000,"label":" ","price":1.07},{"type":"A","date":"2018-04-20T07:37:50.000Z","volume":10000,"label":" ","price":1.07},{"type":"A","date":"2018-04-20T07:43:01.000Z","volume":2000,"label":" ","price":1.07},{"type":"A","date":"2018-04-20T07:43:45.000Z","volume":4000,"label":" ","price":1.07},{"type":"A","date":"2018-04-20T07:49:45.000Z","volume":6000,"label":" ","price":1.07},{"type":"B","date":"2018-04-20T07:49:46.000Z","volume":2000,"label":" ","price":1.06},{"type":"A","date":"2018-04-20T07:49:50.000Z","volume":6000,"label":" ","price":1.07},{"type":"B","date":"2018-04-20T07:49:51.000Z","volume":4000,"label":" ","price":1.06},{"type":"A","date":"2018-04-20T07:50:50.000Z","volume":2000,"label":" ","price":1.07},{"type":"A","date":"2018-04-20T07:55:35.000Z","volume":2000,"label":" ","price":1.07},{"type":"B","date":"2018-04-20T07:55:36.000Z","volume":2000,"label":" ","price":1.06},{"type":"A","date":"2018-04-20T07:57:28.000Z","volume":6000,"label":" ","price":1.07},{"type":"B","date":"2018-04-20T07:57:29.000Z","volume":4000,"label":" ","price":1.06},{"type":"A","date":"2018-04-20T07:57:55.000Z","volume":2000,"label":" ","price":1.07},{"type":"B","date":"2018-04-20T07:57:56.000Z","volume":2000,"label":" ","price":1.06},{"type":"A","date":"2018-04-20T07:58:42.000Z","volume":8000,"label":" ","price":1.07},{"type":"B","date":"2018-04-20T07:58:42.000Z","volume":2000,"label":" ","price":1.06},{"type":"A","date":"2018-04-20T07:58:55.000Z","volume":10000,"label":" ","price":1.07},{"type":"B","date":"2018-04-20T07:58:56.000Z","volume":2000,"label":" ","price":1.06},{"type":"U","date":"2018-04-20T08:08:48.000Z","volume":10000,"label":"U","price":1.06}]