[{"type":"B","date":"2018-04-06T01:46:14.000Z","volume":2000,"label":" ","price":10.26},{"type":"B","date":"2018-04-06T01:51:10.000Z","volume":1500,"label":" ","price":10.14},{"type":"A","date":"2018-04-06T01:55:08.000Z","volume":500,"label":" ","price":10.04},{"type":"A","date":"2018-04-06T01:56:54.000Z","volume":6500,"label":" ","price":10.04},{"type":"A","date":"2018-04-06T01:56:54.000Z","volume":1500,"label":" ","price":10.06},{"type":"A","date":"2018-04-06T01:57:33.000Z","volume":5000,"label":" ","price":10.04},{"type":"A","date":"2018-04-06T01:57:33.000Z","volume":1500,"label":" ","price":10.06},{"type":"B","date":"2018-04-06T01:58:28.000Z","volume":2500,"label":" ","price":10.04},{"type":"B","date":"2018-04-06T01:59:12.000Z","volume":500,"label":"Y","price":10.02},{"type":"B","date":"2018-04-06T01:59:12.000Z","volume":5000,"label":" ","price":10.02},{"type":"B","date":"2018-04-06T01:59:12.000Z","volume":4500,"label":" ","price":10},{"type":"A","date":"2018-04-06T01:59:13.000Z","volume":4500,"label":" ","price":10.02},{"type":"A","date":"2018-04-06T01:59:17.000Z","volume":1000,"label":" ","price":10.02},{"type":"B","date":"2018-04-06T01:59:18.000Z","volume":3000,"label":" ","price":10},{"type":"U","date":"2018-04-06T01:59:18.000Z","volume":2000,"label":" ","price":10},{"type":"A","date":"2018-04-06T01:59:18.000Z","volume":2000,"label":" ","price":10.02},{"type":"U","date":"2018-04-06T01:59:20.000Z","volume":3000,"label":" ","price":10},{"type":"A","date":"2018-04-06T01:59:20.000Z","volume":2000,"label":" ","price":10.02},{"type":"U","date":"2018-04-06T01:59:20.000Z","volume":500,"label":" ","price":10},{"type":"B","date":"2018-04-06T01:59:21.000Z","volume":1500,"label":" ","price":10},{"type":"U","date":"2018-04-06T01:59:23.000Z","volume":10000,"label":" ","price":10},{"type":"A","date":"2018-04-06T01:59:25.000Z","volume":2500,"label":" ","price":10.04},{"type":"B","date":"2018-04-06T02:00:10.000Z","volume":6500,"label":" ","price":10.02},{"type":"A","date":"2018-04-06T02:00:13.000Z","volume":1000,"label":" ","price":10.02},{"type":"A","date":"2018-04-06T02:06:54.000Z","volume":20000,"label":" ","price":10.02},{"type":"A","date":"2018-04-06T02:06:55.000Z","volume":11000,"label":" ","price":10.02},{"type":"U","date":"2018-04-06T02:12:06.000Z","volume":500,"label":"X","price":10.03},{"type":"B","date":"2018-04-06T02:13:41.000Z","volume":2500,"label":" ","price":10.02},{"type":"B","date":"2018-04-06T02:14:16.000Z","volume":3000,"label":" ","price":10.02},{"type":"B","date":"2018-04-06T02:14:16.000Z","volume":8000,"label":" ","price":10},{"type":"B","date":"2018-04-06T02:18:38.000Z","volume":500,"label":" ","price":10.02},{"type":"B","date":"2018-04-06T02:21:32.000Z","volume":500,"label":" ","price":10},{"type":"B","date":"2018-04-06T02:28:53.000Z","volume":500,"label":" ","price":10},{"type":"A","date":"2018-04-06T02:35:18.000Z","volume":2000,"label":" ","price":10.02},{"type":"A","date":"2018-04-06T02:35:18.000Z","volume":1500,"label":" ","price":10.02},{"type":"B","date":"2018-04-06T02:36:34.000Z","volume":500,"label":" ","price":10},{"type":"B","date":"2018-04-06T02:44:25.000Z","volume":500,"label":" ","price":10},{"type":"B","date":"2018-04-06T02:45:18.000Z","volume":10000,"label":" ","price":10},{"type":"B","date":"2018-04-06T02:45:30.000Z","volume":20000,"label":" ","price":10},{"type":"A","date":"2018-04-06T02:50:58.000Z","volume":500,"label":" ","price":10.02},{"type":"B","date":"2018-04-06T02:52:36.000Z","volume":500,"label":" ","price":10},{"type":"U","date":"2018-04-06T02:53:02.000Z","volume":262,"label":"D","price":10.1},{"type":"B","date":"2018-04-06T03:01:08.000Z","volume":500,"label":" ","price":10},{"type":"B","date":"2018-04-06T03:09:59.000Z","volume":500,"label":" ","price":10},{"type":"B","date":"2018-04-06T03:19:10.000Z","volume":500,"label":" ","price":10},{"type":"A","date":"2018-04-06T03:21:31.000Z","volume":1500,"label":" ","price":10.02},{"type":"B","date":"2018-04-06T03:24:11.000Z","volume":20000,"label":" ","price":10},{"type":"A","date":"2018-04-06T03:24:12.000Z","volume":2500,"label":" ","price":10.02},{"type":"A","date":"2018-04-06T03:24:13.000Z","volume":2500,"label":" ","price":10.02},{"type":"B","date":"2018-04-06T03:24:39.000Z","volume":21500,"label":" ","price":10},{"type":"B","date":"2018-04-06T03:39:33.000Z","volume":500,"label":" ","price":9.99},{"type":"B","date":"2018-04-06T03:42:38.000Z","volume":5500,"label":"Y","price":9.99},{"type":"B","date":"2018-04-06T03:42:38.000Z","volume":14500,"label":" ","price":9.99},{"type":"B","date":"2018-04-06T03:42:50.000Z","volume":500,"label":" ","price":9.99},{"type":"B","date":"2018-04-06T03:52:05.000Z","volume":500,"label":" ","price":9.99},{"type":"B","date":"2018-04-06T03:55:17.000Z","volume":10000,"label":" ","price":9.99},{"type":"A","date":"2018-04-06T03:55:18.000Z","volume":1000,"label":"Y","price":10},{"type":"A","date":"2018-04-06T03:55:18.000Z","volume":2500,"label":" ","price":10},{"type":"B","date":"2018-04-06T03:59:50.000Z","volume":500,"label":" ","price":9.99},{"type":"B","date":"2018-04-06T05:19:23.000Z","volume":500,"label":" ","price":9.99},{"type":"A","date":"2018-04-06T05:20:44.000Z","volume":1500,"label":" ","price":10},{"type":"A","date":"2018-04-06T05:24:04.000Z","volume":6000,"label":" ","price":10},{"type":"B","date":"2018-04-06T05:29:34.000Z","volume":500,"label":" ","price":9.99},{"type":"A","date":"2018-04-06T05:30:58.000Z","volume":2500,"label":" ","price":10},{"type":"A","date":"2018-04-06T05:36:04.000Z","volume":10000,"label":" ","price":10},{"type":"B","date":"2018-04-06T05:39:16.000Z","volume":500,"label":" ","price":9.99},{"type":"A","date":"2018-04-06T05:40:40.000Z","volume":2000,"label":" ","price":10},{"type":"A","date":"2018-04-06T05:46:35.000Z","volume":30000,"label":" ","price":10},{"type":"A","date":"2018-04-06T05:46:36.000Z","volume":2500,"label":" ","price":10},{"type":"A","date":"2018-04-06T05:48:05.000Z","volume":10000,"label":" ","price":10},{"type":"A","date":"2018-04-06T05:48:06.000Z","volume":2000,"label":" ","price":10},{"type":"A","date":"2018-04-06T05:48:21.000Z","volume":10000,"label":" ","price":10},{"type":"A","date":"2018-04-06T05:48:29.000Z","volume":10000,"label":" ","price":10},{"type":"B","date":"2018-04-06T05:48:57.000Z","volume":500,"label":" ","price":9.99},{"type":"B","date":"2018-04-06T05:51:45.000Z","volume":1000,"label":"Y","price":9.99},{"type":"B","date":"2018-04-06T05:51:45.000Z","volume":48000,"label":" ","price":9.99},{"type":"B","date":"2018-04-06T05:58:19.000Z","volume":500,"label":" ","price":9.98},{"type":"B","date":"2018-04-06T06:04:05.000Z","volume":500,"label":" ","price":9.98},{"type":"B","date":"2018-04-06T06:07:20.000Z","volume":500,"label":" ","price":9.98},{"type":"B","date":"2018-04-06T06:16:12.000Z","volume":500,"label":" ","price":9.98},{"type":"A","date":"2018-04-06T06:31:35.000Z","volume":1500,"label":" ","price":10},{"type":"B","date":"2018-04-06T06:32:55.000Z","volume":500,"label":" ","price":9.98},{"type":"A","date":"2018-04-06T06:38:16.000Z","volume":2000,"label":" ","price":10},{"type":"B","date":"2018-04-06T06:41:16.000Z","volume":500,"label":" ","price":9.98},{"type":"B","date":"2018-04-06T06:43:36.000Z","volume":500,"label":" ","price":9.98},{"type":"A","date":"2018-04-06T06:46:25.000Z","volume":2000,"label":" ","price":10},{"type":"A","date":"2018-04-06T06:46:27.000Z","volume":3000,"label":" ","price":10},{"type":"B","date":"2018-04-06T06:49:37.000Z","volume":500,"label":" ","price":9.98},{"type":"U","date":"2018-04-06T06:51:33.000Z","volume":100000,"label":"X","price":9.99},{"type":"U","date":"2018-04-06T06:52:09.000Z","volume":100000,"label":"X","price":9.99},{"type":"A","date":"2018-04-06T06:57:10.000Z","volume":1500,"label":" ","price":10},{"type":"B","date":"2018-04-06T06:57:59.000Z","volume":500,"label":" ","price":9.98},{"type":"B","date":"2018-04-06T06:58:52.000Z","volume":1000,"label":"Y","price":9.98},{"type":"B","date":"2018-04-06T06:58:52.000Z","volume":26000,"label":" ","price":9.98},{"type":"A","date":"2018-04-06T06:58:52.000Z","volume":500,"label":" ","price":9.99},{"type":"B","date":"2018-04-06T07:06:20.000Z","volume":500,"label":" ","price":9.94},{"type":"B","date":"2018-04-06T07:14:12.000Z","volume":500,"label":" ","price":9.94},{"type":"B","date":"2018-04-06T07:21:33.000Z","volume":500,"label":" ","price":9.93},{"type":"B","date":"2018-04-06T07:22:53.000Z","volume":2000,"label":" ","price":9.94},{"type":"B","date":"2018-04-06T07:23:17.000Z","volume":3000,"label":" ","price":9.94},{"type":"B","date":"2018-04-06T07:28:34.000Z","volume":500,"label":" ","price":9.9},{"type":"B","date":"2018-04-06T07:32:58.000Z","volume":2000,"label":" ","price":9.91},{"type":"B","date":"2018-04-06T07:33:06.000Z","volume":1500,"label":" ","price":9.92},{"type":"A","date":"2018-04-06T07:34:25.000Z","volume":2500,"label":" ","price":9.95},{"type":"B","date":"2018-04-06T07:34:52.000Z","volume":2000,"label":" ","price":9.9},{"type":"B","date":"2018-04-06T07:35:02.000Z","volume":2500,"label":" ","price":9.91},{"type":"B","date":"2018-04-06T07:35:13.000Z","volume":1000,"label":" ","price":9.91},{"type":"B","date":"2018-04-06T07:35:15.000Z","volume":500,"label":" ","price":9.86},{"type":"A","date":"2018-04-06T07:37:12.000Z","volume":4000,"label":" ","price":9.95},{"type":"B","date":"2018-04-06T07:37:17.000Z","volume":500,"label":"Y","price":9.91},{"type":"B","date":"2018-04-06T07:38:24.000Z","volume":4000,"label":" ","price":9.92},{"type":"A","date":"2018-04-06T07:38:28.000Z","volume":4500,"label":" ","price":9.93},{"type":"A","date":"2018-04-06T07:39:48.000Z","volume":5000,"label":" ","price":9.93},{"type":"A","date":"2018-04-06T07:39:48.000Z","volume":5000,"label":" ","price":9.94},{"type":"A","date":"2018-04-06T07:40:07.000Z","volume":29000,"label":" ","price":9.95},{"type":"B","date":"2018-04-06T07:40:07.000Z","volume":1000,"label":" ","price":9.95},{"type":"A","date":"2018-04-06T07:40:19.000Z","volume":55000,"label":" ","price":9.96},{"type":"A","date":"2018-04-06T07:40:20.000Z","volume":8500,"label":" ","price":9.96},{"type":"B","date":"2018-04-06T07:46:37.000Z","volume":500,"label":" ","price":9.96},{"type":"B","date":"2018-04-06T07:47:07.000Z","volume":5000,"label":" ","price":9.96},{"type":"A","date":"2018-04-06T07:49:30.000Z","volume":26000,"label":" ","price":9.98},{"type":"A","date":"2018-04-06T07:50:19.000Z","volume":4000,"label":" ","price":9.98},{"type":"A","date":"2018-04-06T07:54:33.000Z","volume":83000,"label":" ","price":9.99},{"type":"B","date":"2018-04-06T07:54:33.000Z","volume":2000,"label":" ","price":9.99},{"type":"A","date":"2018-04-06T07:54:58.000Z","volume":34500,"label":" ","price":10},{"type":"B","date":"2018-04-06T07:56:34.000Z","volume":2000,"label":"Y","price":9.98},{"type":"B","date":"2018-04-06T07:56:34.000Z","volume":60000,"label":" ","price":9.98},{"type":"B","date":"2018-04-06T07:57:17.000Z","volume":500,"label":" ","price":9.96},{"type":"B","date":"2018-04-06T07:58:17.000Z","volume":500,"label":" ","price":9.96},{"type":"B","date":"2018-04-06T07:58:28.000Z","volume":500,"label":" ","price":9.92},{"type":"B","date":"2018-04-06T07:58:49.000Z","volume":500,"label":" ","price":9.92},{"type":"A","date":"2018-04-06T07:59:09.000Z","volume":500,"label":" ","price":9.99},{"type":"A","date":"2018-04-06T07:59:24.000Z","volume":500,"label":" ","price":9.99},{"type":"A","date":"2018-04-06T07:59:24.000Z","volume":500,"label":" ","price":9.99},{"type":"A","date":"2018-04-06T07:59:34.000Z","volume":500,"label":" ","price":9.99},{"type":"A","date":"2018-04-06T07:59:38.000Z","volume":500,"label":" ","price":9.99}]