[{"type":"B","date":"2018-05-02T01:30:03.000Z","volume":500,"label":" ","price":12.02},{"type":"B","date":"2018-05-02T01:30:04.000Z","volume":500,"label":" ","price":12.02},{"type":"A","date":"2018-05-02T01:30:34.000Z","volume":500,"label":"Y","price":12.18},{"type":"B","date":"2018-05-02T01:30:49.000Z","volume":1000,"label":" ","price":12.06},{"type":"B","date":"2018-05-02T01:30:49.000Z","volume":6500,"label":" ","price":12.04},{"type":"B","date":"2018-05-02T01:30:49.000Z","volume":6500,"label":" ","price":12.04},{"type":"A","date":"2018-05-02T01:31:05.000Z","volume":2500,"label":" ","price":12.1},{"type":"B","date":"2018-05-02T01:31:08.000Z","volume":500,"label":" ","price":12.1},{"type":"B","date":"2018-05-02T01:31:37.000Z","volume":1000,"label":" ","price":12.06},{"type":"B","date":"2018-05-02T01:31:45.000Z","volume":1500,"label":" ","price":12.06},{"type":"B","date":"2018-05-02T01:31:46.000Z","volume":500,"label":" ","price":12.06},{"type":"A","date":"2018-05-02T01:32:42.000Z","volume":500,"label":"Y","price":12.06},{"type":"A","date":"2018-05-02T01:33:21.000Z","volume":500,"label":"Y","price":12.06},{"type":"A","date":"2018-05-02T01:33:21.000Z","volume":1000,"label":" ","price":12.06},{"type":"A","date":"2018-05-02T01:33:50.000Z","volume":500,"label":" ","price":12.08},{"type":"A","date":"2018-05-02T01:33:57.000Z","volume":1000,"label":" ","price":12.08},{"type":"A","date":"2018-05-02T01:34:39.000Z","volume":1000,"label":" ","price":12.1},{"type":"A","date":"2018-05-02T01:36:00.000Z","volume":1000,"label":" ","price":12.1},{"type":"B","date":"2018-05-02T01:36:10.000Z","volume":6000,"label":"Y","price":12.08},{"type":"B","date":"2018-05-02T01:36:10.000Z","volume":2000,"label":" ","price":12.08},{"type":"B","date":"2018-05-02T01:36:11.000Z","volume":500,"label":" ","price":12.06},{"type":"A","date":"2018-05-02T01:36:59.000Z","volume":6000,"label":" ","price":12.08},{"type":"B","date":"2018-05-02T01:37:02.000Z","volume":10000,"label":" ","price":12.06},{"type":"B","date":"2018-05-02T01:37:03.000Z","volume":500,"label":" ","price":12.06},{"type":"B","date":"2018-05-02T01:37:03.000Z","volume":500,"label":" ","price":12.06},{"type":"A","date":"2018-05-02T01:37:04.000Z","volume":1500,"label":" ","price":12.08},{"type":"B","date":"2018-05-02T01:38:42.000Z","volume":8500,"label":" ","price":12.08},{"type":"B","date":"2018-05-02T01:38:43.000Z","volume":500,"label":" ","price":12.06},{"type":"B","date":"2018-05-02T01:38:43.000Z","volume":500,"label":" ","price":12.06},{"type":"B","date":"2018-05-02T01:40:33.000Z","volume":31000,"label":" ","price":12.06},{"type":"B","date":"2018-05-02T01:40:33.000Z","volume":500,"label":" ","price":12.04},{"type":"B","date":"2018-05-02T01:40:33.000Z","volume":500,"label":" ","price":12.02},{"type":"B","date":"2018-05-02T01:40:33.000Z","volume":500,"label":" ","price":12.02},{"type":"A","date":"2018-05-02T01:40:33.000Z","volume":2500,"label":" ","price":12.04},{"type":"B","date":"2018-05-02T01:40:34.000Z","volume":2000,"label":" ","price":12.02},{"type":"B","date":"2018-05-02T01:40:35.000Z","volume":500,"label":" ","price":12.02},{"type":"A","date":"2018-05-02T01:41:00.000Z","volume":10000,"label":" ","price":12.04},{"type":"B","date":"2018-05-02T01:41:01.000Z","volume":500,"label":" ","price":12.02},{"type":"B","date":"2018-05-02T01:41:04.000Z","volume":5000,"label":"Y","price":12.02},{"type":"B","date":"2018-05-02T01:41:04.000Z","volume":5000,"label":" ","price":12.02},{"type":"B","date":"2018-05-02T01:41:05.000Z","volume":500,"label":" ","price":12.02},{"type":"B","date":"2018-05-02T01:41:05.000Z","volume":500,"label":" ","price":12.02},{"type":"A","date":"2018-05-02T01:41:54.000Z","volume":9500,"label":" ","price":12.04},{"type":"B","date":"2018-05-02T01:42:27.000Z","volume":1000,"label":" ","price":12.04},{"type":"B","date":"2018-05-02T01:42:27.000Z","volume":1000,"label":" ","price":12.02},{"type":"A","date":"2018-05-02T01:43:14.000Z","volume":6000,"label":" ","price":12.08},{"type":"B","date":"2018-05-02T01:43:15.000Z","volume":500,"label":" ","price":12.06},{"type":"B","date":"2018-05-02T01:43:15.000Z","volume":500,"label":" ","price":12.06},{"type":"B","date":"2018-05-02T01:48:06.000Z","volume":7500,"label":"Y","price":12.04},{"type":"B","date":"2018-05-02T01:48:06.000Z","volume":6500,"label":" ","price":12.04},{"type":"B","date":"2018-05-02T01:48:07.000Z","volume":500,"label":" ","price":12.02},{"type":"B","date":"2018-05-02T01:48:07.000Z","volume":500,"label":" ","price":12.02},{"type":"A","date":"2018-05-02T01:48:13.000Z","volume":2000,"label":" ","price":12.04},{"type":"A","date":"2018-05-02T01:48:19.000Z","volume":4000,"label":"Y","price":12.04},{"type":"A","date":"2018-05-02T01:48:19.000Z","volume":3500,"label":" ","price":12.04},{"type":"B","date":"2018-05-02T01:48:42.000Z","volume":2500,"label":" ","price":12.04},{"type":"B","date":"2018-05-02T01:49:13.000Z","volume":1500,"label":"Y","price":12.02},{"type":"B","date":"2018-05-02T01:49:14.000Z","volume":500,"label":" ","price":12.02},{"type":"B","date":"2018-05-02T01:49:57.000Z","volume":500,"label":" ","price":12.02},{"type":"A","date":"2018-05-02T01:51:29.000Z","volume":4000,"label":"Y","price":12.06},{"type":"A","date":"2018-05-02T01:51:29.000Z","volume":6000,"label":" ","price":12.06},{"type":"B","date":"2018-05-02T01:51:30.000Z","volume":500,"label":" ","price":12.04},{"type":"U","date":"2018-05-02T01:51:53.000Z","volume":500,"label":"X","price":12.05},{"type":"B","date":"2018-05-02T01:52:25.000Z","volume":500,"label":" ","price":12.04},{"type":"B","date":"2018-05-02T01:52:33.000Z","volume":500,"label":" ","price":12.02},{"type":"A","date":"2018-05-02T01:52:50.000Z","volume":9000,"label":" ","price":12.04},{"type":"B","date":"2018-05-02T01:52:51.000Z","volume":500,"label":" ","price":12.02},{"type":"B","date":"2018-05-02T01:52:51.000Z","volume":500,"label":" ","price":12.02},{"type":"A","date":"2018-05-02T01:53:04.000Z","volume":2000,"label":" ","price":12.04},{"type":"A","date":"2018-05-02T01:53:57.000Z","volume":10000,"label":" ","price":12.04},{"type":"B","date":"2018-05-02T01:53:58.000Z","volume":500,"label":" ","price":12.02},{"type":"B","date":"2018-05-02T01:53:58.000Z","volume":500,"label":" ","price":12.02},{"type":"B","date":"2018-05-02T01:54:04.000Z","volume":29000,"label":" ","price":12.02},{"type":"B","date":"2018-05-02T01:54:05.000Z","volume":1000,"label":" ","price":12},{"type":"B","date":"2018-05-02T01:54:05.000Z","volume":1500,"label":" ","price":12},{"type":"B","date":"2018-05-02T01:55:14.000Z","volume":500,"label":" ","price":12.02},{"type":"B","date":"2018-05-02T01:55:15.000Z","volume":500,"label":" ","price":12.02},{"type":"B","date":"2018-05-02T01:55:19.000Z","volume":500,"label":" ","price":12},{"type":"B","date":"2018-05-02T01:56:13.000Z","volume":5000,"label":" ","price":12},{"type":"B","date":"2018-05-02T01:56:14.000Z","volume":500,"label":" ","price":12},{"type":"B","date":"2018-05-02T01:57:24.000Z","volume":10000,"label":" ","price":12},{"type":"B","date":"2018-05-02T01:57:24.000Z","volume":30500,"label":" ","price":12},{"type":"B","date":"2018-05-02T01:57:25.000Z","volume":1500,"label":" ","price":11.98},{"type":"B","date":"2018-05-02T01:57:25.000Z","volume":2000,"label":" ","price":11.98},{"type":"B","date":"2018-05-02T01:57:26.000Z","volume":500,"label":" ","price":11.98},{"type":"B","date":"2018-05-02T01:58:34.000Z","volume":10000,"label":"Y","price":11.98},{"type":"B","date":"2018-05-02T01:58:35.000Z","volume":500,"label":" ","price":11.98},{"type":"U","date":"2018-05-02T01:59:28.000Z","volume":500,"label":"X","price":12},{"type":"B","date":"2018-05-02T02:00:18.000Z","volume":500,"label":" ","price":11.98},{"type":"B","date":"2018-05-02T02:00:18.000Z","volume":14000,"label":" ","price":11.98},{"type":"B","date":"2018-05-02T02:00:19.000Z","volume":1000,"label":" ","price":11.98},{"type":"B","date":"2018-05-02T02:00:19.000Z","volume":1000,"label":" ","price":11.98},{"type":"A","date":"2018-05-02T02:00:22.000Z","volume":1000,"label":" ","price":12},{"type":"B","date":"2018-05-02T02:01:02.000Z","volume":2500,"label":" ","price":11.98},{"type":"B","date":"2018-05-02T02:02:10.000Z","volume":4500,"label":"Y","price":11.98},{"type":"B","date":"2018-05-02T02:02:10.000Z","volume":2500,"label":" ","price":11.98},{"type":"B","date":"2018-05-02T02:02:11.000Z","volume":500,"label":" ","price":11.98},{"type":"B","date":"2018-05-02T02:02:11.000Z","volume":500,"label":" ","price":11.98},{"type":"B","date":"2018-05-02T02:04:21.000Z","volume":1000,"label":" ","price":11.98},{"type":"A","date":"2018-05-02T02:04:54.000Z","volume":500,"label":"Y","price":12},{"type":"B","date":"2018-05-02T02:05:19.000Z","volume":500,"label":" ","price":11.98},{"type":"A","date":"2018-05-02T02:05:20.000Z","volume":3000,"label":"Y","price":12},{"type":"A","date":"2018-05-02T02:05:20.000Z","volume":500,"label":" ","price":12},{"type":"B","date":"2018-05-02T02:05:20.000Z","volume":500,"label":" ","price":11.98},{"type":"A","date":"2018-05-02T02:05:34.000Z","volume":1000,"label":" ","price":12},{"type":"B","date":"2018-05-02T02:06:21.000Z","volume":8500,"label":" ","price":11.98},{"type":"B","date":"2018-05-02T02:06:22.000Z","volume":500,"label":" ","price":11.96},{"type":"B","date":"2018-05-02T02:06:22.000Z","volume":500,"label":" ","price":11.96},{"type":"A","date":"2018-05-02T02:06:33.000Z","volume":5000,"label":" ","price":12},{"type":"B","date":"2018-05-02T02:09:20.000Z","volume":500,"label":" ","price":11.96},{"type":"B","date":"2018-05-02T02:09:58.000Z","volume":1000,"label":"Y","price":11.96},{"type":"B","date":"2018-05-02T02:09:58.000Z","volume":19000,"label":" ","price":11.96},{"type":"B","date":"2018-05-02T02:09:59.000Z","volume":1000,"label":" ","price":11.96},{"type":"B","date":"2018-05-02T02:09:59.000Z","volume":1500,"label":" ","price":11.96},{"type":"B","date":"2018-05-02T02:10:18.000Z","volume":500,"label":" ","price":11.98},{"type":"B","date":"2018-05-02T02:10:22.000Z","volume":500,"label":" ","price":11.98},{"type":"B","date":"2018-05-02T02:10:22.000Z","volume":7000,"label":" ","price":11.96},{"type":"B","date":"2018-05-02T02:10:22.000Z","volume":8500,"label":" ","price":11.94},{"type":"B","date":"2018-05-02T02:10:23.000Z","volume":1000,"label":"Y","price":11.92},{"type":"B","date":"2018-05-02T02:10:23.000Z","volume":500,"label":"Y","price":11.92},{"type":"A","date":"2018-05-02T02:10:23.000Z","volume":2000,"label":" ","price":11.94},{"type":"B","date":"2018-05-02T02:10:24.000Z","volume":500,"label":"Y","price":11.92},{"type":"A","date":"2018-05-02T02:11:22.000Z","volume":1000,"label":" ","price":11.94},{"type":"U","date":"2018-05-02T02:11:56.000Z","volume":1000,"label":"X","price":11.953},{"type":"A","date":"2018-05-02T02:13:27.000Z","volume":10000,"label":" ","price":11.94},{"type":"B","date":"2018-05-02T02:13:28.000Z","volume":500,"label":"Y","price":11.92},{"type":"B","date":"2018-05-02T02:13:28.000Z","volume":500,"label":"Y","price":11.92},{"type":"A","date":"2018-05-02T02:13:44.000Z","volume":12500,"label":" ","price":11.94},{"type":"B","date":"2018-05-02T02:13:45.000Z","volume":8000,"label":" ","price":11.92},{"type":"B","date":"2018-05-02T02:13:45.000Z","volume":1000,"label":"Y","price":11.92},{"type":"B","date":"2018-05-02T02:13:45.000Z","volume":500,"label":"Y","price":11.92},{"type":"B","date":"2018-05-02T02:13:45.000Z","volume":500,"label":" ","price":11.92},{"type":"A","date":"2018-05-02T02:14:45.000Z","volume":500,"label":" ","price":11.94},{"type":"B","date":"2018-05-02T02:14:53.000Z","volume":8500,"label":"Y","price":11.92},{"type":"B","date":"2018-05-02T02:14:53.000Z","volume":1500,"label":" ","price":11.92},{"type":"B","date":"2018-05-02T02:14:54.000Z","volume":500,"label":" ","price":11.92},{"type":"B","date":"2018-05-02T02:14:54.000Z","volume":500,"label":" ","price":11.92},{"type":"B","date":"2018-05-02T02:15:05.000Z","volume":1500,"label":"Y","price":11.92},{"type":"B","date":"2018-05-02T02:15:05.000Z","volume":1000,"label":" ","price":11.92},{"type":"B","date":"2018-05-02T02:15:06.000Z","volume":500,"label":" ","price":11.92},{"type":"B","date":"2018-05-02T02:15:22.000Z","volume":500,"label":" ","price":11.92},{"type":"B","date":"2018-05-02T02:16:03.000Z","volume":500,"label":" ","price":11.92},{"type":"B","date":"2018-05-02T02:16:30.000Z","volume":19000,"label":" ","price":11.92},{"type":"B","date":"2018-05-02T02:16:30.000Z","volume":19000,"label":" ","price":11.9},{"type":"B","date":"2018-05-02T02:16:31.000Z","volume":1500,"label":" ","price":11.9},{"type":"B","date":"2018-05-02T02:16:32.000Z","volume":2000,"label":" ","price":11.88},{"type":"A","date":"2018-05-02T02:16:34.000Z","volume":2500,"label":" ","price":11.9},{"type":"U","date":"2018-05-02T02:16:56.000Z","volume":500,"label":"X","price":11.919},{"type":"A","date":"2018-05-02T02:17:19.000Z","volume":2000,"label":" ","price":11.9},{"type":"B","date":"2018-05-02T02:17:20.000Z","volume":500,"label":" ","price":11.88},{"type":"B","date":"2018-05-02T02:17:42.000Z","volume":1500,"label":" ","price":11.88},{"type":"B","date":"2018-05-02T02:17:46.000Z","volume":3000,"label":" ","price":11.88},{"type":"A","date":"2018-05-02T02:18:45.000Z","volume":10000,"label":" ","price":11.9},{"type":"A","date":"2018-05-02T02:18:45.000Z","volume":11000,"label":" ","price":11.9},{"type":"A","date":"2018-05-02T02:18:45.000Z","volume":1000,"label":" ","price":11.92},{"type":"B","date":"2018-05-02T02:18:45.000Z","volume":500,"label":" ","price":11.88},{"type":"B","date":"2018-05-02T02:20:05.000Z","volume":4000,"label":" ","price":11.88},{"type":"A","date":"2018-05-02T02:20:16.000Z","volume":500,"label":"Y","price":11.9},{"type":"A","date":"2018-05-02T02:20:16.000Z","volume":2000,"label":" ","price":11.9},{"type":"B","date":"2018-05-02T02:20:49.000Z","volume":1500,"label":" ","price":11.9},{"type":"A","date":"2018-05-02T02:21:11.000Z","volume":500,"label":" ","price":11.9},{"type":"A","date":"2018-05-02T02:21:33.000Z","volume":5000,"label":" ","price":11.9},{"type":"B","date":"2018-05-02T02:21:34.000Z","volume":500,"label":" ","price":11.88},{"type":"B","date":"2018-05-02T02:21:38.000Z","volume":2000,"label":" ","price":11.88},{"type":"B","date":"2018-05-02T02:21:39.000Z","volume":500,"label":" ","price":11.88},{"type":"A","date":"2018-05-02T02:23:50.000Z","volume":1000,"label":" ","price":11.9},{"type":"B","date":"2018-05-02T02:23:51.000Z","volume":3000,"label":" ","price":11.88},{"type":"B","date":"2018-05-02T02:23:54.000Z","volume":2500,"label":" ","price":11.88},{"type":"B","date":"2018-05-02T02:23:55.000Z","volume":500,"label":" ","price":11.88},{"type":"A","date":"2018-05-02T02:25:05.000Z","volume":10000,"label":" ","price":11.9},{"type":"A","date":"2018-05-02T02:25:08.000Z","volume":1000,"label":" ","price":11.9},{"type":"B","date":"2018-05-02T02:25:09.000Z","volume":500,"label":" ","price":11.88},{"type":"A","date":"2018-05-02T02:25:19.000Z","volume":500,"label":" ","price":11.9},{"type":"B","date":"2018-05-02T02:25:23.000Z","volume":500,"label":" ","price":11.9},{"type":"B","date":"2018-05-02T02:27:40.000Z","volume":11500,"label":"Y","price":11.9},{"type":"B","date":"2018-05-02T02:27:40.000Z","volume":500,"label":" ","price":11.9},{"type":"B","date":"2018-05-02T02:27:41.000Z","volume":500,"label":" ","price":11.9},{"type":"B","date":"2018-05-02T02:27:42.000Z","volume":500,"label":" ","price":11.88},{"type":"A","date":"2018-05-02T02:27:59.000Z","volume":1000,"label":" ","price":11.9},{"type":"A","date":"2018-05-02T02:28:06.000Z","volume":1000,"label":" ","price":11.9},{"type":"A","date":"2018-05-02T02:28:43.000Z","volume":500,"label":" ","price":11.9},{"type":"B","date":"2018-05-02T02:30:21.000Z","volume":500,"label":" ","price":11.88},{"type":"B","date":"2018-05-02T02:31:22.000Z","volume":1000,"label":" ","price":11.88},{"type":"B","date":"2018-05-02T02:31:38.000Z","volume":4000,"label":"Y","price":11.88},{"type":"B","date":"2018-05-02T02:31:38.000Z","volume":4000,"label":" ","price":11.88},{"type":"B","date":"2018-05-02T02:31:39.000Z","volume":500,"label":" ","price":11.88},{"type":"B","date":"2018-05-02T02:31:39.000Z","volume":500,"label":" ","price":11.88},{"type":"A","date":"2018-05-02T02:31:52.000Z","volume":4000,"label":" ","price":11.9},{"type":"B","date":"2018-05-02T02:32:17.000Z","volume":33000,"label":" ","price":11.9},{"type":"B","date":"2018-05-02T02:32:18.000Z","volume":500,"label":" ","price":11.9},{"type":"B","date":"2018-05-02T02:32:18.000Z","volume":500,"label":" ","price":11.9},{"type":"B","date":"2018-05-02T02:32:18.000Z","volume":500,"label":" ","price":11.9},{"type":"B","date":"2018-05-02T02:32:18.000Z","volume":1500,"label":" ","price":11.9},{"type":"B","date":"2018-05-02T02:32:24.000Z","volume":2000,"label":" ","price":11.9},{"type":"A","date":"2018-05-02T02:36:13.000Z","volume":4000,"label":" ","price":11.92},{"type":"U","date":"2018-05-02T02:36:35.000Z","volume":500,"label":"X","price":11.898},{"type":"A","date":"2018-05-02T02:36:42.000Z","volume":2000,"label":" ","price":11.92},{"type":"B","date":"2018-05-02T02:42:01.000Z","volume":2000,"label":" ","price":11.92},{"type":"A","date":"2018-05-02T02:42:49.000Z","volume":2000,"label":" ","price":11.94},{"type":"A","date":"2018-05-02T02:43:58.000Z","volume":500,"label":" ","price":11.94},{"type":"B","date":"2018-05-02T02:44:02.000Z","volume":500,"label":"Y","price":11.92},{"type":"B","date":"2018-05-02T02:45:19.000Z","volume":2000,"label":" ","price":11.9},{"type":"B","date":"2018-05-02T02:46:10.000Z","volume":15000,"label":"Y","price":11.9},{"type":"B","date":"2018-05-02T02:46:10.000Z","volume":18500,"label":" ","price":11.9},{"type":"B","date":"2018-05-02T02:46:11.000Z","volume":500,"label":" ","price":11.88},{"type":"B","date":"2018-05-02T02:46:11.000Z","volume":1000,"label":" ","price":11.88},{"type":"A","date":"2018-05-02T02:47:57.000Z","volume":2500,"label":"Y","price":11.9},{"type":"B","date":"2018-05-02T02:47:58.000Z","volume":500,"label":" ","price":11.88},{"type":"B","date":"2018-05-02T02:48:30.000Z","volume":1500,"label":" ","price":11.88},{"type":"B","date":"2018-05-02T02:48:43.000Z","volume":10500,"label":" ","price":11.88},{"type":"B","date":"2018-05-02T02:48:44.000Z","volume":500,"label":" ","price":11.88},{"type":"B","date":"2018-05-02T02:48:44.000Z","volume":500,"label":" ","price":11.88},{"type":"A","date":"2018-05-02T02:49:40.000Z","volume":10000,"label":" ","price":11.9},{"type":"A","date":"2018-05-02T02:49:58.000Z","volume":1000,"label":" ","price":11.9},{"type":"A","date":"2018-05-02T02:52:11.000Z","volume":6000,"label":" ","price":11.9},{"type":"B","date":"2018-05-02T02:52:12.000Z","volume":500,"label":" ","price":11.88},{"type":"B","date":"2018-05-02T02:52:12.000Z","volume":500,"label":" ","price":11.88},{"type":"U","date":"2018-05-02T02:52:35.000Z","volume":1000,"label":"X","price":11.891},{"type":"B","date":"2018-05-02T02:52:57.000Z","volume":21000,"label":" ","price":11.88},{"type":"B","date":"2018-05-02T02:52:58.000Z","volume":500,"label":" ","price":11.86},{"type":"B","date":"2018-05-02T02:52:58.000Z","volume":1000,"label":" ","price":11.86},{"type":"B","date":"2018-05-02T02:53:37.000Z","volume":7000,"label":"Y","price":11.86},{"type":"B","date":"2018-05-02T02:53:37.000Z","volume":8000,"label":" ","price":11.86},{"type":"B","date":"2018-05-02T02:53:38.000Z","volume":1000,"label":" ","price":11.84},{"type":"B","date":"2018-05-02T02:53:38.000Z","volume":500,"label":" ","price":11.84},{"type":"B","date":"2018-05-02T02:53:38.000Z","volume":500,"label":" ","price":11.84},{"type":"B","date":"2018-05-02T02:53:38.000Z","volume":500,"label":" ","price":11.84},{"type":"A","date":"2018-05-02T02:53:51.000Z","volume":1000,"label":"Y","price":11.86},{"type":"B","date":"2018-05-02T02:54:11.000Z","volume":2000,"label":" ","price":11.84},{"type":"B","date":"2018-05-02T02:54:11.000Z","volume":1000,"label":" ","price":11.84},{"type":"B","date":"2018-05-02T02:56:09.000Z","volume":1500,"label":" ","price":11.84},{"type":"A","date":"2018-05-02T02:58:22.000Z","volume":2000,"label":" ","price":11.84},{"type":"A","date":"2018-05-02T02:59:57.000Z","volume":6500,"label":"Y","price":11.84},{"type":"B","date":"2018-05-02T02:59:58.000Z","volume":500,"label":" ","price":11.82},{"type":"B","date":"2018-05-02T02:59:58.000Z","volume":500,"label":" ","price":11.82},{"type":"B","date":"2018-05-02T03:00:02.000Z","volume":2000,"label":" ","price":11.82},{"type":"B","date":"2018-05-02T03:00:26.000Z","volume":500,"label":" ","price":11.82},{"type":"A","date":"2018-05-02T03:00:40.000Z","volume":3000,"label":" ","price":11.84},{"type":"B","date":"2018-05-02T03:00:41.000Z","volume":500,"label":" ","price":11.82},{"type":"B","date":"2018-05-02T03:00:42.000Z","volume":500,"label":" ","price":11.82},{"type":"U","date":"2018-05-02T03:02:35.000Z","volume":500,"label":"X","price":11.834},{"type":"B","date":"2018-05-02T03:04:16.000Z","volume":500,"label":" ","price":11.82},{"type":"A","date":"2018-05-02T03:05:15.000Z","volume":500,"label":" ","price":11.84},{"type":"A","date":"2018-05-02T03:05:15.000Z","volume":11000,"label":" ","price":11.84},{"type":"B","date":"2018-05-02T03:05:15.000Z","volume":1000,"label":" ","price":11.82},{"type":"B","date":"2018-05-02T03:05:16.000Z","volume":500,"label":" ","price":11.82},{"type":"B","date":"2018-05-02T03:05:16.000Z","volume":500,"label":" ","price":11.82},{"type":"A","date":"2018-05-02T03:06:11.000Z","volume":2000,"label":"Y","price":11.84},{"type":"A","date":"2018-05-02T03:06:11.000Z","volume":2000,"label":" ","price":11.84},{"type":"A","date":"2018-05-02T03:06:11.000Z","volume":1000,"label":" ","price":11.84},{"type":"A","date":"2018-05-02T03:06:36.000Z","volume":5000,"label":" ","price":11.84},{"type":"B","date":"2018-05-02T03:07:06.000Z","volume":10000,"label":"Y","price":11.84},{"type":"B","date":"2018-05-02T03:07:06.000Z","volume":500,"label":" ","price":11.84},{"type":"B","date":"2018-05-02T03:07:06.000Z","volume":25500,"label":" ","price":11.82},{"type":"B","date":"2018-05-02T03:07:06.000Z","volume":27000,"label":" ","price":11.8},{"type":"B","date":"2018-05-02T03:07:07.000Z","volume":3000,"label":" ","price":11.78},{"type":"B","date":"2018-05-02T03:07:07.000Z","volume":3500,"label":" ","price":11.78},{"type":"A","date":"2018-05-02T03:07:25.000Z","volume":10000,"label":" ","price":11.8},{"type":"B","date":"2018-05-02T03:07:26.000Z","volume":500,"label":" ","price":11.78},{"type":"B","date":"2018-05-02T03:07:26.000Z","volume":500,"label":" ","price":11.78},{"type":"A","date":"2018-05-02T03:07:43.000Z","volume":500,"label":" ","price":11.8},{"type":"A","date":"2018-05-02T03:08:47.000Z","volume":500,"label":" ","price":11.8},{"type":"A","date":"2018-05-02T03:09:06.000Z","volume":1000,"label":" ","price":11.8},{"type":"A","date":"2018-05-02T03:09:30.000Z","volume":500,"label":" ","price":11.8},{"type":"B","date":"2018-05-02T03:09:31.000Z","volume":500,"label":" ","price":11.78},{"type":"A","date":"2018-05-02T03:10:20.000Z","volume":2000,"label":" ","price":11.8},{"type":"B","date":"2018-05-02T03:10:25.000Z","volume":1000,"label":" ","price":11.78},{"type":"B","date":"2018-05-02T03:10:30.000Z","volume":13000,"label":" ","price":11.78},{"type":"B","date":"2018-05-02T03:10:31.000Z","volume":500,"label":" ","price":11.78},{"type":"B","date":"2018-05-02T03:10:31.000Z","volume":500,"label":" ","price":11.78},{"type":"B","date":"2018-05-02T03:10:32.000Z","volume":500,"label":" ","price":11.78},{"type":"A","date":"2018-05-02T03:11:03.000Z","volume":1000,"label":" ","price":11.8},{"type":"B","date":"2018-05-02T03:11:09.000Z","volume":8500,"label":" ","price":11.78},{"type":"B","date":"2018-05-02T03:11:10.000Z","volume":500,"label":" ","price":11.78},{"type":"U","date":"2018-05-02T03:13:33.000Z","volume":500,"label":"X","price":11.783},{"type":"A","date":"2018-05-02T03:14:15.000Z","volume":1000,"label":" ","price":11.8},{"type":"B","date":"2018-05-02T03:14:26.000Z","volume":500,"label":" ","price":11.78},{"type":"B","date":"2018-05-02T03:16:36.000Z","volume":5500,"label":"Y","price":11.78},{"type":"B","date":"2018-05-02T03:16:36.000Z","volume":21500,"label":" ","price":11.78},{"type":"B","date":"2018-05-02T03:16:37.000Z","volume":1500,"label":" ","price":11.76},{"type":"B","date":"2018-05-02T03:16:37.000Z","volume":1500,"label":" ","price":11.76},{"type":"A","date":"2018-05-02T03:17:20.000Z","volume":500,"label":"Y","price":11.78},{"type":"B","date":"2018-05-02T03:17:21.000Z","volume":500,"label":" ","price":11.76},{"type":"A","date":"2018-05-02T03:18:03.000Z","volume":2000,"label":" ","price":11.78},{"type":"A","date":"2018-05-02T03:18:17.000Z","volume":10000,"label":" ","price":11.78},{"type":"B","date":"2018-05-02T03:18:18.000Z","volume":500,"label":" ","price":11.76},{"type":"B","date":"2018-05-02T03:18:18.000Z","volume":500,"label":" ","price":11.76},{"type":"B","date":"2018-05-02T03:18:20.000Z","volume":37500,"label":"Y","price":11.76},{"type":"B","date":"2018-05-02T03:18:20.000Z","volume":1500,"label":" ","price":11.76},{"type":"B","date":"2018-05-02T03:18:21.000Z","volume":1500,"label":" ","price":11.76},{"type":"B","date":"2018-05-02T03:18:21.000Z","volume":2000,"label":" ","price":11.76},{"type":"B","date":"2018-05-02T03:19:48.000Z","volume":2500,"label":" ","price":11.76},{"type":"B","date":"2018-05-02T03:19:49.000Z","volume":500,"label":" ","price":11.76},{"type":"B","date":"2018-05-02T03:20:18.000Z","volume":500,"label":" ","price":11.76},{"type":"A","date":"2018-05-02T03:20:35.000Z","volume":4000,"label":" ","price":11.78},{"type":"A","date":"2018-05-02T03:21:44.000Z","volume":2000,"label":" ","price":11.78},{"type":"A","date":"2018-05-02T03:22:22.000Z","volume":500,"label":" ","price":11.78},{"type":"B","date":"2018-05-02T03:23:10.000Z","volume":10000,"label":"Y","price":11.76},{"type":"B","date":"2018-05-02T03:23:11.000Z","volume":500,"label":" ","price":11.76},{"type":"B","date":"2018-05-02T03:23:11.000Z","volume":500,"label":" ","price":11.76},{"type":"A","date":"2018-05-02T03:23:26.000Z","volume":500,"label":" ","price":11.78},{"type":"U","date":"2018-05-02T03:23:33.000Z","volume":500,"label":"X","price":11.769},{"type":"B","date":"2018-05-02T03:25:20.000Z","volume":500,"label":" ","price":11.76},{"type":"A","date":"2018-05-02T03:26:55.000Z","volume":1000,"label":" ","price":11.78},{"type":"A","date":"2018-05-02T03:28:23.000Z","volume":5500,"label":"Y","price":11.78},{"type":"A","date":"2018-05-02T03:28:23.000Z","volume":6000,"label":" ","price":11.78},{"type":"A","date":"2018-05-02T03:28:23.000Z","volume":5000,"label":" ","price":11.78},{"type":"B","date":"2018-05-02T03:28:23.000Z","volume":500,"label":" ","price":11.76},{"type":"B","date":"2018-05-02T03:28:24.000Z","volume":500,"label":" ","price":11.76},{"type":"B","date":"2018-05-02T03:30:22.000Z","volume":500,"label":" ","price":11.76},{"type":"B","date":"2018-05-02T03:30:55.000Z","volume":1500,"label":" ","price":11.76},{"type":"A","date":"2018-05-02T03:31:41.000Z","volume":17500,"label":" ","price":11.78},{"type":"A","date":"2018-05-02T03:32:13.000Z","volume":3000,"label":" ","price":11.8},{"type":"A","date":"2018-05-02T03:33:13.000Z","volume":2500,"label":" ","price":11.8},{"type":"B","date":"2018-05-02T03:33:14.000Z","volume":500,"label":" ","price":11.78},{"type":"B","date":"2018-05-02T03:33:14.000Z","volume":500,"label":" ","price":11.78},{"type":"U","date":"2018-05-02T03:33:33.000Z","volume":500,"label":"X","price":11.781},{"type":"A","date":"2018-05-02T03:37:46.000Z","volume":1000,"label":" ","price":11.8},{"type":"A","date":"2018-05-02T03:37:55.000Z","volume":20000,"label":" ","price":11.8},{"type":"A","date":"2018-05-02T03:37:55.000Z","volume":2500,"label":" ","price":11.8},{"type":"B","date":"2018-05-02T03:37:55.000Z","volume":500,"label":" ","price":11.78},{"type":"A","date":"2018-05-02T03:38:13.000Z","volume":500,"label":" ","price":11.8},{"type":"B","date":"2018-05-02T03:40:22.000Z","volume":30000,"label":" ","price":11.8},{"type":"B","date":"2018-05-02T03:40:23.000Z","volume":1000,"label":" ","price":11.8},{"type":"B","date":"2018-05-02T03:40:23.000Z","volume":1000,"label":" ","price":11.8},{"type":"B","date":"2018-05-02T03:41:49.000Z","volume":33000,"label":" ","price":11.78},{"type":"B","date":"2018-05-02T03:41:49.000Z","volume":500,"label":" ","price":11.76},{"type":"B","date":"2018-05-02T03:41:49.000Z","volume":500,"label":" ","price":11.76},{"type":"B","date":"2018-05-02T03:41:49.000Z","volume":500,"label":" ","price":11.76},{"type":"B","date":"2018-05-02T03:41:49.000Z","volume":500,"label":" ","price":11.76},{"type":"B","date":"2018-05-02T03:41:50.000Z","volume":1500,"label":" ","price":11.76},{"type":"A","date":"2018-05-02T03:42:12.000Z","volume":500,"label":" ","price":11.78},{"type":"U","date":"2018-05-02T03:42:31.000Z","volume":500,"label":"X","price":11.77},{"type":"B","date":"2018-05-02T03:42:37.000Z","volume":42000,"label":"Y","price":11.76},{"type":"B","date":"2018-05-02T03:42:37.000Z","volume":51000,"label":" ","price":11.76},{"type":"B","date":"2018-05-02T03:42:38.000Z","volume":4000,"label":" ","price":11.74},{"type":"B","date":"2018-05-02T03:42:38.000Z","volume":5000,"label":" ","price":11.74},{"type":"B","date":"2018-05-02T03:42:38.000Z","volume":3000,"label":" ","price":11.72},{"type":"B","date":"2018-05-02T03:42:38.000Z","volume":500,"label":" ","price":11.72},{"type":"B","date":"2018-05-02T03:42:38.000Z","volume":500,"label":" ","price":11.72},{"type":"B","date":"2018-05-02T03:42:39.000Z","volume":500,"label":" ","price":11.72},{"type":"B","date":"2018-05-02T03:43:00.000Z","volume":5000,"label":"Y","price":11.72},{"type":"B","date":"2018-05-02T03:43:00.000Z","volume":2500,"label":" ","price":11.72},{"type":"B","date":"2018-05-02T03:43:00.000Z","volume":6500,"label":"Y","price":11.7},{"type":"B","date":"2018-05-02T03:43:00.000Z","volume":46000,"label":" ","price":11.7},{"type":"B","date":"2018-05-02T03:43:01.000Z","volume":2500,"label":" ","price":11.7},{"type":"U","date":"2018-05-02T03:43:33.000Z","volume":500,"label":"X","price":11.756},{"type":"A","date":"2018-05-02T03:45:26.000Z","volume":10500,"label":" ","price":11.74},{"type":"A","date":"2018-05-02T03:45:26.000Z","volume":3000,"label":" ","price":11.76},{"type":"A","date":"2018-05-02T03:49:25.000Z","volume":14000,"label":" ","price":11.78},{"type":"A","date":"2018-05-02T03:49:25.000Z","volume":500,"label":" ","price":11.78},{"type":"B","date":"2018-05-02T03:49:25.000Z","volume":500,"label":" ","price":11.76},{"type":"B","date":"2018-05-02T03:54:41.000Z","volume":500,"label":" ","price":11.76},{"type":"B","date":"2018-05-02T03:55:26.000Z","volume":500,"label":" ","price":11.76},{"type":"A","date":"2018-05-02T05:00:01.000Z","volume":1000,"label":" ","price":11.8},{"type":"B","date":"2018-05-02T05:00:01.000Z","volume":500,"label":" ","price":11.78},{"type":"B","date":"2018-05-02T05:00:03.000Z","volume":3500,"label":" ","price":11.78},{"type":"A","date":"2018-05-02T05:00:09.000Z","volume":500,"label":" ","price":11.78},{"type":"A","date":"2018-05-02T05:00:09.000Z","volume":500,"label":" ","price":11.78},{"type":"B","date":"2018-05-02T05:00:10.000Z","volume":500,"label":" ","price":11.76},{"type":"A","date":"2018-05-02T05:00:12.000Z","volume":1000,"label":" ","price":11.78},{"type":"A","date":"2018-05-02T05:00:12.000Z","volume":2000,"label":" ","price":11.8},{"type":"B","date":"2018-05-02T05:02:24.000Z","volume":2000,"label":" ","price":11.8},{"type":"A","date":"2018-05-02T05:02:31.000Z","volume":500,"label":" ","price":11.84},{"type":"B","date":"2018-05-02T05:02:38.000Z","volume":100000,"label":" ","price":11.8},{"type":"B","date":"2018-05-02T05:02:38.000Z","volume":500,"label":" ","price":11.8},{"type":"B","date":"2018-05-02T05:02:39.000Z","volume":1000,"label":" ","price":11.78},{"type":"B","date":"2018-05-02T05:02:39.000Z","volume":500,"label":" ","price":11.76},{"type":"B","date":"2018-05-02T05:02:39.000Z","volume":500,"label":" ","price":11.76},{"type":"B","date":"2018-05-02T05:02:39.000Z","volume":500,"label":" ","price":11.76},{"type":"B","date":"2018-05-02T05:02:39.000Z","volume":1500,"label":" ","price":11.76},{"type":"B","date":"2018-05-02T05:02:39.000Z","volume":500,"label":" ","price":11.76},{"type":"A","date":"2018-05-02T05:02:39.000Z","volume":3000,"label":" ","price":11.78},{"type":"B","date":"2018-05-02T05:02:39.000Z","volume":500,"label":" ","price":11.76},{"type":"B","date":"2018-05-02T05:02:39.000Z","volume":1000,"label":" ","price":11.76},{"type":"B","date":"2018-05-02T05:02:39.000Z","volume":500,"label":" ","price":11.76},{"type":"B","date":"2018-05-02T05:02:39.000Z","volume":500,"label":" ","price":11.76},{"type":"A","date":"2018-05-02T05:02:39.000Z","volume":500,"label":" ","price":11.78},{"type":"B","date":"2018-05-02T05:05:17.000Z","volume":500,"label":" ","price":11.78},{"type":"U","date":"2018-05-02T05:05:18.000Z","volume":500,"label":"X","price":11.78},{"type":"B","date":"2018-05-02T05:08:01.000Z","volume":500,"label":" ","price":11.78},{"type":"B","date":"2018-05-02T05:11:07.000Z","volume":500,"label":" ","price":11.8},{"type":"B","date":"2018-05-02T05:13:47.000Z","volume":10000,"label":" ","price":11.78},{"type":"B","date":"2018-05-02T05:13:48.000Z","volume":500,"label":" ","price":11.78},{"type":"B","date":"2018-05-02T05:13:48.000Z","volume":1000,"label":" ","price":11.78},{"type":"B","date":"2018-05-02T05:15:17.000Z","volume":2000,"label":" ","price":11.78},{"type":"U","date":"2018-05-02T05:15:18.000Z","volume":500,"label":"X","price":11.781},{"type":"B","date":"2018-05-02T05:15:24.000Z","volume":500,"label":" ","price":11.78},{"type":"B","date":"2018-05-02T05:18:22.000Z","volume":3500,"label":" ","price":11.78},{"type":"B","date":"2018-05-02T05:19:19.000Z","volume":500,"label":" ","price":11.76},{"type":"B","date":"2018-05-02T05:19:19.000Z","volume":500,"label":" ","price":11.76},{"type":"B","date":"2018-05-02T05:19:20.000Z","volume":500,"label":" ","price":11.76},{"type":"B","date":"2018-05-02T05:20:05.000Z","volume":500,"label":" ","price":11.76},{"type":"B","date":"2018-05-02T05:22:29.000Z","volume":5000,"label":"Y","price":11.76},{"type":"B","date":"2018-05-02T05:22:29.000Z","volume":17500,"label":" ","price":11.76},{"type":"B","date":"2018-05-02T05:22:29.000Z","volume":1000,"label":" ","price":11.74},{"type":"B","date":"2018-05-02T05:22:30.000Z","volume":1000,"label":" ","price":11.74},{"type":"B","date":"2018-05-02T05:22:30.000Z","volume":1500,"label":" ","price":11.74},{"type":"A","date":"2018-05-02T05:22:38.000Z","volume":9500,"label":" ","price":11.76},{"type":"B","date":"2018-05-02T05:22:39.000Z","volume":500,"label":" ","price":11.74},{"type":"B","date":"2018-05-02T05:22:57.000Z","volume":22500,"label":" ","price":11.74},{"type":"A","date":"2018-05-02T05:22:57.000Z","volume":500,"label":" ","price":11.74},{"type":"B","date":"2018-05-02T05:22:58.000Z","volume":1000,"label":" ","price":11.72},{"type":"B","date":"2018-05-02T05:22:58.000Z","volume":1000,"label":" ","price":11.72},{"type":"A","date":"2018-05-02T05:23:14.000Z","volume":7000,"label":"Y","price":11.74},{"type":"A","date":"2018-05-02T05:23:14.000Z","volume":3000,"label":" ","price":11.74},{"type":"A","date":"2018-05-02T05:23:14.000Z","volume":11000,"label":" ","price":11.74},{"type":"B","date":"2018-05-02T05:23:14.000Z","volume":500,"label":" ","price":11.72},{"type":"B","date":"2018-05-02T05:23:14.000Z","volume":500,"label":" ","price":11.72},{"type":"A","date":"2018-05-02T05:23:34.000Z","volume":2000,"label":"Y","price":11.74},{"type":"A","date":"2018-05-02T05:23:34.000Z","volume":2000,"label":" ","price":11.74},{"type":"B","date":"2018-05-02T05:24:40.000Z","volume":25500,"label":" ","price":11.72},{"type":"A","date":"2018-05-02T05:24:40.000Z","volume":6000,"label":" ","price":11.72},{"type":"B","date":"2018-05-02T05:24:41.000Z","volume":1000,"label":"Y","price":11.72},{"type":"B","date":"2018-05-02T05:24:41.000Z","volume":1000,"label":"Y","price":11.72},{"type":"B","date":"2018-05-02T05:25:25.000Z","volume":500,"label":" ","price":11.72},{"type":"A","date":"2018-05-02T05:26:16.000Z","volume":9500,"label":" ","price":11.74},{"type":"B","date":"2018-05-02T05:26:17.000Z","volume":500,"label":" ","price":11.72},{"type":"B","date":"2018-05-02T05:26:17.000Z","volume":1000,"label":" ","price":11.72},{"type":"B","date":"2018-05-02T05:26:32.000Z","volume":8000,"label":"Y","price":11.72},{"type":"B","date":"2018-05-02T05:26:32.000Z","volume":19000,"label":" ","price":11.72},{"type":"A","date":"2018-05-02T05:26:32.000Z","volume":3500,"label":" ","price":11.72},{"type":"B","date":"2018-05-02T05:26:32.000Z","volume":500,"label":" ","price":11.7},{"type":"B","date":"2018-05-02T05:26:32.000Z","volume":500,"label":" ","price":11.7},{"type":"A","date":"2018-05-02T05:26:32.000Z","volume":500,"label":"Y","price":11.72},{"type":"B","date":"2018-05-02T05:26:32.000Z","volume":500,"label":"Y","price":11.72},{"type":"B","date":"2018-05-02T05:26:32.000Z","volume":500,"label":"Y","price":11.72},{"type":"B","date":"2018-05-02T05:26:32.000Z","volume":500,"label":"Y","price":11.72},{"type":"A","date":"2018-05-02T05:26:40.000Z","volume":15500,"label":" ","price":11.74},{"type":"B","date":"2018-05-02T05:26:40.000Z","volume":500,"label":" ","price":11.74},{"type":"B","date":"2018-05-02T05:26:40.000Z","volume":1000,"label":" ","price":11.74},{"type":"U","date":"2018-05-02T05:28:25.000Z","volume":500,"label":"X","price":11.726},{"type":"A","date":"2018-05-02T05:29:13.000Z","volume":500,"label":" ","price":11.76},{"type":"A","date":"2018-05-02T05:31:29.000Z","volume":14000,"label":" ","price":11.76},{"type":"B","date":"2018-05-02T05:32:03.000Z","volume":19000,"label":" ","price":11.74},{"type":"A","date":"2018-05-02T05:32:03.000Z","volume":1000,"label":" ","price":11.74},{"type":"B","date":"2018-05-02T05:32:04.000Z","volume":1000,"label":" ","price":11.72},{"type":"B","date":"2018-05-02T05:32:04.000Z","volume":1000,"label":" ","price":11.72},{"type":"A","date":"2018-05-02T05:32:48.000Z","volume":3000,"label":" ","price":11.74},{"type":"B","date":"2018-05-02T05:32:49.000Z","volume":500,"label":" ","price":11.74},{"type":"B","date":"2018-05-02T05:33:51.000Z","volume":20000,"label":" ","price":11.74},{"type":"B","date":"2018-05-02T05:33:52.000Z","volume":1000,"label":" ","price":11.74},{"type":"B","date":"2018-05-02T05:33:52.000Z","volume":1000,"label":" ","price":11.74},{"type":"B","date":"2018-05-02T05:35:16.000Z","volume":500,"label":" ","price":11.74},{"type":"B","date":"2018-05-02T05:40:23.000Z","volume":500,"label":" ","price":11.74},{"type":"B","date":"2018-05-02T05:41:16.000Z","volume":500,"label":" ","price":11.74},{"type":"U","date":"2018-05-02T05:41:35.000Z","volume":500,"label":"X","price":11.739},{"type":"B","date":"2018-05-02T05:44:46.000Z","volume":1000,"label":"Y","price":11.72},{"type":"B","date":"2018-05-02T05:44:46.000Z","volume":32000,"label":" ","price":11.72},{"type":"B","date":"2018-05-02T05:44:46.000Z","volume":500,"label":" ","price":11.7},{"type":"B","date":"2018-05-02T05:44:47.000Z","volume":500,"label":" ","price":11.7},{"type":"B","date":"2018-05-02T05:44:47.000Z","volume":500,"label":" ","price":11.7},{"type":"B","date":"2018-05-02T05:44:47.000Z","volume":500,"label":" ","price":11.7},{"type":"B","date":"2018-05-02T05:44:47.000Z","volume":500,"label":" ","price":11.7},{"type":"B","date":"2018-05-02T05:44:47.000Z","volume":500,"label":" ","price":11.7},{"type":"B","date":"2018-05-02T05:44:47.000Z","volume":500,"label":" ","price":11.7},{"type":"B","date":"2018-05-02T05:44:47.000Z","volume":500,"label":" ","price":11.7},{"type":"B","date":"2018-05-02T05:45:00.000Z","volume":4500,"label":" ","price":11.7},{"type":"B","date":"2018-05-02T05:45:01.000Z","volume":500,"label":" ","price":11.7},{"type":"A","date":"2018-05-02T05:48:06.000Z","volume":1000,"label":"Y","price":11.72},{"type":"A","date":"2018-05-02T05:48:06.000Z","volume":40000,"label":" ","price":11.72},{"type":"B","date":"2018-05-02T05:48:06.000Z","volume":500,"label":" ","price":11.72},{"type":"B","date":"2018-05-02T05:48:06.000Z","volume":500,"label":" ","price":11.72},{"type":"B","date":"2018-05-02T05:48:06.000Z","volume":500,"label":" ","price":11.72},{"type":"A","date":"2018-05-02T05:49:35.000Z","volume":500,"label":" ","price":11.74},{"type":"A","date":"2018-05-02T05:49:35.000Z","volume":5000,"label":" ","price":11.74},{"type":"B","date":"2018-05-02T05:49:36.000Z","volume":500,"label":" ","price":11.72},{"type":"B","date":"2018-05-02T05:49:37.000Z","volume":500,"label":" ","price":11.72},{"type":"B","date":"2018-05-02T05:50:22.000Z","volume":500,"label":" ","price":11.72},{"type":"B","date":"2018-05-02T05:50:52.000Z","volume":1500,"label":"Y","price":11.72},{"type":"B","date":"2018-05-02T05:50:52.000Z","volume":11000,"label":" ","price":11.72},{"type":"B","date":"2018-05-02T05:50:53.000Z","volume":500,"label":" ","price":11.7},{"type":"B","date":"2018-05-02T05:50:53.000Z","volume":500,"label":" ","price":11.7},{"type":"U","date":"2018-05-02T05:51:35.000Z","volume":500,"label":"X","price":11.719},{"type":"A","date":"2018-05-02T05:51:45.000Z","volume":2000,"label":" ","price":11.72},{"type":"B","date":"2018-05-02T05:51:46.000Z","volume":500,"label":" ","price":11.7},{"type":"A","date":"2018-05-02T05:53:07.000Z","volume":1000,"label":"Y","price":11.72},{"type":"A","date":"2018-05-02T05:53:52.000Z","volume":10000,"label":" ","price":11.72},{"type":"A","date":"2018-05-02T05:53:52.000Z","volume":5000,"label":" ","price":11.72},{"type":"A","date":"2018-05-02T05:53:52.000Z","volume":1000,"label":"Y","price":11.72},{"type":"A","date":"2018-05-02T05:53:52.000Z","volume":29500,"label":" ","price":11.72},{"type":"B","date":"2018-05-02T05:53:52.000Z","volume":500,"label":" ","price":11.7},{"type":"B","date":"2018-05-02T05:53:52.000Z","volume":500,"label":" ","price":11.7},{"type":"B","date":"2018-05-02T05:53:52.000Z","volume":500,"label":" ","price":11.7},{"type":"B","date":"2018-05-02T05:53:52.000Z","volume":500,"label":" ","price":11.7},{"type":"B","date":"2018-05-02T05:53:52.000Z","volume":500,"label":" ","price":11.7},{"type":"B","date":"2018-05-02T05:53:52.000Z","volume":500,"label":" ","price":11.7},{"type":"A","date":"2018-05-02T05:54:46.000Z","volume":4500,"label":" ","price":11.72},{"type":"A","date":"2018-05-02T05:54:46.000Z","volume":500,"label":" ","price":11.74},{"type":"A","date":"2018-05-02T05:54:46.000Z","volume":5000,"label":" ","price":11.74},{"type":"B","date":"2018-05-02T05:54:47.000Z","volume":500,"label":" ","price":11.72},{"type":"B","date":"2018-05-02T05:55:16.000Z","volume":500,"label":" ","price":11.72},{"type":"B","date":"2018-05-02T05:55:52.000Z","volume":7000,"label":" ","price":11.72},{"type":"B","date":"2018-05-02T05:55:52.000Z","volume":2000,"label":" ","price":11.72},{"type":"U","date":"2018-05-02T05:55:52.000Z","volume":1000,"label":" ","price":11.72},{"type":"B","date":"2018-05-02T05:55:53.000Z","volume":500,"label":" ","price":11.7},{"type":"B","date":"2018-05-02T05:55:53.000Z","volume":500,"label":" ","price":11.7},{"type":"B","date":"2018-05-02T05:59:04.000Z","volume":5000,"label":" ","price":11.7},{"type":"B","date":"2018-05-02T06:00:10.000Z","volume":5000,"label":" ","price":11.7},{"type":"B","date":"2018-05-02T06:00:11.000Z","volume":500,"label":" ","price":11.7},{"type":"B","date":"2018-05-02T06:01:08.000Z","volume":10000,"label":"Y","price":11.7},{"type":"B","date":"2018-05-02T06:01:08.000Z","volume":17500,"label":" ","price":11.7},{"type":"B","date":"2018-05-02T06:01:09.000Z","volume":1500,"label":" ","price":11.7},{"type":"B","date":"2018-05-02T06:01:09.000Z","volume":1500,"label":" ","price":11.7},{"type":"U","date":"2018-05-02T06:01:35.000Z","volume":500,"label":"X","price":11.713},{"type":"B","date":"2018-05-02T06:03:00.000Z","volume":2000,"label":" ","price":11.7},{"type":"A","date":"2018-05-02T06:04:01.000Z","volume":2000,"label":" ","price":11.72},{"type":"B","date":"2018-05-02T06:05:30.000Z","volume":500,"label":" ","price":11.7},{"type":"A","date":"2018-05-02T06:09:09.000Z","volume":1500,"label":" ","price":11.72},{"type":"B","date":"2018-05-02T06:09:10.000Z","volume":500,"label":" ","price":11.7},{"type":"B","date":"2018-05-02T06:11:09.000Z","volume":8000,"label":"Y","price":11.7},{"type":"B","date":"2018-05-02T06:11:09.000Z","volume":72500,"label":" ","price":11.7},{"type":"B","date":"2018-05-02T06:11:10.000Z","volume":3500,"label":" ","price":11.68},{"type":"B","date":"2018-05-02T06:11:10.000Z","volume":4000,"label":" ","price":11.68},{"type":"B","date":"2018-05-02T06:11:20.000Z","volume":2500,"label":"Y","price":11.68},{"type":"B","date":"2018-05-02T06:11:20.000Z","volume":79500,"label":" ","price":11.68},{"type":"B","date":"2018-05-02T06:11:21.000Z","volume":1000,"label":"Y","price":11.66},{"type":"B","date":"2018-05-02T06:11:21.000Z","volume":2500,"label":" ","price":11.66},{"type":"B","date":"2018-05-02T06:11:21.000Z","volume":1500,"label":"Y","price":11.66},{"type":"B","date":"2018-05-02T06:11:21.000Z","volume":3000,"label":" ","price":11.66},{"type":"B","date":"2018-05-02T06:11:22.000Z","volume":500,"label":" ","price":11.66},{"type":"B","date":"2018-05-02T06:11:22.000Z","volume":500,"label":"Y","price":11.66},{"type":"B","date":"2018-05-02T06:11:23.000Z","volume":500,"label":"Y","price":11.66},{"type":"U","date":"2018-05-02T06:11:35.000Z","volume":500,"label":"X","price":11.689},{"type":"A","date":"2018-05-02T06:11:52.000Z","volume":5000,"label":" ","price":11.68},{"type":"A","date":"2018-05-02T06:11:52.000Z","volume":20000,"label":" ","price":11.68},{"type":"B","date":"2018-05-02T06:11:52.000Z","volume":500,"label":"Y","price":11.66},{"type":"B","date":"2018-05-02T06:11:52.000Z","volume":500,"label":"Y","price":11.66},{"type":"A","date":"2018-05-02T06:12:06.000Z","volume":10000,"label":" ","price":11.68},{"type":"A","date":"2018-05-02T06:12:31.000Z","volume":5000,"label":" ","price":11.68},{"type":"A","date":"2018-05-02T06:12:31.000Z","volume":3000,"label":" ","price":11.68},{"type":"A","date":"2018-05-02T06:12:38.000Z","volume":500,"label":" ","price":11.7},{"type":"A","date":"2018-05-02T06:12:38.000Z","volume":500,"label":" ","price":11.7},{"type":"A","date":"2018-05-02T06:12:39.000Z","volume":1500,"label":" ","price":11.7},{"type":"A","date":"2018-05-02T06:12:48.000Z","volume":20000,"label":" ","price":11.72},{"type":"B","date":"2018-05-02T06:12:48.000Z","volume":500,"label":" ","price":11.68},{"type":"A","date":"2018-05-02T06:13:35.000Z","volume":2000,"label":" ","price":11.7},{"type":"B","date":"2018-05-02T06:14:59.000Z","volume":1500,"label":" ","price":11.7},{"type":"B","date":"2018-05-02T06:15:17.000Z","volume":500,"label":" ","price":11.68},{"type":"A","date":"2018-05-02T06:15:20.000Z","volume":10000,"label":" ","price":11.7},{"type":"B","date":"2018-05-02T06:15:21.000Z","volume":500,"label":" ","price":11.68},{"type":"B","date":"2018-05-02T06:15:21.000Z","volume":500,"label":" ","price":11.68},{"type":"B","date":"2018-05-02T06:17:38.000Z","volume":9500,"label":" ","price":11.68},{"type":"B","date":"2018-05-02T06:17:38.000Z","volume":500,"label":" ","price":11.66},{"type":"B","date":"2018-05-02T06:17:39.000Z","volume":500,"label":"Y","price":11.66},{"type":"B","date":"2018-05-02T06:17:39.000Z","volume":500,"label":"Y","price":11.66},{"type":"B","date":"2018-05-02T06:19:14.000Z","volume":500,"label":" ","price":11.66},{"type":"A","date":"2018-05-02T06:19:44.000Z","volume":6500,"label":"Y","price":11.7},{"type":"B","date":"2018-05-02T06:19:45.000Z","volume":500,"label":"Y","price":11.66},{"type":"B","date":"2018-05-02T06:19:45.000Z","volume":500,"label":"Y","price":11.66},{"type":"B","date":"2018-05-02T06:20:21.000Z","volume":1000,"label":" ","price":11.66},{"type":"U","date":"2018-05-02T06:21:35.000Z","volume":500,"label":"X","price":11.691},{"type":"B","date":"2018-05-02T06:21:41.000Z","volume":3000,"label":" ","price":11.68},{"type":"A","date":"2018-05-02T06:22:23.000Z","volume":2500,"label":" ","price":11.7},{"type":"B","date":"2018-05-02T06:22:28.000Z","volume":500,"label":" ","price":11.68},{"type":"A","date":"2018-05-02T06:23:27.000Z","volume":500,"label":" ","price":11.7},{"type":"A","date":"2018-05-02T06:23:27.000Z","volume":10000,"label":" ","price":11.7},{"type":"B","date":"2018-05-02T06:23:28.000Z","volume":500,"label":" ","price":11.68},{"type":"B","date":"2018-05-02T06:23:28.000Z","volume":500,"label":" ","price":11.68},{"type":"A","date":"2018-05-02T06:23:28.000Z","volume":1000,"label":" ","price":11.7},{"type":"B","date":"2018-05-02T06:23:28.000Z","volume":500,"label":" ","price":11.68},{"type":"A","date":"2018-05-02T06:23:29.000Z","volume":4000,"label":" ","price":11.7},{"type":"A","date":"2018-05-02T06:23:29.000Z","volume":3500,"label":" ","price":11.7},{"type":"B","date":"2018-05-02T06:23:47.000Z","volume":2500,"label":" ","price":11.7},{"type":"A","date":"2018-05-02T06:24:54.000Z","volume":2000,"label":" ","price":11.7},{"type":"B","date":"2018-05-02T06:25:02.000Z","volume":500,"label":" ","price":11.68},{"type":"A","date":"2018-05-02T06:25:32.000Z","volume":4000,"label":" ","price":11.7},{"type":"B","date":"2018-05-02T06:25:50.000Z","volume":500,"label":" ","price":11.68},{"type":"B","date":"2018-05-02T06:26:22.000Z","volume":146500,"label":"Y","price":11.68},{"type":"B","date":"2018-05-02T06:26:22.000Z","volume":2000,"label":" ","price":11.68},{"type":"B","date":"2018-05-02T06:26:23.000Z","volume":6000,"label":" ","price":11.68},{"type":"B","date":"2018-05-02T06:26:23.000Z","volume":8000,"label":" ","price":11.68},{"type":"B","date":"2018-05-02T06:26:23.000Z","volume":500,"label":" ","price":11.68},{"type":"A","date":"2018-05-02T06:26:24.000Z","volume":1000,"label":" ","price":11.7},{"type":"A","date":"2018-05-02T06:26:24.000Z","volume":500,"label":" ","price":11.7},{"type":"B","date":"2018-05-02T06:26:24.000Z","volume":500,"label":" ","price":11.68},{"type":"B","date":"2018-05-02T06:26:30.000Z","volume":14000,"label":" ","price":11.68},{"type":"B","date":"2018-05-02T06:26:31.000Z","volume":500,"label":" ","price":11.68},{"type":"B","date":"2018-05-02T06:26:31.000Z","volume":500,"label":" ","price":11.68},{"type":"B","date":"2018-05-02T06:29:07.000Z","volume":2000,"label":" ","price":11.7},{"type":"B","date":"2018-05-02T06:29:08.000Z","volume":500,"label":" ","price":11.7},{"type":"U","date":"2018-05-02T06:31:35.000Z","volume":500,"label":"X","price":11.683},{"type":"B","date":"2018-05-02T06:31:40.000Z","volume":1000,"label":" ","price":11.7},{"type":"B","date":"2018-05-02T06:32:51.000Z","volume":500,"label":" ","price":11.7},{"type":"B","date":"2018-05-02T06:32:52.000Z","volume":500,"label":" ","price":11.7},{"type":"B","date":"2018-05-02T06:35:22.000Z","volume":2000,"label":" ","price":11.7},{"type":"B","date":"2018-05-02T06:36:03.000Z","volume":500,"label":" ","price":11.7},{"type":"A","date":"2018-05-02T06:36:32.000Z","volume":6000,"label":" ","price":11.72},{"type":"B","date":"2018-05-02T06:36:33.000Z","volume":500,"label":" ","price":11.7},{"type":"A","date":"2018-05-02T06:37:28.000Z","volume":4500,"label":" ","price":11.72},{"type":"A","date":"2018-05-02T06:37:28.000Z","volume":22500,"label":" ","price":11.72},{"type":"A","date":"2018-05-02T06:37:28.000Z","volume":500,"label":" ","price":11.72},{"type":"A","date":"2018-05-02T06:37:29.000Z","volume":1500,"label":"Y","price":11.72},{"type":"A","date":"2018-05-02T06:37:29.000Z","volume":500,"label":" ","price":11.72},{"type":"A","date":"2018-05-02T06:38:58.000Z","volume":2500,"label":" ","price":11.74},{"type":"B","date":"2018-05-02T06:40:44.000Z","volume":500,"label":" ","price":11.72},{"type":"U","date":"2018-05-02T06:41:35.000Z","volume":500,"label":"X","price":11.719},{"type":"A","date":"2018-05-02T06:41:42.000Z","volume":3500,"label":" ","price":11.76},{"type":"B","date":"2018-05-02T06:42:13.000Z","volume":2000,"label":" ","price":11.74},{"type":"B","date":"2018-05-02T06:42:14.000Z","volume":500,"label":" ","price":11.74},{"type":"A","date":"2018-05-02T06:42:35.000Z","volume":2000,"label":" ","price":11.78},{"type":"B","date":"2018-05-02T06:42:36.000Z","volume":500,"label":" ","price":11.78},{"type":"B","date":"2018-05-02T06:42:38.000Z","volume":500,"label":" ","price":11.78},{"type":"A","date":"2018-05-02T06:47:37.000Z","volume":5000,"label":" ","price":11.76},{"type":"A","date":"2018-05-02T06:47:37.000Z","volume":2500,"label":"Y","price":11.76},{"type":"A","date":"2018-05-02T06:47:37.000Z","volume":13500,"label":" ","price":11.76},{"type":"B","date":"2018-05-02T06:47:37.000Z","volume":500,"label":" ","price":11.74},{"type":"B","date":"2018-05-02T06:47:44.000Z","volume":500,"label":" ","price":11.74},{"type":"A","date":"2018-05-02T06:47:46.000Z","volume":500,"label":" ","price":11.78},{"type":"B","date":"2018-05-02T06:51:17.000Z","volume":10000,"label":"Y","price":11.76},{"type":"B","date":"2018-05-02T06:51:17.000Z","volume":5000,"label":" ","price":11.76},{"type":"B","date":"2018-05-02T06:51:17.000Z","volume":500,"label":" ","price":11.74},{"type":"B","date":"2018-05-02T06:51:17.000Z","volume":500,"label":" ","price":11.74},{"type":"B","date":"2018-05-02T06:51:17.000Z","volume":500,"label":" ","price":11.74},{"type":"U","date":"2018-05-02T06:51:39.000Z","volume":500,"label":"X","price":11.759},{"type":"A","date":"2018-05-02T06:51:40.000Z","volume":10000,"label":"Y","price":11.76},{"type":"B","date":"2018-05-02T06:51:40.000Z","volume":500,"label":" ","price":11.74},{"type":"B","date":"2018-05-02T06:51:40.000Z","volume":500,"label":" ","price":11.74},{"type":"A","date":"2018-05-02T06:52:12.000Z","volume":17000,"label":" ","price":11.76},{"type":"A","date":"2018-05-02T06:52:13.000Z","volume":6000,"label":" ","price":11.76},{"type":"B","date":"2018-05-02T06:52:13.000Z","volume":500,"label":" ","price":11.74},{"type":"B","date":"2018-05-02T06:52:14.000Z","volume":1000,"label":" ","price":11.74},{"type":"B","date":"2018-05-02T06:52:15.000Z","volume":500,"label":" ","price":11.74},{"type":"A","date":"2018-05-02T06:53:41.000Z","volume":1000,"label":" ","price":11.76},{"type":"A","date":"2018-05-02T06:54:43.000Z","volume":4500,"label":" ","price":11.76},{"type":"B","date":"2018-05-02T06:54:43.000Z","volume":500,"label":" ","price":11.74},{"type":"A","date":"2018-05-02T06:54:43.000Z","volume":500,"label":"Y","price":11.76},{"type":"A","date":"2018-05-02T06:54:43.000Z","volume":1500,"label":" ","price":11.76},{"type":"A","date":"2018-05-02T06:54:43.000Z","volume":500,"label":" ","price":11.76},{"type":"B","date":"2018-05-02T06:55:07.000Z","volume":24000,"label":"Y","price":11.74},{"type":"B","date":"2018-05-02T06:55:08.000Z","volume":1000,"label":" ","price":11.74},{"type":"B","date":"2018-05-02T06:55:08.000Z","volume":1500,"label":" ","price":11.74},{"type":"B","date":"2018-05-02T06:55:28.000Z","volume":17000,"label":"Y","price":11.74},{"type":"B","date":"2018-05-02T06:55:29.000Z","volume":1000,"label":" ","price":11.74},{"type":"B","date":"2018-05-02T06:55:29.000Z","volume":1000,"label":" ","price":11.74},{"type":"B","date":"2018-05-02T06:56:01.000Z","volume":6000,"label":"Y","price":11.74},{"type":"B","date":"2018-05-02T06:56:01.000Z","volume":14000,"label":" ","price":11.74},{"type":"B","date":"2018-05-02T06:56:02.000Z","volume":500,"label":" ","price":11.74},{"type":"B","date":"2018-05-02T06:56:02.000Z","volume":500,"label":" ","price":11.74},{"type":"B","date":"2018-05-02T06:56:02.000Z","volume":1000,"label":" ","price":11.74},{"type":"A","date":"2018-05-02T06:56:10.000Z","volume":500,"label":" ","price":11.78},{"type":"A","date":"2018-05-02T06:57:41.000Z","volume":2000,"label":" ","price":11.78},{"type":"A","date":"2018-05-02T06:58:34.000Z","volume":1000,"label":" ","price":11.78},{"type":"U","date":"2018-05-02T07:00:35.000Z","volume":500,"label":"X","price":11.745},{"type":"B","date":"2018-05-02T07:01:48.000Z","volume":500,"label":" ","price":11.74},{"type":"B","date":"2018-05-02T07:04:25.000Z","volume":500,"label":" ","price":11.74},{"type":"B","date":"2018-05-02T07:06:34.000Z","volume":1000,"label":" ","price":11.74},{"type":"B","date":"2018-05-02T07:06:35.000Z","volume":500,"label":" ","price":11.74},{"type":"A","date":"2018-05-02T07:07:33.000Z","volume":500,"label":" ","price":11.78},{"type":"A","date":"2018-05-02T07:08:20.000Z","volume":500,"label":" ","price":11.78},{"type":"U","date":"2018-05-02T07:10:35.000Z","volume":500,"label":"X","price":11.751},{"type":"A","date":"2018-05-02T07:10:36.000Z","volume":3000,"label":" ","price":11.78},{"type":"B","date":"2018-05-02T07:10:49.000Z","volume":500,"label":" ","price":11.74},{"type":"B","date":"2018-05-02T07:10:50.000Z","volume":500,"label":" ","price":11.74},{"type":"B","date":"2018-05-02T07:11:51.000Z","volume":500,"label":" ","price":11.74},{"type":"B","date":"2018-05-02T07:20:01.000Z","volume":500,"label":" ","price":11.76},{"type":"A","date":"2018-05-02T07:20:14.000Z","volume":3500,"label":" ","price":11.78},{"type":"B","date":"2018-05-02T07:20:15.000Z","volume":500,"label":" ","price":11.74},{"type":"B","date":"2018-05-02T07:20:36.000Z","volume":19500,"label":"Y","price":11.74},{"type":"B","date":"2018-05-02T07:20:36.000Z","volume":30500,"label":" ","price":11.74},{"type":"B","date":"2018-05-02T07:20:36.000Z","volume":2000,"label":" ","price":11.74},{"type":"B","date":"2018-05-02T07:20:37.000Z","volume":2000,"label":" ","price":11.72},{"type":"B","date":"2018-05-02T07:20:37.000Z","volume":2500,"label":" ","price":11.72},{"type":"U","date":"2018-05-02T07:25:37.000Z","volume":500,"label":"X","price":11.72},{"type":"B","date":"2018-05-02T07:26:16.000Z","volume":500,"label":" ","price":11.74},{"type":"B","date":"2018-05-02T07:26:17.000Z","volume":500,"label":" ","price":11.72},{"type":"B","date":"2018-05-02T07:31:15.000Z","volume":500,"label":" ","price":11.74},{"type":"B","date":"2018-05-02T07:31:50.000Z","volume":500,"label":" ","price":11.74},{"type":"B","date":"2018-05-02T07:35:27.000Z","volume":1000,"label":" ","price":11.74},{"type":"B","date":"2018-05-02T07:35:28.000Z","volume":500,"label":" ","price":11.74},{"type":"A","date":"2018-05-02T07:35:50.000Z","volume":2500,"label":" ","price":11.76},{"type":"B","date":"2018-05-02T07:36:36.000Z","volume":500,"label":" ","price":11.74},{"type":"A","date":"2018-05-02T07:36:46.000Z","volume":1000,"label":" ","price":11.76},{"type":"A","date":"2018-05-02T07:37:48.000Z","volume":3000,"label":" ","price":11.76},{"type":"B","date":"2018-05-02T07:38:38.000Z","volume":500,"label":" ","price":11.74},{"type":"A","date":"2018-05-02T07:38:43.000Z","volume":5000,"label":" ","price":11.76},{"type":"B","date":"2018-05-02T07:38:44.000Z","volume":500,"label":" ","price":11.74},{"type":"B","date":"2018-05-02T07:38:44.000Z","volume":500,"label":" ","price":11.74},{"type":"A","date":"2018-05-02T07:39:44.000Z","volume":5000,"label":" ","price":11.76},{"type":"A","date":"2018-05-02T07:39:44.000Z","volume":2500,"label":"Y","price":11.76},{"type":"A","date":"2018-05-02T07:39:44.000Z","volume":7500,"label":" ","price":11.76},{"type":"A","date":"2018-05-02T07:39:44.000Z","volume":500,"label":"Y","price":11.76},{"type":"A","date":"2018-05-02T07:39:44.000Z","volume":1000,"label":" ","price":11.76},{"type":"B","date":"2018-05-02T07:39:44.000Z","volume":500,"label":" ","price":11.74},{"type":"A","date":"2018-05-02T07:39:57.000Z","volume":500,"label":" ","price":11.76},{"type":"A","date":"2018-05-02T07:40:31.000Z","volume":6000,"label":" ","price":11.76},{"type":"A","date":"2018-05-02T07:40:49.000Z","volume":1500,"label":" ","price":11.76},{"type":"A","date":"2018-05-02T07:41:54.000Z","volume":2000,"label":" ","price":11.76},{"type":"A","date":"2018-05-02T07:42:08.000Z","volume":500,"label":" ","price":11.76},{"type":"A","date":"2018-05-02T07:42:43.000Z","volume":1000,"label":" ","price":11.76},{"type":"B","date":"2018-05-02T07:44:33.000Z","volume":10000,"label":" ","price":11.74},{"type":"B","date":"2018-05-02T07:44:34.000Z","volume":500,"label":" ","price":11.74},{"type":"B","date":"2018-05-02T07:44:34.000Z","volume":500,"label":" ","price":11.74},{"type":"U","date":"2018-05-02T07:45:35.000Z","volume":500,"label":"X","price":11.755},{"type":"A","date":"2018-05-02T07:45:45.000Z","volume":1000,"label":" ","price":11.76},{"type":"B","date":"2018-05-02T07:45:57.000Z","volume":14000,"label":"Y","price":11.74},{"type":"B","date":"2018-05-02T07:45:57.000Z","volume":26000,"label":" ","price":11.74},{"type":"B","date":"2018-05-02T07:45:57.000Z","volume":500,"label":" ","price":11.74},{"type":"A","date":"2018-05-02T07:45:57.000Z","volume":500,"label":" ","price":11.74},{"type":"B","date":"2018-05-02T07:45:58.000Z","volume":1500,"label":" ","price":11.72},{"type":"B","date":"2018-05-02T07:45:58.000Z","volume":2000,"label":" ","price":11.72},{"type":"B","date":"2018-05-02T07:45:58.000Z","volume":500,"label":" ","price":11.72},{"type":"A","date":"2018-05-02T07:46:09.000Z","volume":2500,"label":" ","price":11.74},{"type":"B","date":"2018-05-02T07:46:36.000Z","volume":11500,"label":"Y","price":11.74},{"type":"B","date":"2018-05-02T07:46:36.000Z","volume":1500,"label":" ","price":11.74},{"type":"B","date":"2018-05-02T07:46:37.000Z","volume":500,"label":" ","price":11.72},{"type":"B","date":"2018-05-02T07:46:37.000Z","volume":500,"label":" ","price":11.72},{"type":"A","date":"2018-05-02T07:46:49.000Z","volume":14500,"label":"Y","price":11.74},{"type":"B","date":"2018-05-02T07:46:50.000Z","volume":500,"label":" ","price":11.72},{"type":"B","date":"2018-05-02T07:46:50.000Z","volume":1000,"label":" ","price":11.72},{"type":"A","date":"2018-05-02T07:46:59.000Z","volume":10000,"label":"Y","price":11.74},{"type":"A","date":"2018-05-02T07:46:59.000Z","volume":2000,"label":" ","price":11.74},{"type":"B","date":"2018-05-02T07:46:59.000Z","volume":500,"label":" ","price":11.74},{"type":"B","date":"2018-05-02T07:46:59.000Z","volume":500,"label":" ","price":11.74},{"type":"B","date":"2018-05-02T07:46:59.000Z","volume":1000,"label":" ","price":11.74},{"type":"A","date":"2018-05-02T07:47:09.000Z","volume":1000,"label":" ","price":11.74},{"type":"B","date":"2018-05-02T07:48:11.000Z","volume":8500,"label":"Y","price":11.74},{"type":"B","date":"2018-05-02T07:48:11.000Z","volume":1500,"label":" ","price":11.74},{"type":"B","date":"2018-05-02T07:50:17.000Z","volume":500,"label":" ","price":11.74},{"type":"A","date":"2018-05-02T07:50:17.000Z","volume":500,"label":"Y","price":11.76},{"type":"B","date":"2018-05-02T07:50:35.000Z","volume":500,"label":" ","price":11.74},{"type":"B","date":"2018-05-02T07:50:35.000Z","volume":500,"label":" ","price":11.74},{"type":"U","date":"2018-05-02T07:50:40.000Z","volume":500,"label":"X","price":11.739},{"type":"B","date":"2018-05-02T07:50:51.000Z","volume":500,"label":" ","price":11.74},{"type":"A","date":"2018-05-02T07:51:55.000Z","volume":7000,"label":" ","price":11.76},{"type":"A","date":"2018-05-02T07:51:55.000Z","volume":20000,"label":" ","price":11.76},{"type":"A","date":"2018-05-02T07:51:55.000Z","volume":500,"label":"Y","price":11.76},{"type":"A","date":"2018-05-02T07:51:55.000Z","volume":9500,"label":" ","price":11.76},{"type":"A","date":"2018-05-02T07:51:55.000Z","volume":500,"label":" ","price":11.74},{"type":"B","date":"2018-05-02T07:51:55.000Z","volume":500,"label":" ","price":11.72},{"type":"B","date":"2018-05-02T07:51:56.000Z","volume":1000,"label":" ","price":11.72},{"type":"A","date":"2018-05-02T07:52:00.000Z","volume":500,"label":" ","price":11.74},{"type":"B","date":"2018-05-02T07:52:01.000Z","volume":500,"label":" ","price":11.74},{"type":"B","date":"2018-05-02T07:55:09.000Z","volume":500,"label":" ","price":11.74},{"type":"B","date":"2018-05-02T07:55:10.000Z","volume":500,"label":" ","price":11.74},{"type":"B","date":"2018-05-02T07:55:44.000Z","volume":500,"label":" ","price":11.74},{"type":"A","date":"2018-05-02T07:56:09.000Z","volume":500,"label":"Y","price":11.78},{"type":"B","date":"2018-05-02T07:56:24.000Z","volume":5000,"label":" ","price":11.74},{"type":"B","date":"2018-05-02T07:56:58.000Z","volume":500,"label":" ","price":11.76},{"type":"A","date":"2018-05-02T07:57:29.000Z","volume":500,"label":"Y","price":11.78},{"type":"B","date":"2018-05-02T07:57:47.000Z","volume":500,"label":" ","price":11.76},{"type":"A","date":"2018-05-02T07:58:02.000Z","volume":3500,"label":" ","price":11.78},{"type":"A","date":"2018-05-02T07:58:16.000Z","volume":500,"label":" ","price":11.8},{"type":"A","date":"2018-05-02T07:58:38.000Z","volume":1000,"label":" ","price":11.8},{"type":"B","date":"2018-05-02T07:58:40.000Z","volume":1500,"label":" ","price":11.78},{"type":"A","date":"2018-05-02T07:58:56.000Z","volume":2000,"label":" ","price":11.78},{"type":"A","date":"2018-05-02T07:59:00.000Z","volume":500,"label":" ","price":11.78},{"type":"A","date":"2018-05-02T07:59:01.000Z","volume":500,"label":" ","price":11.78},{"type":"A","date":"2018-05-02T07:59:23.000Z","volume":500,"label":" ","price":11.78},{"type":"A","date":"2018-05-02T07:59:28.000Z","volume":500,"label":" ","price":11.78},{"type":"B","date":"2018-05-02T07:59:31.000Z","volume":500,"label":" ","price":11.76},{"type":"A","date":"2018-05-02T07:59:35.000Z","volume":500,"label":" ","price":11.8},{"type":"A","date":"2018-05-02T07:59:55.000Z","volume":500,"label":" ","price":11.8},{"type":"B","date":"2018-05-02T07:59:56.000Z","volume":500,"label":" ","price":11.74},{"type":"U","date":"2018-05-02T08:09:02.000Z","volume":8500,"label":"U","price":11.8}]