[{"type":"B","date":"2018-05-04T01:53:48.000Z","volume":60000,"label":" ","price":1.12},{"type":"B","date":"2018-05-04T01:55:16.000Z","volume":4000,"label":" ","price":1.11},{"type":"B","date":"2018-05-04T01:55:41.000Z","volume":4000,"label":" ","price":1.11},{"type":"A","date":"2018-05-04T02:25:59.000Z","volume":4000,"label":" ","price":1.12},{"type":"A","date":"2018-05-04T02:33:57.000Z","volume":20000,"label":" ","price":1.12},{"type":"A","date":"2018-05-04T02:56:34.000Z","volume":16000,"label":" ","price":1.12},{"type":"B","date":"2018-05-04T03:17:18.000Z","volume":4000,"label":" ","price":1.11},{"type":"A","date":"2018-05-04T03:30:42.000Z","volume":16000,"label":" ","price":1.12},{"type":"B","date":"2018-05-04T03:30:44.000Z","volume":4000,"label":" ","price":1.11},{"type":"A","date":"2018-05-04T03:57:50.000Z","volume":20000,"label":" ","price":1.12},{"type":"A","date":"2018-05-04T05:00:06.000Z","volume":8000,"label":" ","price":1.12},{"type":"B","date":"2018-05-04T05:10:16.000Z","volume":20000,"label":" ","price":1.12},{"type":"B","date":"2018-05-04T05:10:18.000Z","volume":4000,"label":" ","price":1.11},{"type":"B","date":"2018-05-04T05:12:53.000Z","volume":92000,"label":" ","price":1.11},{"type":"B","date":"2018-05-04T05:12:55.000Z","volume":4000,"label":" ","price":1.1},{"type":"B","date":"2018-05-04T05:13:05.000Z","volume":20000,"label":" ","price":1.1},{"type":"A","date":"2018-05-04T05:14:39.000Z","volume":20000,"label":" ","price":1.11},{"type":"A","date":"2018-05-04T05:34:21.000Z","volume":4000,"label":" ","price":1.11},{"type":"B","date":"2018-05-04T05:34:21.000Z","volume":4000,"label":" ","price":1.11},{"type":"B","date":"2018-05-04T06:05:44.000Z","volume":40000,"label":" ","price":1.1},{"type":"A","date":"2018-05-04T06:09:09.000Z","volume":36000,"label":" ","price":1.11},{"type":"B","date":"2018-05-04T06:15:44.000Z","volume":16000,"label":" ","price":1.1},{"type":"B","date":"2018-05-04T06:31:35.000Z","volume":4000,"label":" ","price":1.1},{"type":"B","date":"2018-05-04T06:55:31.000Z","volume":8000,"label":" ","price":1.1},{"type":"B","date":"2018-05-04T07:01:04.000Z","volume":84000,"label":" ","price":1.1},{"type":"B","date":"2018-05-04T07:09:25.000Z","volume":4000,"label":" ","price":1.09},{"type":"A","date":"2018-05-04T07:17:13.000Z","volume":44000,"label":" ","price":1.1},{"type":"A","date":"2018-05-04T07:22:32.000Z","volume":20000,"label":" ","price":1.1},{"type":"A","date":"2018-05-04T07:48:24.000Z","volume":36000,"label":" ","price":1.1},{"type":"A","date":"2018-05-04T07:48:50.000Z","volume":4000,"label":" ","price":1.1},{"type":"B","date":"2018-05-04T07:54:39.000Z","volume":32000,"label":"Y","price":1.09},{"type":"B","date":"2018-05-04T07:54:39.000Z","volume":228000,"label":" ","price":1.09},{"type":"B","date":"2018-05-04T07:54:56.000Z","volume":4000,"label":" ","price":1.09},{"type":"A","date":"2018-05-04T07:56:41.000Z","volume":4000,"label":" ","price":1.1},{"type":"B","date":"2018-05-04T07:59:08.000Z","volume":4000,"label":" ","price":1.09},{"type":"A","date":"2018-05-04T07:59:18.000Z","volume":4000,"label":" ","price":1.1},{"type":"A","date":"2018-05-04T07:59:33.000Z","volume":4000,"label":" ","price":1.1},{"type":"A","date":"2018-05-04T07:59:34.000Z","volume":4000,"label":" ","price":1.1},{"type":"A","date":"2018-05-04T07:59:52.000Z","volume":4000,"label":" ","price":1.1}]