[{"type":"U","date":"2018-04-17T01:39:18.000Z","volume":4,"label":"D","price":1.065},{"type":"B","date":"2018-04-17T01:45:46.000Z","volume":100000,"label":" ","price":0.98},{"type":"B","date":"2018-04-17T01:46:25.000Z","volume":40000,"label":" ","price":0.98},{"type":"B","date":"2018-04-17T01:51:23.000Z","volume":30000,"label":" ","price":0.98},{"type":"B","date":"2018-04-17T01:51:23.000Z","volume":2000,"label":" ","price":0.98},{"type":"B","date":"2018-04-17T01:58:52.000Z","volume":22000,"label":" ","price":0.97},{"type":"B","date":"2018-04-17T02:00:42.000Z","volume":50000,"label":" ","price":0.97},{"type":"B","date":"2018-04-17T02:03:32.000Z","volume":14000,"label":" ","price":0.97},{"type":"A","date":"2018-04-17T02:05:04.000Z","volume":2000,"label":" ","price":0.97},{"type":"B","date":"2018-04-17T02:08:17.000Z","volume":2000,"label":" ","price":0.96},{"type":"B","date":"2018-04-17T02:20:15.000Z","volume":16000,"label":" ","price":0.96},{"type":"B","date":"2018-04-17T02:43:36.000Z","volume":2000,"label":" ","price":0.95},{"type":"B","date":"2018-04-17T02:43:36.000Z","volume":12000,"label":" ","price":0.95},{"type":"B","date":"2018-04-17T02:59:44.000Z","volume":20000,"label":" ","price":0.94},{"type":"B","date":"2018-04-17T03:11:19.000Z","volume":20000,"label":" ","price":0.94},{"type":"B","date":"2018-04-17T03:11:19.000Z","volume":2000,"label":" ","price":0.94},{"type":"A","date":"2018-04-17T03:22:42.000Z","volume":30000,"label":" ","price":0.95},{"type":"A","date":"2018-04-17T03:55:58.000Z","volume":20000,"label":" ","price":0.96},{"type":"A","date":"2018-04-17T03:55:58.000Z","volume":24000,"label":" ","price":0.97},{"type":"A","date":"2018-04-17T03:55:58.000Z","volume":30000,"label":" ","price":0.98},{"type":"A","date":"2018-04-17T03:55:58.000Z","volume":22000,"label":" ","price":0.99},{"type":"A","date":"2018-04-17T03:55:58.000Z","volume":4000,"label":"Y","price":1},{"type":"A","date":"2018-04-17T03:55:58.000Z","volume":100000,"label":" ","price":1},{"type":"A","date":"2018-04-17T05:16:28.000Z","volume":2000,"label":" ","price":0.98},{"type":"B","date":"2018-04-17T05:17:26.000Z","volume":48000,"label":" ","price":0.98},{"type":"B","date":"2018-04-17T05:18:45.000Z","volume":4000,"label":" ","price":0.96},{"type":"A","date":"2018-04-17T05:19:13.000Z","volume":16000,"label":" ","price":0.96},{"type":"B","date":"2018-04-17T05:32:19.000Z","volume":2000,"label":" ","price":0.95},{"type":"B","date":"2018-04-17T05:33:40.000Z","volume":14000,"label":" ","price":0.94},{"type":"B","date":"2018-04-17T05:35:57.000Z","volume":6000,"label":" ","price":0.94},{"type":"B","date":"2018-04-17T06:19:47.000Z","volume":2000,"label":" ","price":0.94},{"type":"A","date":"2018-04-17T06:26:31.000Z","volume":8000,"label":" ","price":0.95},{"type":"B","date":"2018-04-17T07:30:23.000Z","volume":20000,"label":" ","price":0.94},{"type":"B","date":"2018-04-17T07:30:33.000Z","volume":2000,"label":" ","price":0.93},{"type":"A","date":"2018-04-17T07:30:40.000Z","volume":16000,"label":" ","price":0.93},{"type":"A","date":"2018-04-17T07:35:02.000Z","volume":4000,"label":" ","price":0.93},{"type":"A","date":"2018-04-17T07:38:14.000Z","volume":4000,"label":" ","price":0.93},{"type":"B","date":"2018-04-17T07:58:38.000Z","volume":2000,"label":" ","price":0.92}]