[{"type":"B","date":"2018-03-23T02:23:36.000Z","volume":1000,"label":" ","price":10.66},{"type":"A","date":"2018-03-23T02:33:44.000Z","volume":21000,"label":" ","price":10.7},{"type":"A","date":"2018-03-23T02:33:44.000Z","volume":1000,"label":" ","price":10.72},{"type":"A","date":"2018-03-23T02:33:44.000Z","volume":10000,"label":" ","price":10.7},{"type":"B","date":"2018-03-23T02:33:44.000Z","volume":10000,"label":" ","price":10.7},{"type":"B","date":"2018-03-23T02:33:44.000Z","volume":10000,"label":" ","price":10.7},{"type":"B","date":"2018-03-23T02:33:44.000Z","volume":10000,"label":" ","price":10.7},{"type":"B","date":"2018-03-23T02:33:44.000Z","volume":10000,"label":" ","price":10.7},{"type":"B","date":"2018-03-23T02:33:44.000Z","volume":10000,"label":" ","price":10.7},{"type":"B","date":"2018-03-23T02:33:44.000Z","volume":10000,"label":" ","price":10.7},{"type":"B","date":"2018-03-23T02:33:44.000Z","volume":10000,"label":" ","price":10.7},{"type":"B","date":"2018-03-23T02:33:44.000Z","volume":10000,"label":" ","price":10.7},{"type":"B","date":"2018-03-23T02:33:44.000Z","volume":10000,"label":" ","price":10.7},{"type":"B","date":"2018-03-23T02:33:44.000Z","volume":10000,"label":" ","price":10.7},{"type":"B","date":"2018-03-23T02:33:44.000Z","volume":10000,"label":" ","price":10.7},{"type":"B","date":"2018-03-23T02:33:44.000Z","volume":10000,"label":" ","price":10.7},{"type":"B","date":"2018-03-23T02:33:44.000Z","volume":10000,"label":" ","price":10.7},{"type":"B","date":"2018-03-23T02:33:44.000Z","volume":10000,"label":" ","price":10.7},{"type":"B","date":"2018-03-23T02:33:44.000Z","volume":10000,"label":" ","price":10.7},{"type":"B","date":"2018-03-23T02:33:44.000Z","volume":10000,"label":" ","price":10.7},{"type":"B","date":"2018-03-23T02:33:44.000Z","volume":10000,"label":" ","price":10.7},{"type":"B","date":"2018-03-23T02:33:44.000Z","volume":10000,"label":" ","price":10.7},{"type":"B","date":"2018-03-23T02:33:44.000Z","volume":10000,"label":" ","price":10.7},{"type":"B","date":"2018-03-23T02:33:44.000Z","volume":10000,"label":" ","price":10.7},{"type":"B","date":"2018-03-23T02:33:44.000Z","volume":10000,"label":" ","price":10.7},{"type":"B","date":"2018-03-23T02:33:44.000Z","volume":10000,"label":" ","price":10.7},{"type":"B","date":"2018-03-23T02:33:44.000Z","volume":10000,"label":" ","price":10.7},{"type":"B","date":"2018-03-23T02:33:44.000Z","volume":10000,"label":" ","price":10.7},{"type":"B","date":"2018-03-23T02:33:44.000Z","volume":10000,"label":" ","price":10.7},{"type":"B","date":"2018-03-23T02:33:44.000Z","volume":10000,"label":" ","price":10.7},{"type":"B","date":"2018-03-23T02:33:44.000Z","volume":10000,"label":" ","price":10.7},{"type":"B","date":"2018-03-23T02:33:44.000Z","volume":10000,"label":" ","price":10.7},{"type":"B","date":"2018-03-23T02:33:44.000Z","volume":10000,"label":" ","price":10.7},{"type":"B","date":"2018-03-23T02:33:44.000Z","volume":10000,"label":" ","price":10.7},{"type":"B","date":"2018-03-23T02:33:44.000Z","volume":10000,"label":" ","price":10.7},{"type":"B","date":"2018-03-23T02:33:44.000Z","volume":10000,"label":" ","price":10.7},{"type":"B","date":"2018-03-23T02:33:44.000Z","volume":10000,"label":" ","price":10.7},{"type":"B","date":"2018-03-23T02:33:44.000Z","volume":10000,"label":" ","price":10.7},{"type":"B","date":"2018-03-23T02:33:44.000Z","volume":10000,"label":" ","price":10.7},{"type":"B","date":"2018-03-23T02:33:44.000Z","volume":10000,"label":" ","price":10.7},{"type":"B","date":"2018-03-23T02:33:44.000Z","volume":10000,"label":" ","price":10.7},{"type":"B","date":"2018-03-23T02:33:44.000Z","volume":10000,"label":" ","price":10.7},{"type":"B","date":"2018-03-23T02:33:44.000Z","volume":10000,"label":" ","price":10.7},{"type":"B","date":"2018-03-23T02:33:44.000Z","volume":10000,"label":" ","price":10.7},{"type":"B","date":"2018-03-23T02:33:44.000Z","volume":10000,"label":" ","price":10.7},{"type":"B","date":"2018-03-23T02:33:44.000Z","volume":10000,"label":" ","price":10.7},{"type":"B","date":"2018-03-23T02:33:44.000Z","volume":10000,"label":" ","price":10.7},{"type":"B","date":"2018-03-23T02:33:44.000Z","volume":10000,"label":" ","price":10.7},{"type":"B","date":"2018-03-23T02:33:44.000Z","volume":10000,"label":" ","price":10.7},{"type":"B","date":"2018-03-23T02:33:44.000Z","volume":10000,"label":" ","price":10.7},{"type":"B","date":"2018-03-23T02:33:44.000Z","volume":10000,"label":" ","price":10.7},{"type":"B","date":"2018-03-23T02:33:44.000Z","volume":7000,"label":" ","price":10.7},{"type":"B","date":"2018-03-23T02:33:44.000Z","volume":1000,"label":" ","price":10.7},{"type":"B","date":"2018-03-23T02:33:44.000Z","volume":2000,"label":" ","price":10.7},{"type":"U","date":"2018-03-23T02:34:11.000Z","volume":500,"label":"X","price":10.7},{"type":"U","date":"2018-03-23T02:35:02.000Z","volume":500,"label":" ","price":10.8},{"type":"A","date":"2018-03-23T02:35:21.000Z","volume":500,"label":"Y","price":10.84},{"type":"A","date":"2018-03-23T02:36:02.000Z","volume":500,"label":" ","price":10.84},{"type":"A","date":"2018-03-23T02:36:02.000Z","volume":8000,"label":" ","price":10.84},{"type":"A","date":"2018-03-23T02:36:02.000Z","volume":500,"label":" ","price":10.84},{"type":"A","date":"2018-03-23T02:36:02.000Z","volume":500,"label":" ","price":10.84},{"type":"A","date":"2018-03-23T02:36:02.000Z","volume":2000,"label":" ","price":10.84},{"type":"A","date":"2018-03-23T02:36:02.000Z","volume":500,"label":" ","price":10.84},{"type":"U","date":"2018-03-23T02:36:39.000Z","volume":500,"label":"X","price":10.84},{"type":"B","date":"2018-03-23T02:37:39.000Z","volume":3000,"label":" ","price":10.78},{"type":"A","date":"2018-03-23T02:39:51.000Z","volume":1000,"label":" ","price":10.8},{"type":"A","date":"2018-03-23T02:40:51.000Z","volume":1000,"label":" ","price":10.82},{"type":"A","date":"2018-03-23T02:41:18.000Z","volume":3000,"label":"Y","price":10.78},{"type":"A","date":"2018-03-23T02:42:22.000Z","volume":2500,"label":" ","price":10.76},{"type":"A","date":"2018-03-23T02:42:27.000Z","volume":3500,"label":" ","price":10.74},{"type":"A","date":"2018-03-23T02:42:47.000Z","volume":500,"label":"Y","price":10.78},{"type":"U","date":"2018-03-23T02:43:18.000Z","volume":500,"label":"X","price":10.751},{"type":"B","date":"2018-03-23T02:44:27.000Z","volume":2500,"label":"Y","price":10.76},{"type":"B","date":"2018-03-23T02:44:27.000Z","volume":10000,"label":" ","price":10.76},{"type":"A","date":"2018-03-23T02:47:21.000Z","volume":500,"label":"Y","price":10.8},{"type":"A","date":"2018-03-23T02:47:21.000Z","volume":500,"label":" ","price":10.8},{"type":"A","date":"2018-03-23T02:47:52.000Z","volume":1000,"label":" ","price":10.8},{"type":"A","date":"2018-03-23T02:50:11.000Z","volume":1000,"label":" ","price":10.8},{"type":"A","date":"2018-03-23T02:50:26.000Z","volume":500,"label":" ","price":10.78},{"type":"U","date":"2018-03-23T02:50:51.000Z","volume":1000,"label":"X","price":10.768},{"type":"A","date":"2018-03-23T02:51:26.000Z","volume":500,"label":" ","price":10.78},{"type":"U","date":"2018-03-23T03:01:05.000Z","volume":1000,"label":"X","price":10.78},{"type":"A","date":"2018-03-23T03:09:19.000Z","volume":5000,"label":" ","price":10.76},{"type":"B","date":"2018-03-23T03:09:20.000Z","volume":500,"label":"Y","price":10.74},{"type":"B","date":"2018-03-23T03:09:20.000Z","volume":2500,"label":" ","price":10.74},{"type":"U","date":"2018-03-23T03:09:21.000Z","volume":500,"label":"X","price":10.753},{"type":"A","date":"2018-03-23T03:10:34.000Z","volume":2000,"label":"Y","price":10.76},{"type":"A","date":"2018-03-23T03:10:34.000Z","volume":4500,"label":" ","price":10.76},{"type":"B","date":"2018-03-23T03:10:34.000Z","volume":1000,"label":" ","price":10.74},{"type":"A","date":"2018-03-23T03:10:46.000Z","volume":500,"label":"Y","price":10.76},{"type":"B","date":"2018-03-23T03:10:47.000Z","volume":500,"label":" ","price":10.74},{"type":"A","date":"2018-03-23T03:10:56.000Z","volume":500,"label":"Y","price":10.76},{"type":"A","date":"2018-03-23T03:10:56.000Z","volume":1000,"label":" ","price":10.76},{"type":"A","date":"2018-03-23T03:14:02.000Z","volume":23500,"label":" ","price":10.8},{"type":"A","date":"2018-03-23T03:14:02.000Z","volume":12000,"label":" ","price":10.82},{"type":"B","date":"2018-03-23T03:14:02.000Z","volume":15000,"label":" ","price":10.84},{"type":"A","date":"2018-03-23T03:14:14.000Z","volume":1000,"label":"Y","price":10.86},{"type":"A","date":"2018-03-23T03:14:14.000Z","volume":8000,"label":" ","price":10.86},{"type":"A","date":"2018-03-23T03:15:21.000Z","volume":500,"label":" ","price":10.88},{"type":"B","date":"2018-03-23T03:15:33.000Z","volume":117500,"label":" ","price":10.84},{"type":"U","date":"2018-03-23T03:15:39.000Z","volume":500,"label":"X","price":10.842},{"type":"B","date":"2018-03-23T03:16:27.000Z","volume":3500,"label":"Y","price":10.84},{"type":"B","date":"2018-03-23T03:16:27.000Z","volume":27500,"label":" ","price":10.84},{"type":"B","date":"2018-03-23T03:19:24.000Z","volume":500,"label":" ","price":10.8},{"type":"U","date":"2018-03-23T03:25:39.000Z","volume":1500,"label":"X","price":10.839},{"type":"A","date":"2018-03-23T03:42:47.000Z","volume":1000,"label":" ","price":10.86},{"type":"B","date":"2018-03-23T03:43:03.000Z","volume":1000,"label":" ","price":10.8},{"type":"U","date":"2018-03-23T03:44:02.000Z","volume":500,"label":"X","price":10.8},{"type":"A","date":"2018-03-23T03:44:34.000Z","volume":500,"label":" ","price":10.82},{"type":"A","date":"2018-03-23T03:45:13.000Z","volume":2000,"label":" ","price":10.82},{"type":"A","date":"2018-03-23T03:47:17.000Z","volume":1000,"label":" ","price":10.88},{"type":"A","date":"2018-03-23T03:49:47.000Z","volume":500,"label":" ","price":10.86},{"type":"A","date":"2018-03-23T03:51:18.000Z","volume":1000,"label":" ","price":10.88},{"type":"A","date":"2018-03-23T03:53:48.000Z","volume":500,"label":" ","price":10.86},{"type":"B","date":"2018-03-23T03:54:12.000Z","volume":6000,"label":" ","price":10.8},{"type":"A","date":"2018-03-23T03:54:47.000Z","volume":2000,"label":"Y","price":10.84},{"type":"B","date":"2018-03-23T03:54:47.000Z","volume":500,"label":"Y","price":10.82},{"type":"B","date":"2018-03-23T03:54:47.000Z","volume":500,"label":"Y","price":10.82},{"type":"A","date":"2018-03-23T03:55:20.000Z","volume":1000,"label":" ","price":10.84},{"type":"A","date":"2018-03-23T03:58:21.000Z","volume":1000,"label":" ","price":10.82},{"type":"A","date":"2018-03-23T05:00:01.000Z","volume":3000,"label":" ","price":10.82},{"type":"A","date":"2018-03-23T05:00:06.000Z","volume":2000,"label":" ","price":10.86},{"type":"A","date":"2018-03-23T05:00:07.000Z","volume":500,"label":" ","price":10.86},{"type":"A","date":"2018-03-23T05:00:07.000Z","volume":1000,"label":" ","price":10.88},{"type":"A","date":"2018-03-23T05:00:37.000Z","volume":3000,"label":" ","price":10.88},{"type":"B","date":"2018-03-23T05:01:04.000Z","volume":7500,"label":"Y","price":10.8},{"type":"B","date":"2018-03-23T05:01:04.000Z","volume":170500,"label":" ","price":10.8},{"type":"A","date":"2018-03-23T05:22:30.000Z","volume":1000,"label":" ","price":10.86},{"type":"B","date":"2018-03-23T05:23:10.000Z","volume":500,"label":" ","price":10.78},{"type":"A","date":"2018-03-23T05:23:23.000Z","volume":4000,"label":" ","price":10.8},{"type":"U","date":"2018-03-23T05:23:58.000Z","volume":500,"label":"X","price":10.809},{"type":"A","date":"2018-03-23T05:24:24.000Z","volume":1500,"label":" ","price":10.8},{"type":"B","date":"2018-03-23T05:24:24.000Z","volume":2000,"label":" ","price":10.78},{"type":"A","date":"2018-03-23T05:28:38.000Z","volume":500,"label":" ","price":10.82},{"type":"A","date":"2018-03-23T05:30:09.000Z","volume":1000,"label":" ","price":10.88},{"type":"A","date":"2018-03-23T05:33:09.000Z","volume":1000,"label":" ","price":10.88},{"type":"A","date":"2018-03-23T05:36:09.000Z","volume":1000,"label":" ","price":10.88},{"type":"A","date":"2018-03-23T05:39:10.000Z","volume":500,"label":" ","price":10.86},{"type":"A","date":"2018-03-23T05:40:41.000Z","volume":1000,"label":" ","price":10.88},{"type":"B","date":"2018-03-23T05:41:25.000Z","volume":1000,"label":"Y","price":10.8},{"type":"A","date":"2018-03-23T05:43:41.000Z","volume":1000,"label":" ","price":10.82},{"type":"A","date":"2018-03-23T05:43:58.000Z","volume":500,"label":"Y","price":10.82},{"type":"A","date":"2018-03-23T05:43:58.000Z","volume":1500,"label":" ","price":10.82},{"type":"A","date":"2018-03-23T05:47:11.000Z","volume":1000,"label":" ","price":10.88},{"type":"A","date":"2018-03-23T05:47:41.000Z","volume":1000,"label":" ","price":10.86},{"type":"A","date":"2018-03-23T05:53:13.000Z","volume":1000,"label":" ","price":10.88},{"type":"A","date":"2018-03-23T05:53:32.000Z","volume":500,"label":" ","price":10.86},{"type":"B","date":"2018-03-23T05:53:32.000Z","volume":500,"label":" ","price":10.86},{"type":"A","date":"2018-03-23T05:56:03.000Z","volume":500,"label":" ","price":10.84},{"type":"A","date":"2018-03-23T05:56:07.000Z","volume":500,"label":" ","price":10.86},{"type":"A","date":"2018-03-23T05:57:38.000Z","volume":1000,"label":" ","price":10.88},{"type":"B","date":"2018-03-23T05:57:55.000Z","volume":1000,"label":" ","price":10.82},{"type":"A","date":"2018-03-23T06:02:08.000Z","volume":1000,"label":" ","price":10.84},{"type":"B","date":"2018-03-23T06:04:10.000Z","volume":500,"label":"Y","price":10.8},{"type":"A","date":"2018-03-23T06:05:07.000Z","volume":1000,"label":" ","price":10.82},{"type":"U","date":"2018-03-23T06:06:13.000Z","volume":500,"label":"X","price":10.82},{"type":"A","date":"2018-03-23T06:09:38.000Z","volume":1000,"label":" ","price":10.86},{"type":"A","date":"2018-03-23T06:10:28.000Z","volume":500,"label":" ","price":10.82},{"type":"A","date":"2018-03-23T06:12:39.000Z","volume":1000,"label":" ","price":10.84},{"type":"A","date":"2018-03-23T06:15:29.000Z","volume":1000,"label":" ","price":10.86},{"type":"A","date":"2018-03-23T06:18:10.000Z","volume":500,"label":" ","price":10.84},{"type":"A","date":"2018-03-23T06:18:40.000Z","volume":1000,"label":" ","price":10.86},{"type":"B","date":"2018-03-23T06:19:55.000Z","volume":500,"label":"Y","price":10.8},{"type":"A","date":"2018-03-23T06:21:40.000Z","volume":1000,"label":" ","price":10.82},{"type":"A","date":"2018-03-23T06:24:41.000Z","volume":1000,"label":" ","price":10.82},{"type":"B","date":"2018-03-23T06:24:42.000Z","volume":500,"label":"Y","price":10.8},{"type":"A","date":"2018-03-23T06:27:41.000Z","volume":1000,"label":"Y","price":10.82},{"type":"B","date":"2018-03-23T06:27:42.000Z","volume":1000,"label":"Y","price":10.8},{"type":"A","date":"2018-03-23T06:28:50.000Z","volume":1000,"label":" ","price":10.82},{"type":"A","date":"2018-03-23T06:30:49.000Z","volume":500,"label":" ","price":10.82},{"type":"A","date":"2018-03-23T06:31:11.000Z","volume":500,"label":" ","price":10.84},{"type":"B","date":"2018-03-23T06:32:41.000Z","volume":1000,"label":" ","price":10.8},{"type":"A","date":"2018-03-23T06:32:42.000Z","volume":1000,"label":" ","price":10.86},{"type":"A","date":"2018-03-23T06:35:42.000Z","volume":1000,"label":" ","price":10.86},{"type":"A","date":"2018-03-23T06:38:42.000Z","volume":500,"label":" ","price":10.84},{"type":"A","date":"2018-03-23T06:40:14.000Z","volume":1000,"label":" ","price":10.86},{"type":"B","date":"2018-03-23T06:40:39.000Z","volume":500,"label":"Y","price":10.8},{"type":"A","date":"2018-03-23T06:43:43.000Z","volume":1000,"label":" ","price":10.82},{"type":"A","date":"2018-03-23T06:46:34.000Z","volume":1000,"label":" ","price":10.86},{"type":"A","date":"2018-03-23T06:49:44.000Z","volume":500,"label":" ","price":10.84},{"type":"A","date":"2018-03-23T06:50:16.000Z","volume":500,"label":"Y","price":10.86},{"type":"A","date":"2018-03-23T06:50:31.000Z","volume":500,"label":"Y","price":10.84},{"type":"A","date":"2018-03-23T06:51:15.000Z","volume":500,"label":" ","price":10.84},{"type":"A","date":"2018-03-23T06:52:47.000Z","volume":1000,"label":" ","price":10.84},{"type":"A","date":"2018-03-23T06:55:17.000Z","volume":6000,"label":" ","price":10.84},{"type":"B","date":"2018-03-23T06:56:00.000Z","volume":500,"label":"Y","price":10.8},{"type":"A","date":"2018-03-23T06:56:17.000Z","volume":1000,"label":" ","price":10.84},{"type":"U","date":"2018-03-23T06:56:39.000Z","volume":500,"label":"X","price":10.827},{"type":"A","date":"2018-03-23T06:58:40.000Z","volume":500,"label":" ","price":10.86},{"type":"B","date":"2018-03-23T06:59:01.000Z","volume":500,"label":"Y","price":10.8},{"type":"A","date":"2018-03-23T06:59:18.000Z","volume":1000,"label":" ","price":10.82},{"type":"A","date":"2018-03-23T07:01:01.000Z","volume":500,"label":"Y","price":10.86},{"type":"A","date":"2018-03-23T07:01:46.000Z","volume":500,"label":"Y","price":10.86},{"type":"A","date":"2018-03-23T07:02:01.000Z","volume":500,"label":"Y","price":10.84},{"type":"A","date":"2018-03-23T07:02:01.000Z","volume":500,"label":" ","price":10.84},{"type":"A","date":"2018-03-23T07:02:31.000Z","volume":500,"label":"Y","price":10.84},{"type":"A","date":"2018-03-23T07:04:46.000Z","volume":500,"label":"Y","price":10.86},{"type":"A","date":"2018-03-23T07:05:31.000Z","volume":500,"label":"Y","price":10.86},{"type":"A","date":"2018-03-23T07:05:31.000Z","volume":500,"label":"Y","price":10.86},{"type":"A","date":"2018-03-23T07:06:31.000Z","volume":500,"label":"Y","price":10.84},{"type":"A","date":"2018-03-23T07:06:31.000Z","volume":500,"label":"Y","price":10.84},{"type":"B","date":"2018-03-23T07:06:32.000Z","volume":1000,"label":" ","price":10.84},{"type":"B","date":"2018-03-23T07:06:33.000Z","volume":500,"label":" ","price":10.84},{"type":"A","date":"2018-03-23T07:08:46.000Z","volume":500,"label":"Y","price":10.86},{"type":"B","date":"2018-03-23T07:08:47.000Z","volume":500,"label":" ","price":10.84},{"type":"A","date":"2018-03-23T07:09:16.000Z","volume":500,"label":"Y","price":10.86},{"type":"A","date":"2018-03-23T07:10:01.000Z","volume":500,"label":"Y","price":10.86},{"type":"A","date":"2018-03-23T07:10:01.000Z","volume":500,"label":"Y","price":10.86},{"type":"B","date":"2018-03-23T07:10:02.000Z","volume":1000,"label":" ","price":10.84},{"type":"A","date":"2018-03-23T07:11:15.000Z","volume":500,"label":"Y","price":10.86},{"type":"A","date":"2018-03-23T07:12:00.000Z","volume":500,"label":"Y","price":10.86},{"type":"B","date":"2018-03-23T07:12:01.000Z","volume":500,"label":" ","price":10.84},{"type":"A","date":"2018-03-23T07:12:30.000Z","volume":500,"label":" ","price":10.86},{"type":"B","date":"2018-03-23T07:12:31.000Z","volume":500,"label":" ","price":10.84},{"type":"A","date":"2018-03-23T07:13:00.000Z","volume":500,"label":"Y","price":10.86},{"type":"B","date":"2018-03-23T07:13:05.000Z","volume":500,"label":" ","price":10.84},{"type":"B","date":"2018-03-23T07:13:06.000Z","volume":500,"label":"Y","price":10.84},{"type":"A","date":"2018-03-23T07:15:05.000Z","volume":500,"label":"Y","price":10.86},{"type":"B","date":"2018-03-23T07:15:06.000Z","volume":500,"label":" ","price":10.84},{"type":"A","date":"2018-03-23T07:15:35.000Z","volume":500,"label":"Y","price":10.86},{"type":"A","date":"2018-03-23T07:16:20.000Z","volume":500,"label":"Y","price":10.86},{"type":"A","date":"2018-03-23T07:16:20.000Z","volume":500,"label":"Y","price":10.86},{"type":"B","date":"2018-03-23T07:16:21.000Z","volume":1000,"label":" ","price":10.84},{"type":"A","date":"2018-03-23T07:17:20.000Z","volume":500,"label":"Y","price":10.86},{"type":"A","date":"2018-03-23T07:17:20.000Z","volume":500,"label":"Y","price":10.86},{"type":"B","date":"2018-03-23T07:17:21.000Z","volume":500,"label":" ","price":10.84},{"type":"A","date":"2018-03-23T07:18:20.000Z","volume":500,"label":"Y","price":10.86},{"type":"A","date":"2018-03-23T07:18:20.000Z","volume":500,"label":"Y","price":10.86},{"type":"B","date":"2018-03-23T07:18:21.000Z","volume":1000,"label":" ","price":10.84},{"type":"A","date":"2018-03-23T07:20:03.000Z","volume":500,"label":"Y","price":10.86},{"type":"A","date":"2018-03-23T07:20:33.000Z","volume":500,"label":"Y","price":10.86},{"type":"A","date":"2018-03-23T07:21:03.000Z","volume":500,"label":"Y","price":10.86},{"type":"A","date":"2018-03-23T07:21:33.000Z","volume":500,"label":"Y","price":10.86},{"type":"U","date":"2018-03-23T07:21:48.000Z","volume":500,"label":"X","price":10.86},{"type":"A","date":"2018-03-23T07:22:18.000Z","volume":500,"label":"Y","price":10.86},{"type":"A","date":"2018-03-23T07:22:18.000Z","volume":500,"label":"Y","price":10.86},{"type":"A","date":"2018-03-23T07:23:18.000Z","volume":500,"label":"Y","price":10.86},{"type":"A","date":"2018-03-23T07:23:18.000Z","volume":500,"label":"Y","price":10.86},{"type":"B","date":"2018-03-23T07:23:19.000Z","volume":1000,"label":" ","price":10.84},{"type":"A","date":"2018-03-23T07:24:03.000Z","volume":500,"label":"Y","price":10.86},{"type":"A","date":"2018-03-23T07:24:03.000Z","volume":500,"label":"Y","price":10.86},{"type":"B","date":"2018-03-23T07:24:04.000Z","volume":4000,"label":" ","price":10.84},{"type":"B","date":"2018-03-23T07:24:04.000Z","volume":500,"label":" ","price":10.82},{"type":"B","date":"2018-03-23T07:24:04.000Z","volume":1000,"label":" ","price":10.8},{"type":"A","date":"2018-03-23T07:27:03.000Z","volume":500,"label":" ","price":10.8},{"type":"A","date":"2018-03-23T07:27:03.000Z","volume":500,"label":" ","price":10.8},{"type":"A","date":"2018-03-23T07:27:03.000Z","volume":500,"label":" ","price":10.8},{"type":"A","date":"2018-03-23T07:27:03.000Z","volume":500,"label":" ","price":10.8},{"type":"A","date":"2018-03-23T07:29:29.000Z","volume":500,"label":" ","price":10.8},{"type":"A","date":"2018-03-23T07:29:29.000Z","volume":500,"label":" ","price":10.8},{"type":"B","date":"2018-03-23T07:29:43.000Z","volume":500,"label":"Y","price":10.78},{"type":"A","date":"2018-03-23T07:31:29.000Z","volume":500,"label":" ","price":10.8},{"type":"A","date":"2018-03-23T07:31:29.000Z","volume":500,"label":" ","price":10.8},{"type":"B","date":"2018-03-23T07:31:43.000Z","volume":500,"label":" ","price":10.78},{"type":"A","date":"2018-03-23T07:32:07.000Z","volume":20000,"label":" ","price":10.8},{"type":"B","date":"2018-03-23T07:32:08.000Z","volume":500,"label":"Y","price":10.78},{"type":"B","date":"2018-03-23T07:32:08.000Z","volume":2500,"label":" ","price":10.78},{"type":"B","date":"2018-03-23T07:32:10.000Z","volume":500,"label":" ","price":10.68},{"type":"A","date":"2018-03-23T07:32:21.000Z","volume":5000,"label":"Y","price":10.76},{"type":"B","date":"2018-03-23T07:32:43.000Z","volume":1500,"label":" ","price":10.7},{"type":"B","date":"2018-03-23T07:32:43.000Z","volume":500,"label":"Y","price":10.7},{"type":"B","date":"2018-03-23T07:32:43.000Z","volume":1000,"label":" ","price":10.7},{"type":"B","date":"2018-03-23T07:32:43.000Z","volume":1500,"label":" ","price":10.7},{"type":"A","date":"2018-03-23T07:32:45.000Z","volume":1500,"label":" ","price":10.7},{"type":"A","date":"2018-03-23T07:32:47.000Z","volume":4000,"label":" ","price":10.7},{"type":"A","date":"2018-03-23T07:32:49.000Z","volume":1500,"label":" ","price":10.7},{"type":"A","date":"2018-03-23T07:32:54.000Z","volume":500,"label":"Y","price":10.7},{"type":"A","date":"2018-03-23T07:32:54.000Z","volume":2000,"label":"Y","price":10.7},{"type":"A","date":"2018-03-23T07:32:54.000Z","volume":500,"label":" ","price":10.7},{"type":"A","date":"2018-03-23T07:39:53.000Z","volume":500,"label":" ","price":10.8},{"type":"A","date":"2018-03-23T07:54:53.000Z","volume":1000,"label":" ","price":10.8},{"type":"A","date":"2018-03-23T07:55:53.000Z","volume":1000,"label":" ","price":10.8},{"type":"A","date":"2018-03-23T07:56:23.000Z","volume":1000,"label":" ","price":10.8},{"type":"A","date":"2018-03-23T07:57:23.000Z","volume":1000,"label":" ","price":10.8},{"type":"A","date":"2018-03-23T07:57:53.000Z","volume":1000,"label":" ","price":10.8},{"type":"A","date":"2018-03-23T07:58:23.000Z","volume":1000,"label":" ","price":10.8},{"type":"A","date":"2018-03-23T07:59:23.000Z","volume":1000,"label":" ","price":10.8},{"type":"A","date":"2018-03-23T07:59:26.000Z","volume":1000,"label":" ","price":10.8},{"type":"A","date":"2018-03-23T07:59:53.000Z","volume":1000,"label":" ","price":10.8}]