[{"type":"A","date":"2018-04-17T01:30:58.000Z","volume":60000,"label":" ","price":2.1},{"type":"A","date":"2018-04-17T01:32:08.000Z","volume":52000,"label":" ","price":2.1},{"type":"A","date":"2018-04-17T01:33:25.000Z","volume":52000,"label":" ","price":2.08},{"type":"A","date":"2018-04-17T01:34:19.000Z","volume":4000,"label":" ","price":2.03},{"type":"A","date":"2018-04-17T01:34:19.000Z","volume":64000,"label":" ","price":2.04},{"type":"A","date":"2018-04-17T01:35:22.000Z","volume":4000,"label":" ","price":2.04},{"type":"A","date":"2018-04-17T01:35:22.000Z","volume":4000,"label":" ","price":2.06},{"type":"A","date":"2018-04-17T01:36:23.000Z","volume":40000,"label":" ","price":2.06},{"type":"A","date":"2018-04-17T01:37:21.000Z","volume":32000,"label":" ","price":2.06},{"type":"A","date":"2018-04-17T01:37:21.000Z","volume":16000,"label":" ","price":2.09},{"type":"B","date":"2018-04-17T01:38:17.000Z","volume":36000,"label":" ","price":2.03},{"type":"A","date":"2018-04-17T01:43:53.000Z","volume":12000,"label":" ","price":2.03},{"type":"B","date":"2018-04-17T01:52:06.000Z","volume":20000,"label":" ","price":2.02},{"type":"A","date":"2018-04-17T01:59:45.000Z","volume":4000,"label":" ","price":2.03},{"type":"A","date":"2018-04-17T01:59:45.000Z","volume":16000,"label":" ","price":2.04},{"type":"A","date":"2018-04-17T02:16:34.000Z","volume":32000,"label":" ","price":2.04},{"type":"A","date":"2018-04-17T02:16:34.000Z","volume":4000,"label":" ","price":2.05},{"type":"A","date":"2018-04-17T02:16:34.000Z","volume":24000,"label":" ","price":2.06},{"type":"A","date":"2018-04-17T02:43:35.000Z","volume":4000,"label":" ","price":2.02},{"type":"A","date":"2018-04-17T02:43:35.000Z","volume":60000,"label":" ","price":2.03},{"type":"A","date":"2018-04-17T03:07:54.000Z","volume":64000,"label":" ","price":2.04},{"type":"A","date":"2018-04-17T03:12:04.000Z","volume":4000,"label":" ","price":2.04},{"type":"A","date":"2018-04-17T03:29:30.000Z","volume":8000,"label":" ","price":2.05},{"type":"A","date":"2018-04-17T03:29:30.000Z","volume":36000,"label":" ","price":2.06},{"type":"A","date":"2018-04-17T03:29:30.000Z","volume":16000,"label":" ","price":2.07},{"type":"A","date":"2018-04-17T03:34:36.000Z","volume":48000,"label":" ","price":2.05},{"type":"A","date":"2018-04-17T03:44:38.000Z","volume":20000,"label":" ","price":2.07},{"type":"A","date":"2018-04-17T05:04:30.000Z","volume":40000,"label":" ","price":2.05},{"type":"A","date":"2018-04-17T05:05:37.000Z","volume":60000,"label":" ","price":2.07},{"type":"A","date":"2018-04-17T05:16:40.000Z","volume":20000,"label":" ","price":2.08},{"type":"A","date":"2018-04-17T05:55:40.000Z","volume":20000,"label":" ","price":2.06},{"type":"A","date":"2018-04-17T05:55:47.000Z","volume":4000,"label":" ","price":2.05},{"type":"A","date":"2018-04-17T05:55:47.000Z","volume":16000,"label":" ","price":2.06},{"type":"A","date":"2018-04-17T05:56:56.000Z","volume":4000,"label":" ","price":2.06},{"type":"A","date":"2018-04-17T06:10:56.000Z","volume":48000,"label":" ","price":2.07},{"type":"A","date":"2018-04-17T06:19:04.000Z","volume":16000,"label":" ","price":2.05},{"type":"B","date":"2018-04-17T06:50:36.000Z","volume":8000,"label":" ","price":2.03},{"type":"B","date":"2018-04-17T06:52:05.000Z","volume":44000,"label":" ","price":2.04},{"type":"B","date":"2018-04-17T07:01:22.000Z","volume":60000,"label":" ","price":2.04},{"type":"B","date":"2018-04-17T07:11:47.000Z","volume":4000,"label":" ","price":2.03},{"type":"A","date":"2018-04-17T07:11:51.000Z","volume":8000,"label":" ","price":2.04},{"type":"A","date":"2018-04-17T07:11:51.000Z","volume":48000,"label":" ","price":2.05},{"type":"A","date":"2018-04-17T07:12:20.000Z","volume":56000,"label":" ","price":2.05},{"type":"B","date":"2018-04-17T07:13:13.000Z","volume":4000,"label":" ","price":2.03},{"type":"A","date":"2018-04-17T07:14:34.000Z","volume":72000,"label":" ","price":2.06},{"type":"A","date":"2018-04-17T07:24:07.000Z","volume":20000,"label":" ","price":2.06},{"type":"A","date":"2018-04-17T07:24:41.000Z","volume":28000,"label":" ","price":2.06},{"type":"A","date":"2018-04-17T07:26:28.000Z","volume":8000,"label":" ","price":2.06},{"type":"A","date":"2018-04-17T07:27:19.000Z","volume":36000,"label":" ","price":2.06},{"type":"A","date":"2018-04-17T07:59:03.000Z","volume":4000,"label":" ","price":2.07},{"type":"A","date":"2018-04-17T07:59:03.000Z","volume":4000,"label":" ","price":2.08},{"type":"B","date":"2018-04-17T07:59:32.000Z","volume":96000,"label":" ","price":2.04},{"type":"B","date":"2018-04-17T07:59:40.000Z","volume":52000,"label":" ","price":2.03},{"type":"A","date":"2018-04-17T07:59:47.000Z","volume":4000,"label":" ","price":2.05},{"type":"A","date":"2018-04-17T07:59:50.000Z","volume":4000,"label":" ","price":2.08},{"type":"A","date":"2018-04-17T07:59:55.000Z","volume":4000,"label":" ","price":2.08}]