[{"type":"U","date":"2018-04-09T01:20:00.000Z","volume":4000,"label":"U","price":3.88},{"type":"A","date":"2018-04-09T01:34:20.000Z","volume":9000,"label":" ","price":3.93},{"type":"A","date":"2018-04-09T01:35:20.000Z","volume":1000,"label":" ","price":3.91},{"type":"A","date":"2018-04-09T01:35:20.000Z","volume":5000,"label":" ","price":3.91},{"type":"A","date":"2018-04-09T01:35:20.000Z","volume":2000,"label":" ","price":3.91},{"type":"A","date":"2018-04-09T01:35:20.000Z","volume":1000,"label":" ","price":3.91},{"type":"A","date":"2018-04-09T01:35:20.000Z","volume":1000,"label":" ","price":3.91},{"type":"U","date":"2018-04-09T01:35:21.000Z","volume":1000,"label":" ","price":3.9},{"type":"U","date":"2018-04-09T01:35:21.000Z","volume":1000,"label":" ","price":3.91},{"type":"A","date":"2018-04-09T01:35:26.000Z","volume":1000,"label":" ","price":3.92},{"type":"A","date":"2018-04-09T01:37:06.000Z","volume":1000,"label":" ","price":3.92},{"type":"A","date":"2018-04-09T01:37:06.000Z","volume":1000,"label":" ","price":3.92},{"type":"A","date":"2018-04-09T01:37:06.000Z","volume":1000,"label":" ","price":3.92},{"type":"A","date":"2018-04-09T01:40:05.000Z","volume":3000,"label":" ","price":3.92},{"type":"A","date":"2018-04-09T01:40:05.000Z","volume":1000,"label":" ","price":3.92},{"type":"B","date":"2018-04-09T01:41:46.000Z","volume":3000,"label":" ","price":3.89},{"type":"A","date":"2018-04-09T01:41:51.000Z","volume":1000,"label":"Y","price":3.89},{"type":"B","date":"2018-04-09T01:42:30.000Z","volume":1000,"label":" ","price":3.88},{"type":"B","date":"2018-04-09T01:42:49.000Z","volume":13000,"label":" ","price":3.88},{"type":"U","date":"2018-04-09T01:42:49.000Z","volume":1000,"label":" ","price":3.9},{"type":"U","date":"2018-04-09T01:42:49.000Z","volume":1000,"label":" ","price":3.9},{"type":"U","date":"2018-04-09T01:46:37.000Z","volume":1000,"label":" ","price":3.9},{"type":"A","date":"2018-04-09T01:57:07.000Z","volume":1000,"label":" ","price":3.92},{"type":"A","date":"2018-04-09T01:57:50.000Z","volume":4000,"label":" ","price":3.91},{"type":"A","date":"2018-04-09T01:57:50.000Z","volume":3000,"label":" ","price":3.91},{"type":"A","date":"2018-04-09T01:57:50.000Z","volume":2000,"label":" ","price":3.91},{"type":"U","date":"2018-04-09T01:57:53.000Z","volume":1000,"label":" ","price":3.9},{"type":"A","date":"2018-04-09T02:05:10.000Z","volume":1000,"label":" ","price":3.91},{"type":"A","date":"2018-04-09T02:07:20.000Z","volume":5000,"label":" ","price":3.91},{"type":"A","date":"2018-04-09T02:07:20.000Z","volume":4000,"label":" ","price":3.91},{"type":"A","date":"2018-04-09T02:07:20.000Z","volume":1000,"label":" ","price":3.91},{"type":"A","date":"2018-04-09T02:07:20.000Z","volume":1000,"label":" ","price":3.91},{"type":"A","date":"2018-04-09T02:07:20.000Z","volume":3000,"label":" ","price":3.91},{"type":"B","date":"2018-04-09T02:07:20.000Z","volume":8000,"label":" ","price":3.91},{"type":"U","date":"2018-04-09T02:07:20.000Z","volume":1000,"label":" ","price":3.91},{"type":"B","date":"2018-04-09T02:08:36.000Z","volume":14000,"label":" ","price":3.9},{"type":"U","date":"2018-04-09T02:08:41.000Z","volume":1000,"label":" ","price":3.9},{"type":"B","date":"2018-04-09T02:08:41.000Z","volume":4000,"label":" ","price":3.89},{"type":"B","date":"2018-04-09T02:08:41.000Z","volume":1000,"label":" ","price":3.89},{"type":"A","date":"2018-04-09T02:18:27.000Z","volume":1000,"label":" ","price":3.89},{"type":"A","date":"2018-04-09T02:24:05.000Z","volume":1000,"label":" ","price":3.89},{"type":"A","date":"2018-04-09T02:24:05.000Z","volume":4000,"label":" ","price":3.89},{"type":"A","date":"2018-04-09T02:24:06.000Z","volume":1000,"label":" ","price":3.89},{"type":"A","date":"2018-04-09T02:24:06.000Z","volume":1000,"label":" ","price":3.89},{"type":"A","date":"2018-04-09T02:24:13.000Z","volume":1000,"label":" ","price":3.9},{"type":"A","date":"2018-04-09T02:24:30.000Z","volume":2000,"label":" ","price":3.9},{"type":"A","date":"2018-04-09T02:33:20.000Z","volume":4000,"label":" ","price":3.9},{"type":"A","date":"2018-04-09T02:33:20.000Z","volume":4000,"label":" ","price":3.9},{"type":"A","date":"2018-04-09T02:33:20.000Z","volume":1000,"label":" ","price":3.9},{"type":"A","date":"2018-04-09T02:33:20.000Z","volume":3000,"label":" ","price":3.9},{"type":"A","date":"2018-04-09T02:33:21.000Z","volume":1000,"label":" ","price":3.92},{"type":"U","date":"2018-04-09T02:33:25.000Z","volume":1000,"label":" ","price":3.91},{"type":"B","date":"2018-04-09T02:33:25.000Z","volume":7000,"label":" ","price":3.9},{"type":"B","date":"2018-04-09T02:33:25.000Z","volume":1000,"label":" ","price":3.9},{"type":"A","date":"2018-04-09T02:46:14.000Z","volume":1000,"label":" ","price":3.92},{"type":"A","date":"2018-04-09T02:46:40.000Z","volume":1000,"label":" ","price":3.92},{"type":"A","date":"2018-04-09T02:47:05.000Z","volume":4000,"label":" ","price":3.92},{"type":"A","date":"2018-04-09T02:48:31.000Z","volume":2000,"label":" ","price":3.92},{"type":"A","date":"2018-04-09T02:50:43.000Z","volume":4000,"label":" ","price":3.92},{"type":"A","date":"2018-04-09T02:55:20.000Z","volume":4000,"label":" ","price":3.92},{"type":"A","date":"2018-04-09T02:57:16.000Z","volume":1000,"label":" ","price":3.92},{"type":"A","date":"2018-04-09T02:57:21.000Z","volume":1000,"label":" ","price":3.92},{"type":"A","date":"2018-04-09T03:01:35.000Z","volume":4000,"label":" ","price":3.92},{"type":"A","date":"2018-04-09T03:02:58.000Z","volume":35000,"label":" ","price":3.92},{"type":"A","date":"2018-04-09T03:03:18.000Z","volume":34000,"label":" ","price":3.93},{"type":"A","date":"2018-04-09T03:03:23.000Z","volume":1000,"label":" ","price":3.94},{"type":"A","date":"2018-04-09T03:04:01.000Z","volume":7000,"label":" ","price":3.94},{"type":"A","date":"2018-04-09T03:05:20.000Z","volume":3000,"label":" ","price":3.94},{"type":"A","date":"2018-04-09T03:05:21.000Z","volume":1000,"label":" ","price":3.94},{"type":"A","date":"2018-04-09T03:05:24.000Z","volume":1000,"label":" ","price":3.94},{"type":"A","date":"2018-04-09T03:07:50.000Z","volume":3000,"label":" ","price":3.94},{"type":"A","date":"2018-04-09T03:07:50.000Z","volume":19000,"label":" ","price":3.94},{"type":"B","date":"2018-04-09T03:09:07.000Z","volume":11000,"label":" ","price":3.93},{"type":"A","date":"2018-04-09T03:10:13.000Z","volume":1000,"label":"Y","price":3.94},{"type":"B","date":"2018-04-09T03:10:20.000Z","volume":1000,"label":" ","price":3.94},{"type":"A","date":"2018-04-09T03:10:21.000Z","volume":1000,"label":" ","price":3.94},{"type":"A","date":"2018-04-09T03:12:35.000Z","volume":3000,"label":" ","price":3.95},{"type":"B","date":"2018-04-09T03:13:47.000Z","volume":2000,"label":" ","price":3.94},{"type":"A","date":"2018-04-09T03:13:51.000Z","volume":1000,"label":" ","price":3.94},{"type":"A","date":"2018-04-09T03:13:51.000Z","volume":1000,"label":" ","price":3.94},{"type":"B","date":"2018-04-09T03:13:56.000Z","volume":1000,"label":" ","price":3.94},{"type":"A","date":"2018-04-09T03:14:50.000Z","volume":3000,"label":" ","price":3.95},{"type":"B","date":"2018-04-09T03:17:41.000Z","volume":1000,"label":" ","price":3.93},{"type":"A","date":"2018-04-09T03:20:20.000Z","volume":4000,"label":" ","price":3.94},{"type":"A","date":"2018-04-09T03:20:42.000Z","volume":13000,"label":" ","price":3.94},{"type":"B","date":"2018-04-09T03:22:02.000Z","volume":100000,"label":" ","price":3.94},{"type":"B","date":"2018-04-09T03:22:02.000Z","volume":11000,"label":" ","price":3.94},{"type":"B","date":"2018-04-09T03:22:05.000Z","volume":7000,"label":" ","price":3.94},{"type":"A","date":"2018-04-09T03:30:07.000Z","volume":1000,"label":" ","price":3.94},{"type":"A","date":"2018-04-09T03:30:32.000Z","volume":6000,"label":" ","price":3.94},{"type":"A","date":"2018-04-09T03:30:32.000Z","volume":1000,"label":" ","price":3.94},{"type":"A","date":"2018-04-09T03:30:33.000Z","volume":1000,"label":" ","price":3.94},{"type":"A","date":"2018-04-09T03:30:35.000Z","volume":2000,"label":" ","price":3.94},{"type":"A","date":"2018-04-09T03:32:51.000Z","volume":1000,"label":" ","price":3.95},{"type":"A","date":"2018-04-09T03:36:02.000Z","volume":6000,"label":" ","price":3.95},{"type":"A","date":"2018-04-09T03:41:20.000Z","volume":4000,"label":" ","price":3.95},{"type":"A","date":"2018-04-09T03:41:21.000Z","volume":3000,"label":" ","price":3.95},{"type":"A","date":"2018-04-09T03:43:48.000Z","volume":1000,"label":" ","price":3.95},{"type":"A","date":"2018-04-09T03:43:50.000Z","volume":4000,"label":" ","price":3.95},{"type":"A","date":"2018-04-09T03:44:36.000Z","volume":1000,"label":" ","price":3.95},{"type":"A","date":"2018-04-09T03:47:05.000Z","volume":2000,"label":" ","price":3.95},{"type":"A","date":"2018-04-09T03:48:35.000Z","volume":4000,"label":" ","price":3.95},{"type":"B","date":"2018-04-09T03:49:40.000Z","volume":1000,"label":" ","price":3.94},{"type":"A","date":"2018-04-09T03:51:50.000Z","volume":1000,"label":" ","price":3.95},{"type":"A","date":"2018-04-09T03:52:58.000Z","volume":1000,"label":" ","price":3.95},{"type":"A","date":"2018-04-09T03:53:50.000Z","volume":2000,"label":" ","price":3.95},{"type":"B","date":"2018-04-09T03:54:33.000Z","volume":1000,"label":" ","price":3.94},{"type":"A","date":"2018-04-09T03:55:35.000Z","volume":1000,"label":" ","price":3.95},{"type":"A","date":"2018-04-09T03:56:21.000Z","volume":1000,"label":" ","price":3.95},{"type":"A","date":"2018-04-09T03:56:35.000Z","volume":2000,"label":" ","price":3.95},{"type":"A","date":"2018-04-09T03:57:50.000Z","volume":1000,"label":" ","price":3.95},{"type":"A","date":"2018-04-09T03:58:20.000Z","volume":1000,"label":" ","price":3.95},{"type":"A","date":"2018-04-09T05:10:47.000Z","volume":2000,"label":" ","price":3.95},{"type":"A","date":"2018-04-09T05:12:17.000Z","volume":3000,"label":" ","price":3.95},{"type":"A","date":"2018-04-09T05:13:32.000Z","volume":2000,"label":" ","price":3.95},{"type":"A","date":"2018-04-09T05:14:31.000Z","volume":1000,"label":" ","price":3.95},{"type":"B","date":"2018-04-09T05:15:29.000Z","volume":51000,"label":" ","price":3.94},{"type":"A","date":"2018-04-09T05:15:29.000Z","volume":2000,"label":" ","price":3.94},{"type":"A","date":"2018-04-09T05:20:22.000Z","volume":1000,"label":" ","price":3.94},{"type":"B","date":"2018-04-09T05:26:05.000Z","volume":2000,"label":" ","price":3.93},{"type":"A","date":"2018-04-09T05:29:39.000Z","volume":2000,"label":" ","price":3.94},{"type":"B","date":"2018-04-09T05:35:51.000Z","volume":11000,"label":" ","price":3.93},{"type":"A","date":"2018-04-09T05:36:32.000Z","volume":3000,"label":" ","price":3.94},{"type":"A","date":"2018-04-09T05:39:20.000Z","volume":1000,"label":" ","price":3.94},{"type":"A","date":"2018-04-09T05:39:32.000Z","volume":3000,"label":" ","price":3.94},{"type":"A","date":"2018-04-09T05:41:09.000Z","volume":1000,"label":" ","price":3.94},{"type":"A","date":"2018-04-09T05:43:09.000Z","volume":1000,"label":" ","price":3.94},{"type":"A","date":"2018-04-09T05:43:43.000Z","volume":1000,"label":" ","price":3.94},{"type":"B","date":"2018-04-09T05:45:10.000Z","volume":1000,"label":" ","price":3.93},{"type":"A","date":"2018-04-09T05:45:39.000Z","volume":1000,"label":" ","price":3.94},{"type":"A","date":"2018-04-09T05:45:58.000Z","volume":1000,"label":" ","price":3.94},{"type":"A","date":"2018-04-09T05:47:13.000Z","volume":11000,"label":" ","price":3.94},{"type":"A","date":"2018-04-09T05:47:32.000Z","volume":4000,"label":" ","price":3.94},{"type":"A","date":"2018-04-09T05:49:09.000Z","volume":1000,"label":" ","price":3.94},{"type":"A","date":"2018-04-09T05:51:27.000Z","volume":11000,"label":" ","price":3.94},{"type":"A","date":"2018-04-09T05:52:05.000Z","volume":1000,"label":" ","price":3.94},{"type":"A","date":"2018-04-09T05:53:32.000Z","volume":4000,"label":" ","price":3.94},{"type":"A","date":"2018-04-09T05:55:10.000Z","volume":1000,"label":" ","price":3.94},{"type":"A","date":"2018-04-09T05:55:17.000Z","volume":4000,"label":" ","price":3.94},{"type":"A","date":"2018-04-09T05:59:55.000Z","volume":25000,"label":" ","price":3.94},{"type":"A","date":"2018-04-09T05:59:58.000Z","volume":2000,"label":" ","price":3.94},{"type":"A","date":"2018-04-09T06:00:10.000Z","volume":1000,"label":" ","price":3.94},{"type":"A","date":"2018-04-09T06:00:40.000Z","volume":4000,"label":" ","price":3.94},{"type":"A","date":"2018-04-09T06:04:02.000Z","volume":1000,"label":" ","price":3.94},{"type":"A","date":"2018-04-09T06:04:17.000Z","volume":3000,"label":" ","price":3.94},{"type":"A","date":"2018-04-09T06:04:40.000Z","volume":1000,"label":" ","price":3.94},{"type":"A","date":"2018-04-09T06:05:18.000Z","volume":1000,"label":" ","price":3.94},{"type":"A","date":"2018-04-09T06:06:24.000Z","volume":1000,"label":" ","price":3.94},{"type":"A","date":"2018-04-09T06:07:02.000Z","volume":3000,"label":" ","price":3.94},{"type":"A","date":"2018-04-09T06:07:02.000Z","volume":2000,"label":" ","price":3.94},{"type":"A","date":"2018-04-09T06:09:47.000Z","volume":2000,"label":"Y","price":3.94},{"type":"A","date":"2018-04-09T06:09:47.000Z","volume":1000,"label":" ","price":3.94},{"type":"A","date":"2018-04-09T06:11:17.000Z","volume":1000,"label":" ","price":3.94},{"type":"A","date":"2018-04-09T06:11:17.000Z","volume":1000,"label":" ","price":3.94},{"type":"A","date":"2018-04-09T06:11:17.000Z","volume":1000,"label":" ","price":3.94},{"type":"A","date":"2018-04-09T06:11:17.000Z","volume":1000,"label":" ","price":3.94},{"type":"A","date":"2018-04-09T06:11:17.000Z","volume":4000,"label":" ","price":3.94},{"type":"A","date":"2018-04-09T06:11:17.000Z","volume":5000,"label":" ","price":3.94},{"type":"A","date":"2018-04-09T06:11:17.000Z","volume":1000,"label":" ","price":3.94},{"type":"B","date":"2018-04-09T06:11:17.000Z","volume":3000,"label":" ","price":3.94},{"type":"A","date":"2018-04-09T06:11:18.000Z","volume":2000,"label":" ","price":3.95},{"type":"A","date":"2018-04-09T06:19:38.000Z","volume":1000,"label":" ","price":3.95},{"type":"B","date":"2018-04-09T06:21:20.000Z","volume":4000,"label":" ","price":3.94},{"type":"A","date":"2018-04-09T06:22:10.000Z","volume":2000,"label":" ","price":3.95},{"type":"B","date":"2018-04-09T06:26:04.000Z","volume":6000,"label":" ","price":3.94},{"type":"A","date":"2018-04-09T06:30:31.000Z","volume":1000,"label":" ","price":3.95},{"type":"A","date":"2018-04-09T06:34:02.000Z","volume":3000,"label":" ","price":3.95},{"type":"A","date":"2018-04-09T06:36:02.000Z","volume":1000,"label":" ","price":3.95},{"type":"A","date":"2018-04-09T06:37:17.000Z","volume":3000,"label":" ","price":3.95},{"type":"A","date":"2018-04-09T06:37:29.000Z","volume":1000,"label":" ","price":3.95},{"type":"A","date":"2018-04-09T06:38:41.000Z","volume":2000,"label":" ","price":3.95},{"type":"A","date":"2018-04-09T06:42:47.000Z","volume":4000,"label":" ","price":3.95},{"type":"A","date":"2018-04-09T06:46:32.000Z","volume":4000,"label":" ","price":3.95},{"type":"A","date":"2018-04-09T06:46:47.000Z","volume":1000,"label":" ","price":3.95},{"type":"A","date":"2018-04-09T06:50:17.000Z","volume":3000,"label":" ","price":3.95},{"type":"A","date":"2018-04-09T06:52:17.000Z","volume":3000,"label":" ","price":3.95},{"type":"A","date":"2018-04-09T06:52:17.000Z","volume":1000,"label":" ","price":3.95},{"type":"A","date":"2018-04-09T06:52:17.000Z","volume":3000,"label":" ","price":3.95},{"type":"A","date":"2018-04-09T06:53:02.000Z","volume":1000,"label":" ","price":3.95},{"type":"A","date":"2018-04-09T06:53:30.000Z","volume":1000,"label":" ","price":3.95},{"type":"A","date":"2018-04-09T06:54:17.000Z","volume":3000,"label":" ","price":3.95},{"type":"A","date":"2018-04-09T06:57:11.000Z","volume":1000,"label":" ","price":3.95},{"type":"A","date":"2018-04-09T06:57:45.000Z","volume":1000,"label":" ","price":3.95},{"type":"A","date":"2018-04-09T07:01:32.000Z","volume":1000,"label":" ","price":3.95},{"type":"A","date":"2018-04-09T07:01:42.000Z","volume":1000,"label":" ","price":3.95},{"type":"A","date":"2018-04-09T07:02:32.000Z","volume":3000,"label":" ","price":3.95},{"type":"A","date":"2018-04-09T07:02:33.000Z","volume":1000,"label":" ","price":3.95},{"type":"A","date":"2018-04-09T07:05:17.000Z","volume":3000,"label":" ","price":3.95},{"type":"A","date":"2018-04-09T07:05:59.000Z","volume":1000,"label":" ","price":3.95},{"type":"A","date":"2018-04-09T07:08:32.000Z","volume":1000,"label":" ","price":3.95},{"type":"A","date":"2018-04-09T07:09:30.000Z","volume":1000,"label":" ","price":3.95},{"type":"A","date":"2018-04-09T07:10:02.000Z","volume":4000,"label":" ","price":3.95},{"type":"A","date":"2018-04-09T07:10:04.000Z","volume":1000,"label":" ","price":3.95},{"type":"A","date":"2018-04-09T07:11:05.000Z","volume":1000,"label":" ","price":3.95},{"type":"A","date":"2018-04-09T07:12:32.000Z","volume":3000,"label":" ","price":3.95},{"type":"A","date":"2018-04-09T07:12:33.000Z","volume":1000,"label":" ","price":3.95},{"type":"A","date":"2018-04-09T07:14:32.000Z","volume":3000,"label":" ","price":3.95},{"type":"A","date":"2018-04-09T07:14:33.000Z","volume":1000,"label":" ","price":3.95},{"type":"A","date":"2018-04-09T07:16:02.000Z","volume":1000,"label":" ","price":3.95},{"type":"A","date":"2018-04-09T07:16:26.000Z","volume":1000,"label":" ","price":3.95},{"type":"A","date":"2018-04-09T07:17:42.000Z","volume":1000,"label":" ","price":3.95},{"type":"A","date":"2018-04-09T07:19:02.000Z","volume":3000,"label":" ","price":3.95},{"type":"A","date":"2018-04-09T07:20:17.000Z","volume":1000,"label":" ","price":3.95},{"type":"A","date":"2018-04-09T07:22:02.000Z","volume":3000,"label":" ","price":3.95},{"type":"A","date":"2018-04-09T07:25:01.000Z","volume":1000,"label":" ","price":3.95},{"type":"A","date":"2018-04-09T07:26:32.000Z","volume":1000,"label":" ","price":3.95},{"type":"A","date":"2018-04-09T07:26:32.000Z","volume":5000,"label":" ","price":3.95},{"type":"A","date":"2018-04-09T07:27:28.000Z","volume":1000,"label":" ","price":3.95},{"type":"B","date":"2018-04-09T07:28:02.000Z","volume":1000,"label":" ","price":3.94},{"type":"A","date":"2018-04-09T07:30:31.000Z","volume":1000,"label":" ","price":3.95},{"type":"A","date":"2018-04-09T07:31:32.000Z","volume":3000,"label":" ","price":3.95},{"type":"A","date":"2018-04-09T07:33:06.000Z","volume":36000,"label":" ","price":3.95},{"type":"A","date":"2018-04-09T07:33:06.000Z","volume":4000,"label":" ","price":3.95},{"type":"A","date":"2018-04-09T07:33:07.000Z","volume":3000,"label":" ","price":3.95},{"type":"A","date":"2018-04-09T07:34:17.000Z","volume":4000,"label":" ","price":3.95},{"type":"A","date":"2018-04-09T07:34:31.000Z","volume":1000,"label":" ","price":3.95},{"type":"A","date":"2018-04-09T07:34:32.000Z","volume":1000,"label":" ","price":3.95},{"type":"A","date":"2018-04-09T07:34:33.000Z","volume":1000,"label":" ","price":3.95},{"type":"A","date":"2018-04-09T07:35:02.000Z","volume":1000,"label":" ","price":3.95},{"type":"A","date":"2018-04-09T07:35:32.000Z","volume":1000,"label":" ","price":3.95},{"type":"A","date":"2018-04-09T07:35:32.000Z","volume":4000,"label":" ","price":3.95},{"type":"A","date":"2018-04-09T07:35:32.000Z","volume":5000,"label":" ","price":3.95},{"type":"A","date":"2018-04-09T07:35:32.000Z","volume":1000,"label":" ","price":3.95},{"type":"A","date":"2018-04-09T07:35:33.000Z","volume":1000,"label":" ","price":3.95},{"type":"A","date":"2018-04-09T07:35:34.000Z","volume":1000,"label":" ","price":3.95},{"type":"A","date":"2018-04-09T07:35:35.000Z","volume":2000,"label":" ","price":3.95},{"type":"A","date":"2018-04-09T07:35:36.000Z","volume":1000,"label":" ","price":3.95},{"type":"A","date":"2018-04-09T07:35:39.000Z","volume":1000,"label":" ","price":3.95},{"type":"A","date":"2018-04-09T07:36:09.000Z","volume":3000,"label":" ","price":3.95},{"type":"A","date":"2018-04-09T07:36:11.000Z","volume":1000,"label":" ","price":3.95},{"type":"A","date":"2018-04-09T07:37:01.000Z","volume":4000,"label":" ","price":3.95},{"type":"A","date":"2018-04-09T07:39:01.000Z","volume":1000,"label":" ","price":3.96},{"type":"A","date":"2018-04-09T07:43:06.000Z","volume":1000,"label":" ","price":3.96},{"type":"B","date":"2018-04-09T07:46:42.000Z","volume":10000,"label":" ","price":3.95},{"type":"B","date":"2018-04-09T07:46:42.000Z","volume":3000,"label":" ","price":3.95},{"type":"A","date":"2018-04-09T07:50:33.000Z","volume":3000,"label":" ","price":3.96},{"type":"A","date":"2018-04-09T07:51:29.000Z","volume":1000,"label":" ","price":3.96},{"type":"A","date":"2018-04-09T07:52:30.000Z","volume":1000,"label":" ","price":3.96},{"type":"A","date":"2018-04-09T07:52:33.000Z","volume":3000,"label":" ","price":3.96},{"type":"A","date":"2018-04-09T07:52:47.000Z","volume":1000,"label":" ","price":3.96},{"type":"A","date":"2018-04-09T07:53:07.000Z","volume":1000,"label":" ","price":3.96},{"type":"B","date":"2018-04-09T07:53:24.000Z","volume":4000,"label":" ","price":3.95},{"type":"A","date":"2018-04-09T07:53:34.000Z","volume":550000,"label":" ","price":3.96},{"type":"A","date":"2018-04-09T07:53:35.000Z","volume":19000,"label":" ","price":3.96},{"type":"A","date":"2018-04-09T07:53:48.000Z","volume":2000,"label":" ","price":3.96},{"type":"A","date":"2018-04-09T07:53:59.000Z","volume":1000,"label":" ","price":3.96},{"type":"A","date":"2018-04-09T07:54:02.000Z","volume":1000,"label":"Y","price":3.96},{"type":"A","date":"2018-04-09T07:54:30.000Z","volume":1000,"label":" ","price":3.98},{"type":"A","date":"2018-04-09T07:54:33.000Z","volume":4000,"label":" ","price":3.98},{"type":"A","date":"2018-04-09T07:55:00.000Z","volume":1000,"label":" ","price":3.98},{"type":"A","date":"2018-04-09T07:55:18.000Z","volume":1000,"label":"Y","price":3.97},{"type":"B","date":"2018-04-09T07:55:18.000Z","volume":1000,"label":" ","price":3.97},{"type":"B","date":"2018-04-09T07:55:20.000Z","volume":4000,"label":" ","price":3.97},{"type":"B","date":"2018-04-09T07:55:21.000Z","volume":1000,"label":" ","price":3.97},{"type":"A","date":"2018-04-09T07:55:30.000Z","volume":1000,"label":" ","price":3.97},{"type":"A","date":"2018-04-09T07:55:31.000Z","volume":2000,"label":" ","price":3.98},{"type":"A","date":"2018-04-09T07:55:54.000Z","volume":1000,"label":"Y","price":3.97},{"type":"B","date":"2018-04-09T07:55:54.000Z","volume":1000,"label":" ","price":3.97},{"type":"A","date":"2018-04-09T07:56:01.000Z","volume":2000,"label":" ","price":3.98},{"type":"A","date":"2018-04-09T07:56:31.000Z","volume":4000,"label":" ","price":3.98},{"type":"A","date":"2018-04-09T07:57:01.000Z","volume":5000,"label":" ","price":3.98},{"type":"A","date":"2018-04-09T07:57:31.000Z","volume":5000,"label":" ","price":3.98},{"type":"A","date":"2018-04-09T07:58:01.000Z","volume":5000,"label":" ","price":3.98},{"type":"A","date":"2018-04-09T07:58:04.000Z","volume":1000,"label":" ","price":3.98},{"type":"A","date":"2018-04-09T07:58:24.000Z","volume":4000,"label":" ","price":3.98},{"type":"A","date":"2018-04-09T07:58:31.000Z","volume":1000,"label":" ","price":3.98},{"type":"A","date":"2018-04-09T07:58:33.000Z","volume":1000,"label":" ","price":3.98},{"type":"A","date":"2018-04-09T07:58:48.000Z","volume":1000,"label":" ","price":3.98},{"type":"A","date":"2018-04-09T07:58:56.000Z","volume":1000,"label":" ","price":3.98},{"type":"A","date":"2018-04-09T07:58:56.000Z","volume":1000,"label":" ","price":3.98},{"type":"A","date":"2018-04-09T07:58:57.000Z","volume":1000,"label":" ","price":3.98},{"type":"A","date":"2018-04-09T07:59:01.000Z","volume":5000,"label":" ","price":3.98},{"type":"A","date":"2018-04-09T07:59:01.000Z","volume":1000,"label":" ","price":3.98},{"type":"A","date":"2018-04-09T07:59:10.000Z","volume":1000,"label":" ","price":3.98},{"type":"A","date":"2018-04-09T07:59:14.000Z","volume":1000,"label":" ","price":3.98},{"type":"A","date":"2018-04-09T07:59:30.000Z","volume":6000,"label":" ","price":3.98},{"type":"A","date":"2018-04-09T07:59:35.000Z","volume":1000,"label":" ","price":3.98},{"type":"A","date":"2018-04-09T07:59:38.000Z","volume":1000,"label":" ","price":3.98},{"type":"A","date":"2018-04-09T07:59:55.000Z","volume":5000,"label":" ","price":3.98},{"type":"A","date":"2018-04-09T07:59:57.000Z","volume":1000,"label":" ","price":3.98},{"type":"A","date":"2018-04-09T07:59:58.000Z","volume":1000,"label":" ","price":3.98},{"type":"U","date":"2018-04-09T08:08:10.000Z","volume":55000,"label":"U","price":3.98}]