[{"type":"A","date":"2018-03-19T03:29:59.000Z","volume":30000,"price":2.93,"category":"ubbull"},{"type":"A","date":"2018-03-19T01:45:13.000Z","volume":340000,"price":2.95,"category":"ubbull"},{"type":"A","date":"2018-03-19T03:30:03.000Z","volume":10000,"price":2.93,"category":"bbull"},{"type":"A","date":"2018-03-19T01:44:26.000Z","volume":20000,"price":2.95,"category":"bbull"},{"type":"A","date":"2018-03-19T07:59:19.000Z","volume":2500,"price":2.94,"category":"rbull"},{"type":"A","date":"2018-03-19T07:59:07.000Z","volume":2500,"price":2.94,"category":"rbull"},{"type":"A","date":"2018-03-19T07:58:59.000Z","volume":2500,"price":2.94,"category":"rbull"},{"type":"A","date":"2018-03-19T07:57:37.000Z","volume":2500,"price":2.94,"category":"rbull"},{"type":"A","date":"2018-03-19T07:55:20.000Z","volume":2500,"price":2.94,"category":"rbull"},{"type":"A","date":"2018-03-19T07:51:39.000Z","volume":2500,"price":2.94,"category":"rbull"},{"type":"A","date":"2018-03-19T07:44:39.000Z","volume":2500,"price":2.94,"category":"rbull"},{"type":"A","date":"2018-03-19T07:33:24.000Z","volume":2500,"price":2.94,"category":"rbull"},{"type":"A","date":"2018-03-19T07:16:32.000Z","volume":2500,"price":2.94,"category":"rbull"},{"type":"A","date":"2018-03-19T07:16:22.000Z","volume":2500,"price":2.93,"category":"rbull"},{"type":"A","date":"2018-03-19T07:16:03.000Z","volume":2500,"price":2.94,"category":"rbull"},{"type":"A","date":"2018-03-19T06:39:17.000Z","volume":2500,"price":2.94,"category":"rbull"},{"type":"A","date":"2018-03-19T06:25:49.000Z","volume":2500,"price":2.94,"category":"rbull"},{"type":"A","date":"2018-03-19T06:25:04.000Z","volume":2500,"price":2.94,"category":"rbull"},{"type":"A","date":"2018-03-19T06:14:54.000Z","volume":2500,"price":2.94,"category":"rbull"},{"type":"A","date":"2018-03-19T06:02:20.000Z","volume":2500,"price":2.94,"category":"rbull"},{"type":"A","date":"2018-03-19T05:53:29.000Z","volume":2500,"price":2.94,"category":"rbull"},{"type":"A","date":"2018-03-19T05:05:46.000Z","volume":2500,"price":2.94,"category":"rbull"},{"type":"A","date":"2018-03-19T05:01:53.000Z","volume":2500,"price":2.94,"category":"rbull"},{"type":"A","date":"2018-03-19T03:47:35.000Z","volume":2500,"price":2.94,"category":"rbull"},{"type":"A","date":"2018-03-19T03:28:31.000Z","volume":2500,"price":2.93,"category":"rbull"},{"type":"A","date":"2018-03-19T03:23:58.000Z","volume":2500,"price":2.95,"category":"rbull"},{"type":"A","date":"2018-03-19T03:00:31.000Z","volume":2500,"price":2.95,"category":"rbull"},{"type":"A","date":"2018-03-19T02:46:50.000Z","volume":2500,"price":2.95,"category":"rbull"},{"type":"A","date":"2018-03-19T02:08:28.000Z","volume":2500,"price":2.95,"category":"rbull"},{"type":"A","date":"2018-03-19T02:02:24.000Z","volume":2500,"price":2.95,"category":"rbull"},{"type":"A","date":"2018-03-19T01:33:10.000Z","volume":2500,"price":2.96,"category":"rbull"},{"type":"B","date":"2018-03-19T07:44:35.000Z","volume":2500,"price":2.91,"category":"rbear"},{"type":"B","date":"2018-03-19T07:15:53.000Z","volume":2500,"price":2.92,"category":"rbear"},{"type":"B","date":"2018-03-19T06:25:41.000Z","volume":2500,"price":2.92,"category":"rbear"},{"type":"B","date":"2018-03-19T06:24:58.000Z","volume":2500,"price":2.92,"category":"rbear"},{"type":"B","date":"2018-03-19T06:14:26.000Z","volume":2500,"price":2.92,"category":"rbear"},{"type":"B","date":"2018-03-19T06:01:14.000Z","volume":2500,"price":2.92,"category":"rbear"},{"type":"B","date":"2018-03-19T05:05:23.000Z","volume":2500,"price":2.93,"category":"rbear"},{"type":"B","date":"2018-03-19T05:05:04.000Z","volume":2500,"price":2.93,"category":"rbear"},{"type":"B","date":"2018-03-19T01:30:00.000Z","volume":2500,"price":2.93,"category":"rbear"},{"type":"B","date":"2018-03-19T05:52:27.000Z","volume":15000,"price":2.92,"category":"bbear"}]