[{"type":"B","date":"2018-04-26T01:32:15.000Z","volume":1000,"label":" ","price":4.04},{"type":"A","date":"2018-04-26T01:32:16.000Z","volume":1000,"label":" ","price":4.05},{"type":"B","date":"2018-04-26T01:35:43.000Z","volume":1000,"label":" ","price":4.04},{"type":"B","date":"2018-04-26T01:40:01.000Z","volume":10000,"label":" ","price":4.04},{"type":"B","date":"2018-04-26T01:43:16.000Z","volume":1000,"label":" ","price":4.04},{"type":"B","date":"2018-04-26T01:44:45.000Z","volume":28000,"label":" ","price":4.04},{"type":"A","date":"2018-04-26T01:44:57.000Z","volume":4000,"label":" ","price":4.05},{"type":"A","date":"2018-04-26T01:45:03.000Z","volume":3000,"label":" ","price":4.05},{"type":"A","date":"2018-04-26T01:45:05.000Z","volume":2000,"label":" ","price":4.05},{"type":"A","date":"2018-04-26T01:45:28.000Z","volume":1000,"label":" ","price":4.05},{"type":"B","date":"2018-04-26T01:46:20.000Z","volume":1000,"label":" ","price":4.05},{"type":"A","date":"2018-04-26T01:49:31.000Z","volume":1000,"label":" ","price":4.07},{"type":"B","date":"2018-04-26T01:50:37.000Z","volume":5000,"label":" ","price":4.05},{"type":"A","date":"2018-04-26T01:51:01.000Z","volume":1000,"label":" ","price":4.07},{"type":"A","date":"2018-04-26T01:51:40.000Z","volume":1000,"label":" ","price":4.07},{"type":"B","date":"2018-04-26T01:51:45.000Z","volume":1000,"label":" ","price":4.05},{"type":"A","date":"2018-04-26T01:52:31.000Z","volume":1000,"label":" ","price":4.07},{"type":"A","date":"2018-04-26T01:54:15.000Z","volume":14000,"label":"Y","price":4.07},{"type":"A","date":"2018-04-26T01:54:15.000Z","volume":8000,"label":" ","price":4.07},{"type":"A","date":"2018-04-26T01:54:15.000Z","volume":1000,"label":" ","price":4.07},{"type":"A","date":"2018-04-26T01:54:15.000Z","volume":21000,"label":"Y","price":4.07},{"type":"A","date":"2018-04-26T01:54:15.000Z","volume":5000,"label":" ","price":4.07},{"type":"A","date":"2018-04-26T01:55:22.000Z","volume":6000,"label":" ","price":4.08},{"type":"B","date":"2018-04-26T01:55:25.000Z","volume":48000,"label":" ","price":4.05},{"type":"A","date":"2018-04-26T01:55:25.000Z","volume":2000,"label":" ","price":4.05},{"type":"B","date":"2018-04-26T01:55:31.000Z","volume":29000,"label":" ","price":4.04},{"type":"B","date":"2018-04-26T01:57:07.000Z","volume":1000,"label":" ","price":4.03},{"type":"B","date":"2018-04-26T02:02:35.000Z","volume":1000,"label":" ","price":4.03},{"type":"A","date":"2018-04-26T02:02:36.000Z","volume":8000,"label":" ","price":4.04},{"type":"A","date":"2018-04-26T02:03:52.000Z","volume":7000,"label":" ","price":4.04},{"type":"A","date":"2018-04-26T02:05:38.000Z","volume":60000,"label":" ","price":4.04},{"type":"A","date":"2018-04-26T02:06:03.000Z","volume":1000,"label":" ","price":4.05},{"type":"A","date":"2018-04-26T02:07:46.000Z","volume":1000,"label":" ","price":4.05},{"type":"B","date":"2018-04-26T02:08:02.000Z","volume":1000,"label":" ","price":4.03},{"type":"A","date":"2018-04-26T02:09:16.000Z","volume":1000,"label":" ","price":4.05},{"type":"A","date":"2018-04-26T02:09:30.000Z","volume":6000,"label":" ","price":4.05},{"type":"A","date":"2018-04-26T02:10:21.000Z","volume":3000,"label":" ","price":4.05},{"type":"A","date":"2018-04-26T02:10:44.000Z","volume":1000,"label":" ","price":4.05},{"type":"A","date":"2018-04-26T02:10:44.000Z","volume":1000,"label":" ","price":4.05},{"type":"B","date":"2018-04-26T02:11:42.000Z","volume":1000,"label":" ","price":4.03},{"type":"A","date":"2018-04-26T02:12:14.000Z","volume":1000,"label":" ","price":4.05},{"type":"A","date":"2018-04-26T02:12:14.000Z","volume":1000,"label":" ","price":4.05},{"type":"A","date":"2018-04-26T02:12:15.000Z","volume":6000,"label":" ","price":4.05},{"type":"A","date":"2018-04-26T02:13:00.000Z","volume":3000,"label":" ","price":4.05},{"type":"A","date":"2018-04-26T02:13:14.000Z","volume":1000,"label":" ","price":4.05},{"type":"A","date":"2018-04-26T02:13:16.000Z","volume":1000,"label":" ","price":4.05},{"type":"B","date":"2018-04-26T02:13:17.000Z","volume":1000,"label":" ","price":4.03},{"type":"A","date":"2018-04-26T02:13:41.000Z","volume":1000,"label":" ","price":4.05},{"type":"A","date":"2018-04-26T02:14:35.000Z","volume":7000,"label":" ","price":4.05},{"type":"A","date":"2018-04-26T02:14:44.000Z","volume":1000,"label":" ","price":4.05},{"type":"A","date":"2018-04-26T02:14:46.000Z","volume":5000,"label":" ","price":4.04},{"type":"A","date":"2018-04-26T02:14:47.000Z","volume":10000,"label":" ","price":4.04},{"type":"A","date":"2018-04-26T02:14:58.000Z","volume":1000,"label":" ","price":4.05},{"type":"A","date":"2018-04-26T02:15:10.000Z","volume":1000,"label":" ","price":4.05},{"type":"A","date":"2018-04-26T02:15:23.000Z","volume":1000,"label":" ","price":4.05},{"type":"A","date":"2018-04-26T02:16:14.000Z","volume":1000,"label":" ","price":4.05},{"type":"A","date":"2018-04-26T02:16:30.000Z","volume":1000,"label":" ","price":4.05},{"type":"A","date":"2018-04-26T02:16:39.000Z","volume":1000,"label":" ","price":4.05},{"type":"A","date":"2018-04-26T02:17:10.000Z","volume":1000,"label":" ","price":4.05},{"type":"A","date":"2018-04-26T02:17:14.000Z","volume":1000,"label":" ","price":4.05},{"type":"A","date":"2018-04-26T02:17:24.000Z","volume":4000,"label":" ","price":4.05},{"type":"A","date":"2018-04-26T02:17:58.000Z","volume":3000,"label":" ","price":4.05},{"type":"A","date":"2018-04-26T02:18:06.000Z","volume":1000,"label":" ","price":4.05},{"type":"A","date":"2018-04-26T02:18:30.000Z","volume":2000,"label":" ","price":4.05},{"type":"A","date":"2018-04-26T02:18:44.000Z","volume":1000,"label":" ","price":4.05},{"type":"B","date":"2018-04-26T02:18:55.000Z","volume":1000,"label":" ","price":4.04},{"type":"A","date":"2018-04-26T02:19:26.000Z","volume":4000,"label":" ","price":4.05},{"type":"A","date":"2018-04-26T02:20:18.000Z","volume":2000,"label":" ","price":4.05},{"type":"A","date":"2018-04-26T02:20:44.000Z","volume":1000,"label":" ","price":4.05},{"type":"A","date":"2018-04-26T02:20:58.000Z","volume":3000,"label":" ","price":4.05},{"type":"A","date":"2018-04-26T02:21:06.000Z","volume":1000,"label":" ","price":4.05},{"type":"A","date":"2018-04-26T02:21:30.000Z","volume":1000,"label":" ","price":4.05},{"type":"A","date":"2018-04-26T02:22:30.000Z","volume":4000,"label":" ","price":4.05},{"type":"A","date":"2018-04-26T02:22:36.000Z","volume":1000,"label":" ","price":4.05},{"type":"A","date":"2018-04-26T02:23:00.000Z","volume":1000,"label":" ","price":4.05},{"type":"A","date":"2018-04-26T02:23:00.000Z","volume":8000,"label":" ","price":4.05},{"type":"A","date":"2018-04-26T02:23:00.000Z","volume":12000,"label":" ","price":4.05},{"type":"A","date":"2018-04-26T02:24:00.000Z","volume":2000,"label":" ","price":4.05},{"type":"A","date":"2018-04-26T02:24:06.000Z","volume":1000,"label":" ","price":4.05},{"type":"A","date":"2018-04-26T02:24:14.000Z","volume":1000,"label":" ","price":4.05},{"type":"B","date":"2018-04-26T02:24:25.000Z","volume":1000,"label":" ","price":4.04},{"type":"A","date":"2018-04-26T02:24:27.000Z","volume":5000,"label":" ","price":4.05},{"type":"A","date":"2018-04-26T02:24:29.000Z","volume":1000,"label":" ","price":4.05},{"type":"A","date":"2018-04-26T02:24:58.000Z","volume":3000,"label":" ","price":4.05},{"type":"A","date":"2018-04-26T02:25:20.000Z","volume":1000,"label":" ","price":4.05},{"type":"A","date":"2018-04-26T02:25:59.000Z","volume":1000,"label":" ","price":4.05},{"type":"A","date":"2018-04-26T02:27:06.000Z","volume":1000,"label":" ","price":4.05},{"type":"A","date":"2018-04-26T02:27:24.000Z","volume":5000,"label":" ","price":4.05},{"type":"A","date":"2018-04-26T02:27:29.000Z","volume":1000,"label":" ","price":4.05},{"type":"A","date":"2018-04-26T02:27:58.000Z","volume":3000,"label":" ","price":4.05},{"type":"A","date":"2018-04-26T02:28:14.000Z","volume":1000,"label":" ","price":4.05},{"type":"A","date":"2018-04-26T02:28:36.000Z","volume":1000,"label":" ","price":4.05},{"type":"A","date":"2018-04-26T02:28:38.000Z","volume":1000,"label":" ","price":4.05},{"type":"A","date":"2018-04-26T02:29:38.000Z","volume":13000,"label":" ","price":4.05},{"type":"B","date":"2018-04-26T02:29:39.000Z","volume":1000,"label":" ","price":4.04},{"type":"A","date":"2018-04-26T02:29:49.000Z","volume":1000,"label":" ","price":4.05},{"type":"A","date":"2018-04-26T02:30:25.000Z","volume":4000,"label":" ","price":4.05},{"type":"B","date":"2018-04-26T02:30:56.000Z","volume":1000,"label":" ","price":4.04},{"type":"A","date":"2018-04-26T02:30:58.000Z","volume":1000,"label":" ","price":4.05},{"type":"A","date":"2018-04-26T02:31:29.000Z","volume":4000,"label":" ","price":4.05},{"type":"A","date":"2018-04-26T02:32:08.000Z","volume":1000,"label":" ","price":4.05},{"type":"A","date":"2018-04-26T02:32:20.000Z","volume":8000,"label":" ","price":4.05},{"type":"A","date":"2018-04-26T02:32:44.000Z","volume":1000,"label":" ","price":4.05},{"type":"A","date":"2018-04-26T02:32:45.000Z","volume":2000,"label":" ","price":4.05},{"type":"A","date":"2018-04-26T02:33:06.000Z","volume":1000,"label":" ","price":4.05},{"type":"A","date":"2018-04-26T02:33:07.000Z","volume":3000,"label":" ","price":4.05},{"type":"A","date":"2018-04-26T02:33:18.000Z","volume":1000,"label":" ","price":4.05},{"type":"A","date":"2018-04-26T02:34:24.000Z","volume":4000,"label":" ","price":4.05},{"type":"A","date":"2018-04-26T02:34:32.000Z","volume":1000,"label":" ","price":4.05},{"type":"A","date":"2018-04-26T02:34:34.000Z","volume":1000,"label":" ","price":4.05},{"type":"A","date":"2018-04-26T02:35:18.000Z","volume":2000,"label":" ","price":4.05},{"type":"A","date":"2018-04-26T02:35:42.000Z","volume":1000,"label":" ","price":4.05},{"type":"A","date":"2018-04-26T02:35:59.000Z","volume":4000,"label":" ","price":4.05},{"type":"A","date":"2018-04-26T02:36:06.000Z","volume":1000,"label":" ","price":4.05},{"type":"A","date":"2018-04-26T02:36:45.000Z","volume":1000,"label":" ","price":4.05},{"type":"A","date":"2018-04-26T02:36:52.000Z","volume":1000,"label":" ","price":4.05},{"type":"A","date":"2018-04-26T02:37:20.000Z","volume":6000,"label":" ","price":4.05},{"type":"A","date":"2018-04-26T02:37:30.000Z","volume":2000,"label":" ","price":4.05},{"type":"A","date":"2018-04-26T02:37:36.000Z","volume":1000,"label":" ","price":4.05},{"type":"A","date":"2018-04-26T02:38:02.000Z","volume":1000,"label":" ","price":4.05},{"type":"B","date":"2018-04-26T02:38:21.000Z","volume":1000,"label":" ","price":4.04},{"type":"A","date":"2018-04-26T02:39:13.000Z","volume":4000,"label":" ","price":4.05},{"type":"A","date":"2018-04-26T02:39:15.000Z","volume":1000,"label":" ","price":4.05},{"type":"A","date":"2018-04-26T02:39:22.000Z","volume":1000,"label":" ","price":4.05},{"type":"A","date":"2018-04-26T02:40:17.000Z","volume":2000,"label":" ","price":4.05},{"type":"A","date":"2018-04-26T02:40:36.000Z","volume":1000,"label":" ","price":4.05},{"type":"A","date":"2018-04-26T02:40:36.000Z","volume":1000,"label":" ","price":4.05},{"type":"A","date":"2018-04-26T02:41:15.000Z","volume":1000,"label":" ","price":4.05},{"type":"A","date":"2018-04-26T02:41:29.000Z","volume":3000,"label":" ","price":4.05},{"type":"A","date":"2018-04-26T02:41:32.000Z","volume":20000,"label":" ","price":4.05},{"type":"A","date":"2018-04-26T02:41:51.000Z","volume":1000,"label":" ","price":4.05},{"type":"A","date":"2018-04-26T02:42:05.000Z","volume":5000,"label":" ","price":4.05},{"type":"A","date":"2018-04-26T02:42:05.000Z","volume":1000,"label":" ","price":4.05},{"type":"A","date":"2018-04-26T02:43:11.000Z","volume":1000,"label":" ","price":4.05},{"type":"A","date":"2018-04-26T02:43:11.000Z","volume":3000,"label":" ","price":4.05},{"type":"A","date":"2018-04-26T02:43:11.000Z","volume":1000,"label":" ","price":4.05},{"type":"A","date":"2018-04-26T02:43:36.000Z","volume":1000,"label":" ","price":4.05},{"type":"A","date":"2018-04-26T02:43:57.000Z","volume":5000,"label":" ","price":4.05},{"type":"A","date":"2018-04-26T02:44:15.000Z","volume":1000,"label":" ","price":4.05},{"type":"A","date":"2018-04-26T02:44:18.000Z","volume":9000,"label":" ","price":4.05},{"type":"A","date":"2018-04-26T02:44:21.000Z","volume":1000,"label":" ","price":4.05},{"type":"A","date":"2018-04-26T02:45:06.000Z","volume":1000,"label":" ","price":4.05},{"type":"A","date":"2018-04-26T02:45:20.000Z","volume":5000,"label":" ","price":4.05},{"type":"A","date":"2018-04-26T02:45:29.000Z","volume":3000,"label":" ","price":4.05},{"type":"A","date":"2018-04-26T02:45:41.000Z","volume":1000,"label":" ","price":4.05},{"type":"A","date":"2018-04-26T02:46:01.000Z","volume":4000,"label":" ","price":4.05},{"type":"A","date":"2018-04-26T02:46:17.000Z","volume":4000,"label":" ","price":4.05},{"type":"B","date":"2018-04-26T02:46:33.000Z","volume":1000,"label":" ","price":4.04},{"type":"A","date":"2018-04-26T02:46:55.000Z","volume":1000,"label":" ","price":4.05},{"type":"A","date":"2018-04-26T02:47:15.000Z","volume":1000,"label":" ","price":4.05},{"type":"A","date":"2018-04-26T02:47:21.000Z","volume":6000,"label":" ","price":4.05},{"type":"A","date":"2018-04-26T02:48:06.000Z","volume":1000,"label":" ","price":4.05},{"type":"A","date":"2018-04-26T02:48:10.000Z","volume":1000,"label":" ","price":4.05},{"type":"A","date":"2018-04-26T02:48:36.000Z","volume":3000,"label":" ","price":4.05},{"type":"A","date":"2018-04-26T02:49:18.000Z","volume":4000,"label":" ","price":4.05},{"type":"A","date":"2018-04-26T02:49:20.000Z","volume":1000,"label":" ","price":4.05},{"type":"A","date":"2018-04-26T02:49:29.000Z","volume":3000,"label":" ","price":4.05},{"type":"A","date":"2018-04-26T02:49:36.000Z","volume":1000,"label":" ","price":4.05},{"type":"A","date":"2018-04-26T02:50:25.000Z","volume":3000,"label":" ","price":4.05},{"type":"A","date":"2018-04-26T02:50:35.000Z","volume":1000,"label":" ","price":4.05},{"type":"A","date":"2018-04-26T02:50:45.000Z","volume":1000,"label":" ","price":4.05},{"type":"A","date":"2018-04-26T02:51:06.000Z","volume":1000,"label":" ","price":4.05},{"type":"A","date":"2018-04-26T02:51:44.000Z","volume":1000,"label":" ","price":4.05},{"type":"A","date":"2018-04-26T02:52:22.000Z","volume":5000,"label":" ","price":4.05},{"type":"A","date":"2018-04-26T02:52:36.000Z","volume":1000,"label":" ","price":4.05},{"type":"A","date":"2018-04-26T02:52:59.000Z","volume":1000,"label":" ","price":4.05},{"type":"A","date":"2018-04-26T02:52:59.000Z","volume":3000,"label":" ","price":4.05},{"type":"A","date":"2018-04-26T02:52:59.000Z","volume":2000,"label":" ","price":4.05},{"type":"A","date":"2018-04-26T02:54:00.000Z","volume":3000,"label":" ","price":4.05},{"type":"A","date":"2018-04-26T02:54:06.000Z","volume":1000,"label":" ","price":4.05},{"type":"A","date":"2018-04-26T02:54:09.000Z","volume":1000,"label":" ","price":4.05},{"type":"A","date":"2018-04-26T02:54:45.000Z","volume":1000,"label":" ","price":4.05},{"type":"A","date":"2018-04-26T02:55:19.000Z","volume":1000,"label":" ","price":4.05},{"type":"A","date":"2018-04-26T02:55:36.000Z","volume":1000,"label":" ","price":4.05},{"type":"A","date":"2018-04-26T02:56:29.000Z","volume":1000,"label":" ","price":4.05},{"type":"B","date":"2018-04-26T02:56:36.000Z","volume":1000,"label":" ","price":4.04},{"type":"A","date":"2018-04-26T02:57:38.000Z","volume":1000,"label":" ","price":4.05},{"type":"A","date":"2018-04-26T02:58:00.000Z","volume":3000,"label":" ","price":4.05},{"type":"A","date":"2018-04-26T02:58:15.000Z","volume":1000,"label":" ","price":4.05},{"type":"A","date":"2018-04-26T02:58:36.000Z","volume":1000,"label":" ","price":4.05},{"type":"A","date":"2018-04-26T02:58:53.000Z","volume":1000,"label":" ","price":4.05},{"type":"A","date":"2018-04-26T03:00:03.000Z","volume":1000,"label":" ","price":4.05},{"type":"A","date":"2018-04-26T03:00:03.000Z","volume":1000,"label":" ","price":4.05},{"type":"A","date":"2018-04-26T03:01:13.000Z","volume":1000,"label":" ","price":4.05},{"type":"A","date":"2018-04-26T03:01:31.000Z","volume":1000,"label":" ","price":4.05},{"type":"A","date":"2018-04-26T03:01:45.000Z","volume":1000,"label":" ","price":4.05},{"type":"A","date":"2018-04-26T03:02:23.000Z","volume":1000,"label":" ","price":4.05},{"type":"A","date":"2018-04-26T03:02:31.000Z","volume":1000,"label":" ","price":4.05},{"type":"A","date":"2018-04-26T03:02:59.000Z","volume":1000,"label":" ","price":4.05},{"type":"A","date":"2018-04-26T03:03:00.000Z","volume":1000,"label":" ","price":4.05},{"type":"A","date":"2018-04-26T03:03:33.000Z","volume":1000,"label":" ","price":4.05},{"type":"A","date":"2018-04-26T03:03:33.000Z","volume":1000,"label":" ","price":4.05},{"type":"A","date":"2018-04-26T03:04:31.000Z","volume":2000,"label":" ","price":4.05},{"type":"A","date":"2018-04-26T03:04:31.000Z","volume":1000,"label":" ","price":4.05},{"type":"B","date":"2018-04-26T03:04:34.000Z","volume":1000,"label":" ","price":4.04},{"type":"A","date":"2018-04-26T03:04:43.000Z","volume":1000,"label":" ","price":4.05},{"type":"A","date":"2018-04-26T03:05:19.000Z","volume":1000,"label":" ","price":4.05},{"type":"A","date":"2018-04-26T03:05:52.000Z","volume":1000,"label":" ","price":4.05},{"type":"A","date":"2018-04-26T03:06:30.000Z","volume":4000,"label":" ","price":4.05},{"type":"A","date":"2018-04-26T03:07:02.000Z","volume":1000,"label":" ","price":4.05},{"type":"A","date":"2018-04-26T03:07:27.000Z","volume":3000,"label":" ","price":4.05},{"type":"A","date":"2018-04-26T03:07:31.000Z","volume":1000,"label":" ","price":4.05},{"type":"A","date":"2018-04-26T03:08:12.000Z","volume":1000,"label":" ","price":4.05},{"type":"A","date":"2018-04-26T03:09:01.000Z","volume":1000,"label":" ","price":4.05},{"type":"A","date":"2018-04-26T03:09:22.000Z","volume":1000,"label":" ","price":4.05},{"type":"A","date":"2018-04-26T03:09:30.000Z","volume":3000,"label":" ","price":4.05},{"type":"A","date":"2018-04-26T03:10:16.000Z","volume":1000,"label":" ","price":4.05},{"type":"A","date":"2018-04-26T03:10:22.000Z","volume":1000,"label":" ","price":4.05},{"type":"A","date":"2018-04-26T03:10:31.000Z","volume":1000,"label":" ","price":4.05},{"type":"A","date":"2018-04-26T03:10:32.000Z","volume":1000,"label":" ","price":4.05},{"type":"A","date":"2018-04-26T03:11:42.000Z","volume":1000,"label":" ","price":4.05},{"type":"A","date":"2018-04-26T03:11:56.000Z","volume":1000,"label":" ","price":4.05},{"type":"B","date":"2018-04-26T03:12:27.000Z","volume":1000,"label":" ","price":4.04},{"type":"A","date":"2018-04-26T03:12:38.000Z","volume":4000,"label":" ","price":4.05},{"type":"A","date":"2018-04-26T03:13:21.000Z","volume":1000,"label":" ","price":4.05},{"type":"A","date":"2018-04-26T03:13:22.000Z","volume":2000,"label":" ","price":4.05},{"type":"A","date":"2018-04-26T03:13:30.000Z","volume":3000,"label":" ","price":4.05},{"type":"A","date":"2018-04-26T03:13:46.000Z","volume":1000,"label":" ","price":4.05},{"type":"A","date":"2018-04-26T03:14:01.000Z","volume":1000,"label":" ","price":4.05},{"type":"A","date":"2018-04-26T03:14:01.000Z","volume":2000,"label":" ","price":4.05},{"type":"A","date":"2018-04-26T03:14:46.000Z","volume":1000,"label":" ","price":4.05},{"type":"A","date":"2018-04-26T03:14:47.000Z","volume":6000,"label":" ","price":4.05},{"type":"A","date":"2018-04-26T03:14:57.000Z","volume":12000,"label":" ","price":4.05},{"type":"A","date":"2018-04-26T03:15:11.000Z","volume":1000,"label":" ","price":4.05},{"type":"A","date":"2018-04-26T03:15:26.000Z","volume":2000,"label":" ","price":4.05},{"type":"A","date":"2018-04-26T03:15:52.000Z","volume":3000,"label":" ","price":4.05},{"type":"A","date":"2018-04-26T03:16:11.000Z","volume":1000,"label":" ","price":4.05},{"type":"A","date":"2018-04-26T03:16:21.000Z","volume":1000,"label":" ","price":4.05},{"type":"A","date":"2018-04-26T03:16:51.000Z","volume":7000,"label":" ","price":4.05},{"type":"A","date":"2018-04-26T03:16:57.000Z","volume":3000,"label":" ","price":4.05},{"type":"A","date":"2018-04-26T03:16:57.000Z","volume":26000,"label":" ","price":4.05},{"type":"A","date":"2018-04-26T03:16:57.000Z","volume":4000,"label":" ","price":4.05},{"type":"A","date":"2018-04-26T03:17:00.000Z","volume":3000,"label":" ","price":4.05},{"type":"A","date":"2018-04-26T03:17:16.000Z","volume":46000,"label":" ","price":4.05},{"type":"A","date":"2018-04-26T03:17:30.000Z","volume":1000,"label":" ","price":4.07},{"type":"A","date":"2018-04-26T03:17:30.000Z","volume":4000,"label":"Y","price":4.07},{"type":"A","date":"2018-04-26T03:17:30.000Z","volume":5000,"label":" ","price":4.07},{"type":"A","date":"2018-04-26T03:17:30.000Z","volume":5000,"label":" ","price":4.07},{"type":"A","date":"2018-04-26T03:17:46.000Z","volume":1000,"label":" ","price":4.07},{"type":"A","date":"2018-04-26T03:18:01.000Z","volume":3000,"label":"Y","price":4.07},{"type":"B","date":"2018-04-26T03:18:22.000Z","volume":1000,"label":" ","price":4.04},{"type":"A","date":"2018-04-26T03:18:46.000Z","volume":6000,"label":" ","price":4.07},{"type":"A","date":"2018-04-26T03:19:09.000Z","volume":1000,"label":"Y","price":4.07},{"type":"A","date":"2018-04-26T03:19:30.000Z","volume":7000,"label":"Y","price":4.07},{"type":"A","date":"2018-04-26T03:19:30.000Z","volume":3000,"label":" ","price":4.07},{"type":"A","date":"2018-04-26T03:20:16.000Z","volume":1000,"label":" ","price":4.07},{"type":"A","date":"2018-04-26T03:20:23.000Z","volume":1000,"label":" ","price":4.08},{"type":"A","date":"2018-04-26T03:20:44.000Z","volume":1000,"label":" ","price":4.08},{"type":"A","date":"2018-04-26T03:22:28.000Z","volume":4000,"label":" ","price":4.08},{"type":"A","date":"2018-04-26T03:22:28.000Z","volume":1000,"label":"Y","price":4.08},{"type":"A","date":"2018-04-26T03:24:02.000Z","volume":1000,"label":" ","price":4.08},{"type":"A","date":"2018-04-26T03:24:16.000Z","volume":4000,"label":" ","price":4.08},{"type":"A","date":"2018-04-26T03:24:17.000Z","volume":1000,"label":" ","price":4.08},{"type":"A","date":"2018-04-26T03:24:41.000Z","volume":1000,"label":" ","price":4.08},{"type":"A","date":"2018-04-26T03:25:22.000Z","volume":2000,"label":" ","price":4.08},{"type":"A","date":"2018-04-26T03:25:42.000Z","volume":1000,"label":"Y","price":4.08},{"type":"A","date":"2018-04-26T03:26:06.000Z","volume":1000,"label":" ","price":4.08},{"type":"B","date":"2018-04-26T03:26:19.000Z","volume":1000,"label":" ","price":4.05},{"type":"A","date":"2018-04-26T03:27:21.000Z","volume":1000,"label":"Y","price":4.08},{"type":"A","date":"2018-04-26T03:27:31.000Z","volume":1000,"label":" ","price":4.08},{"type":"A","date":"2018-04-26T03:27:32.000Z","volume":2000,"label":"Y","price":4.08},{"type":"A","date":"2018-04-26T03:28:56.000Z","volume":1000,"label":" ","price":4.08},{"type":"A","date":"2018-04-26T03:28:56.000Z","volume":1000,"label":" ","price":4.08},{"type":"A","date":"2018-04-26T03:29:01.000Z","volume":6000,"label":"Y","price":4.08},{"type":"A","date":"2018-04-26T03:29:01.000Z","volume":1000,"label":" ","price":4.08},{"type":"A","date":"2018-04-26T03:29:01.000Z","volume":3000,"label":" ","price":4.08},{"type":"A","date":"2018-04-26T03:29:01.000Z","volume":1000,"label":" ","price":4.09},{"type":"A","date":"2018-04-26T03:30:17.000Z","volume":1000,"label":" ","price":4.08},{"type":"A","date":"2018-04-26T03:30:21.000Z","volume":1000,"label":" ","price":4.08},{"type":"A","date":"2018-04-26T03:30:23.000Z","volume":2000,"label":" ","price":4.08},{"type":"A","date":"2018-04-26T03:30:26.000Z","volume":1000,"label":" ","price":4.08},{"type":"A","date":"2018-04-26T03:31:38.000Z","volume":5000,"label":" ","price":4.08},{"type":"A","date":"2018-04-26T03:32:00.000Z","volume":1000,"label":" ","price":4.08},{"type":"A","date":"2018-04-26T03:33:31.000Z","volume":1000,"label":" ","price":4.09},{"type":"A","date":"2018-04-26T03:34:42.000Z","volume":4000,"label":" ","price":4.09},{"type":"B","date":"2018-04-26T03:34:47.000Z","volume":1000,"label":" ","price":4.06},{"type":"A","date":"2018-04-26T03:35:07.000Z","volume":1000,"label":" ","price":4.09},{"type":"A","date":"2018-04-26T03:35:18.000Z","volume":1000,"label":" ","price":4.09},{"type":"A","date":"2018-04-26T03:35:48.000Z","volume":1000,"label":" ","price":4.08},{"type":"A","date":"2018-04-26T03:36:31.000Z","volume":3000,"label":" ","price":4.08},{"type":"A","date":"2018-04-26T03:36:36.000Z","volume":1000,"label":" ","price":4.08},{"type":"A","date":"2018-04-26T03:37:50.000Z","volume":6000,"label":" ","price":4.08},{"type":"A","date":"2018-04-26T03:37:50.000Z","volume":5000,"label":" ","price":4.08},{"type":"A","date":"2018-04-26T03:38:02.000Z","volume":2000,"label":" ","price":4.08},{"type":"A","date":"2018-04-26T03:38:16.000Z","volume":1000,"label":" ","price":4.08},{"type":"A","date":"2018-04-26T03:38:48.000Z","volume":1000,"label":" ","price":4.08},{"type":"A","date":"2018-04-26T03:40:01.000Z","volume":1000,"label":"Y","price":4.09},{"type":"A","date":"2018-04-26T03:40:03.000Z","volume":5000,"label":" ","price":4.09},{"type":"A","date":"2018-04-26T03:40:23.000Z","volume":1000,"label":" ","price":4.09},{"type":"A","date":"2018-04-26T03:41:31.000Z","volume":3000,"label":" ","price":4.09},{"type":"A","date":"2018-04-26T03:41:50.000Z","volume":1000,"label":"Y","price":4.09},{"type":"A","date":"2018-04-26T03:42:18.000Z","volume":6000,"label":" ","price":4.08},{"type":"A","date":"2018-04-26T03:42:18.000Z","volume":3000,"label":" ","price":4.08},{"type":"A","date":"2018-04-26T03:42:19.000Z","volume":1000,"label":" ","price":4.08},{"type":"A","date":"2018-04-26T03:42:31.000Z","volume":1000,"label":" ","price":4.08},{"type":"B","date":"2018-04-26T03:42:56.000Z","volume":1000,"label":" ","price":4.07},{"type":"A","date":"2018-04-26T03:43:27.000Z","volume":4000,"label":" ","price":4.09},{"type":"A","date":"2018-04-26T03:43:35.000Z","volume":1000,"label":"Y","price":4.09},{"type":"A","date":"2018-04-26T03:45:24.000Z","volume":2000,"label":" ","price":4.09},{"type":"A","date":"2018-04-26T03:45:25.000Z","volume":1000,"label":"Y","price":4.09},{"type":"A","date":"2018-04-26T03:45:42.000Z","volume":119000,"label":" ","price":4.09},{"type":"A","date":"2018-04-26T03:45:42.000Z","volume":381000,"label":" ","price":4.1},{"type":"A","date":"2018-04-26T03:45:49.000Z","volume":2000,"label":" ","price":4.1},{"type":"A","date":"2018-04-26T03:47:10.000Z","volume":1000,"label":" ","price":4.1},{"type":"A","date":"2018-04-26T03:47:19.000Z","volume":3000,"label":" ","price":4.1},{"type":"A","date":"2018-04-26T03:47:37.000Z","volume":1000,"label":" ","price":4.1},{"type":"A","date":"2018-04-26T03:49:14.000Z","volume":1000,"label":" ","price":4.1},{"type":"A","date":"2018-04-26T03:49:31.000Z","volume":5000,"label":" ","price":4.1},{"type":"A","date":"2018-04-26T03:50:19.000Z","volume":2000,"label":" ","price":4.1},{"type":"A","date":"2018-04-26T03:50:22.000Z","volume":3000,"label":" ","price":4.1},{"type":"B","date":"2018-04-26T03:51:09.000Z","volume":1000,"label":" ","price":4.09},{"type":"A","date":"2018-04-26T03:51:19.000Z","volume":2000,"label":" ","price":4.1},{"type":"A","date":"2018-04-26T03:51:19.000Z","volume":1000,"label":" ","price":4.1},{"type":"A","date":"2018-04-26T03:51:36.000Z","volume":1000,"label":" ","price":4.1},{"type":"A","date":"2018-04-26T03:52:14.000Z","volume":4000,"label":" ","price":4.1},{"type":"A","date":"2018-04-26T03:52:19.000Z","volume":2000,"label":" ","price":4.1},{"type":"A","date":"2018-04-26T03:52:30.000Z","volume":2000,"label":" ","price":4.1},{"type":"A","date":"2018-04-26T03:52:49.000Z","volume":2000,"label":" ","price":4.1},{"type":"A","date":"2018-04-26T03:53:01.000Z","volume":1000,"label":" ","price":4.1},{"type":"A","date":"2018-04-26T03:53:19.000Z","volume":2000,"label":" ","price":4.1},{"type":"A","date":"2018-04-26T03:53:29.000Z","volume":1000,"label":" ","price":4.1},{"type":"A","date":"2018-04-26T03:53:49.000Z","volume":2000,"label":" ","price":4.1},{"type":"A","date":"2018-04-26T03:54:18.000Z","volume":3000,"label":" ","price":4.1},{"type":"A","date":"2018-04-26T03:54:19.000Z","volume":2000,"label":" ","price":4.1},{"type":"A","date":"2018-04-26T03:54:26.000Z","volume":1000,"label":" ","price":4.1},{"type":"A","date":"2018-04-26T03:54:32.000Z","volume":4000,"label":" ","price":4.1},{"type":"A","date":"2018-04-26T03:54:49.000Z","volume":2000,"label":" ","price":4.1},{"type":"A","date":"2018-04-26T03:55:03.000Z","volume":6000,"label":" ","price":4.1},{"type":"A","date":"2018-04-26T03:55:19.000Z","volume":2000,"label":" ","price":4.1},{"type":"A","date":"2018-04-26T03:55:33.000Z","volume":1000,"label":" ","price":4.1},{"type":"A","date":"2018-04-26T03:55:51.000Z","volume":1000,"label":" ","price":4.1},{"type":"B","date":"2018-04-26T03:55:55.000Z","volume":6000,"label":" ","price":4.09},{"type":"A","date":"2018-04-26T03:56:19.000Z","volume":2000,"label":" ","price":4.1},{"type":"A","date":"2018-04-26T03:57:16.000Z","volume":1000,"label":" ","price":4.1},{"type":"A","date":"2018-04-26T03:57:48.000Z","volume":1000,"label":" ","price":4.1},{"type":"A","date":"2018-04-26T03:57:49.000Z","volume":2000,"label":" ","price":4.1},{"type":"A","date":"2018-04-26T03:58:12.000Z","volume":3000,"label":" ","price":4.1},{"type":"A","date":"2018-04-26T03:58:19.000Z","volume":2000,"label":" ","price":4.1},{"type":"B","date":"2018-04-26T03:58:38.000Z","volume":1000,"label":" ","price":4.09},{"type":"A","date":"2018-04-26T03:58:41.000Z","volume":1000,"label":" ","price":4.1},{"type":"A","date":"2018-04-26T05:00:00.000Z","volume":1000,"label":" ","price":4.1},{"type":"A","date":"2018-04-26T05:00:01.000Z","volume":12000,"label":" ","price":4.1},{"type":"A","date":"2018-04-26T05:00:02.000Z","volume":3000,"label":" ","price":4.1},{"type":"B","date":"2018-04-26T05:00:03.000Z","volume":2000,"label":" ","price":4.09},{"type":"B","date":"2018-04-26T05:00:14.000Z","volume":10000,"label":" ","price":4.09},{"type":"A","date":"2018-04-26T05:01:46.000Z","volume":1000,"label":" ","price":4.1},{"type":"B","date":"2018-04-26T05:01:55.000Z","volume":1000,"label":" ","price":4.09},{"type":"A","date":"2018-04-26T05:03:36.000Z","volume":1000,"label":" ","price":4.1},{"type":"A","date":"2018-04-26T05:05:01.000Z","volume":1000,"label":" ","price":4.1},{"type":"A","date":"2018-04-26T05:06:26.000Z","volume":1000,"label":" ","price":4.1},{"type":"A","date":"2018-04-26T05:07:51.000Z","volume":1000,"label":" ","price":4.1},{"type":"A","date":"2018-04-26T05:07:51.000Z","volume":1000,"label":" ","price":4.1},{"type":"B","date":"2018-04-26T05:07:58.000Z","volume":1000,"label":" ","price":4.09},{"type":"A","date":"2018-04-26T05:09:16.000Z","volume":1000,"label":" ","price":4.1},{"type":"A","date":"2018-04-26T05:09:55.000Z","volume":1000,"label":" ","price":4.1},{"type":"A","date":"2018-04-26T05:10:41.000Z","volume":1000,"label":" ","price":4.1},{"type":"A","date":"2018-04-26T05:11:50.000Z","volume":1000,"label":" ","price":4.1},{"type":"A","date":"2018-04-26T05:12:06.000Z","volume":1000,"label":" ","price":4.1},{"type":"A","date":"2018-04-26T05:13:31.000Z","volume":1000,"label":" ","price":4.1},{"type":"B","date":"2018-04-26T05:13:34.000Z","volume":1000,"label":" ","price":4.09},{"type":"A","date":"2018-04-26T05:13:50.000Z","volume":1000,"label":" ","price":4.1},{"type":"A","date":"2018-04-26T05:13:59.000Z","volume":4000,"label":" ","price":4.1},{"type":"B","date":"2018-04-26T05:14:09.000Z","volume":1000,"label":" ","price":4.09},{"type":"B","date":"2018-04-26T05:14:42.000Z","volume":20000,"label":" ","price":4.09},{"type":"A","date":"2018-04-26T05:15:45.000Z","volume":1000,"label":" ","price":4.1},{"type":"A","date":"2018-04-26T05:17:38.000Z","volume":3000,"label":" ","price":4.1},{"type":"A","date":"2018-04-26T05:17:44.000Z","volume":1000,"label":" ","price":4.1},{"type":"A","date":"2018-04-26T05:19:56.000Z","volume":3000,"label":" ","price":4.1},{"type":"B","date":"2018-04-26T05:20:21.000Z","volume":1000,"label":" ","price":4.09},{"type":"A","date":"2018-04-26T05:20:24.000Z","volume":1000,"label":" ","price":4.1},{"type":"A","date":"2018-04-26T05:22:26.000Z","volume":5000,"label":" ","price":4.1},{"type":"A","date":"2018-04-26T05:23:04.000Z","volume":1000,"label":" ","price":4.1},{"type":"A","date":"2018-04-26T05:23:26.000Z","volume":1000,"label":" ","price":4.1},{"type":"A","date":"2018-04-26T05:23:34.000Z","volume":2000,"label":" ","price":4.1},{"type":"A","date":"2018-04-26T05:24:08.000Z","volume":2000,"label":" ","price":4.1},{"type":"A","date":"2018-04-26T05:24:10.000Z","volume":5000,"label":" ","price":4.1},{"type":"A","date":"2018-04-26T05:24:51.000Z","volume":1000,"label":" ","price":4.1},{"type":"A","date":"2018-04-26T05:25:20.000Z","volume":1000,"label":" ","price":4.1},{"type":"A","date":"2018-04-26T05:25:26.000Z","volume":4000,"label":" ","price":4.1},{"type":"A","date":"2018-04-26T05:25:33.000Z","volume":1000,"label":" ","price":4.1},{"type":"A","date":"2018-04-26T05:26:16.000Z","volume":1000,"label":" ","price":4.1},{"type":"B","date":"2018-04-26T05:26:30.000Z","volume":1000,"label":" ","price":4.09},{"type":"A","date":"2018-04-26T05:27:31.000Z","volume":4000,"label":" ","price":4.1},{"type":"A","date":"2018-04-26T05:28:03.000Z","volume":1000,"label":" ","price":4.1},{"type":"A","date":"2018-04-26T05:28:26.000Z","volume":3000,"label":" ","price":4.1},{"type":"A","date":"2018-04-26T05:29:00.000Z","volume":7000,"label":" ","price":4.1},{"type":"A","date":"2018-04-26T05:29:06.000Z","volume":1000,"label":" ","price":4.1},{"type":"A","date":"2018-04-26T05:29:13.000Z","volume":4000,"label":" ","price":4.1},{"type":"A","date":"2018-04-26T05:29:39.000Z","volume":3000,"label":" ","price":4.1},{"type":"A","date":"2018-04-26T05:29:58.000Z","volume":7000,"label":" ","price":4.1},{"type":"A","date":"2018-04-26T05:30:03.000Z","volume":1000,"label":" ","price":4.1},{"type":"A","date":"2018-04-26T05:30:17.000Z","volume":3000,"label":" ","price":4.1},{"type":"A","date":"2018-04-26T05:30:31.000Z","volume":1000,"label":" ","price":4.1},{"type":"A","date":"2018-04-26T05:31:56.000Z","volume":1000,"label":" ","price":4.1},{"type":"U","date":"2018-04-26T05:31:57.000Z","volume":669,"label":"D","price":4.05},{"type":"A","date":"2018-04-26T05:31:58.000Z","volume":1000,"label":" ","price":4.1},{"type":"A","date":"2018-04-26T05:32:17.000Z","volume":2000,"label":" ","price":4.1},{"type":"B","date":"2018-04-26T05:32:18.000Z","volume":1000,"label":" ","price":4.09},{"type":"A","date":"2018-04-26T05:32:31.000Z","volume":6000,"label":" ","price":4.1},{"type":"B","date":"2018-04-26T05:32:48.000Z","volume":1000,"label":" ","price":4.09},{"type":"A","date":"2018-04-26T05:33:53.000Z","volume":1000,"label":" ","price":4.1},{"type":"A","date":"2018-04-26T05:34:00.000Z","volume":7000,"label":" ","price":4.1},{"type":"A","date":"2018-04-26T05:34:15.000Z","volume":5000,"label":" ","price":4.1},{"type":"A","date":"2018-04-26T05:34:26.000Z","volume":3000,"label":" ","price":4.1},{"type":"A","date":"2018-04-26T05:34:43.000Z","volume":2000,"label":" ","price":4.1},{"type":"A","date":"2018-04-26T05:34:43.000Z","volume":17000,"label":" ","price":4.1},{"type":"A","date":"2018-04-26T05:34:47.000Z","volume":4000,"label":" ","price":4.1},{"type":"A","date":"2018-04-26T05:34:59.000Z","volume":12000,"label":" ","price":4.1},{"type":"A","date":"2018-04-26T05:35:24.000Z","volume":3000,"label":" ","price":4.11},{"type":"A","date":"2018-04-26T05:35:47.000Z","volume":1000,"label":" ","price":4.11},{"type":"A","date":"2018-04-26T05:36:11.000Z","volume":1000,"label":" ","price":4.11},{"type":"A","date":"2018-04-26T05:37:22.000Z","volume":3000,"label":" ","price":4.11},{"type":"A","date":"2018-04-26T05:37:36.000Z","volume":1000,"label":" ","price":4.11},{"type":"A","date":"2018-04-26T05:37:39.000Z","volume":3000,"label":" ","price":4.11},{"type":"A","date":"2018-04-26T05:37:42.000Z","volume":1000,"label":" ","price":4.11},{"type":"A","date":"2018-04-26T05:38:58.000Z","volume":1000,"label":" ","price":4.1},{"type":"A","date":"2018-04-26T05:39:01.000Z","volume":1000,"label":" ","price":4.11},{"type":"A","date":"2018-04-26T05:39:12.000Z","volume":1000,"label":" ","price":4.11},{"type":"A","date":"2018-04-26T05:39:42.000Z","volume":3000,"label":" ","price":4.11},{"type":"A","date":"2018-04-26T05:39:56.000Z","volume":3000,"label":" ","price":4.11},{"type":"A","date":"2018-04-26T05:40:25.000Z","volume":1000,"label":" ","price":4.11},{"type":"A","date":"2018-04-26T05:40:26.000Z","volume":1000,"label":" ","price":4.11},{"type":"A","date":"2018-04-26T05:40:37.000Z","volume":1000,"label":" ","price":4.11},{"type":"A","date":"2018-04-26T05:41:51.000Z","volume":1000,"label":" ","price":4.11},{"type":"A","date":"2018-04-26T05:42:07.000Z","volume":1000,"label":" ","price":4.11},{"type":"A","date":"2018-04-26T05:43:16.000Z","volume":1000,"label":" ","price":4.11},{"type":"A","date":"2018-04-26T05:43:32.000Z","volume":1000,"label":" ","price":4.11},{"type":"A","date":"2018-04-26T05:43:43.000Z","volume":3000,"label":" ","price":4.11},{"type":"A","date":"2018-04-26T05:44:41.000Z","volume":1000,"label":" ","price":4.11},{"type":"B","date":"2018-04-26T05:45:03.000Z","volume":1000,"label":" ","price":4.1},{"type":"A","date":"2018-04-26T05:45:07.000Z","volume":1000,"label":" ","price":4.11},{"type":"A","date":"2018-04-26T05:45:17.000Z","volume":1000,"label":" ","price":4.11},{"type":"A","date":"2018-04-26T05:45:39.000Z","volume":4000,"label":" ","price":4.11},{"type":"A","date":"2018-04-26T05:45:57.000Z","volume":4000,"label":" ","price":4.11},{"type":"A","date":"2018-04-26T05:46:06.000Z","volume":1000,"label":" ","price":4.11},{"type":"A","date":"2018-04-26T05:46:31.000Z","volume":1000,"label":" ","price":4.11},{"type":"A","date":"2018-04-26T05:47:17.000Z","volume":3000,"label":" ","price":4.11},{"type":"A","date":"2018-04-26T05:47:31.000Z","volume":1000,"label":" ","price":4.11},{"type":"A","date":"2018-04-26T05:47:56.000Z","volume":1000,"label":" ","price":4.11},{"type":"A","date":"2018-04-26T05:48:05.000Z","volume":3000,"label":" ","price":4.11},{"type":"A","date":"2018-04-26T05:48:56.000Z","volume":1000,"label":" ","price":4.11},{"type":"A","date":"2018-04-26T05:49:16.000Z","volume":1000,"label":" ","price":4.11},{"type":"A","date":"2018-04-26T05:49:22.000Z","volume":3000,"label":" ","price":4.11},{"type":"A","date":"2018-04-26T05:50:20.000Z","volume":1000,"label":" ","price":4.11},{"type":"A","date":"2018-04-26T05:50:21.000Z","volume":1000,"label":" ","price":4.11},{"type":"A","date":"2018-04-26T05:50:31.000Z","volume":1000,"label":" ","price":4.11},{"type":"B","date":"2018-04-26T05:51:10.000Z","volume":1000,"label":" ","price":4.1},{"type":"A","date":"2018-04-26T05:51:22.000Z","volume":532000,"label":" ","price":4.11},{"type":"B","date":"2018-04-26T05:51:23.000Z","volume":163000,"label":" ","price":4.1},{"type":"A","date":"2018-04-26T05:55:43.000Z","volume":4000,"label":" ","price":4.1},{"type":"A","date":"2018-04-26T05:56:05.000Z","volume":4000,"label":" ","price":4.1},{"type":"A","date":"2018-04-26T05:57:05.000Z","volume":1000,"label":" ","price":4.1},{"type":"A","date":"2018-04-26T05:58:35.000Z","volume":1000,"label":" ","price":4.1},{"type":"A","date":"2018-04-26T06:00:02.000Z","volume":1000,"label":" ","price":4.1},{"type":"B","date":"2018-04-26T06:00:02.000Z","volume":1000,"label":" ","price":4.09},{"type":"A","date":"2018-04-26T06:03:30.000Z","volume":1000,"label":" ","price":4.1},{"type":"A","date":"2018-04-26T06:04:49.000Z","volume":3000,"label":" ","price":4.1},{"type":"A","date":"2018-04-26T06:05:05.000Z","volume":1000,"label":" ","price":4.1},{"type":"A","date":"2018-04-26T06:05:56.000Z","volume":5000,"label":" ","price":4.1},{"type":"B","date":"2018-04-26T06:06:14.000Z","volume":1000,"label":" ","price":4.09},{"type":"A","date":"2018-04-26T06:07:21.000Z","volume":1000,"label":" ","price":4.1},{"type":"A","date":"2018-04-26T06:07:49.000Z","volume":3000,"label":" ","price":4.1},{"type":"A","date":"2018-04-26T06:08:20.000Z","volume":1000,"label":" ","price":4.1},{"type":"A","date":"2018-04-26T06:08:36.000Z","volume":3000,"label":" ","price":4.1},{"type":"A","date":"2018-04-26T06:08:46.000Z","volume":1000,"label":" ","price":4.1},{"type":"A","date":"2018-04-26T06:08:49.000Z","volume":3000,"label":" ","price":4.1},{"type":"A","date":"2018-04-26T06:09:47.000Z","volume":5000,"label":" ","price":4.1},{"type":"A","date":"2018-04-26T06:09:59.000Z","volume":1000,"label":" ","price":4.1},{"type":"A","date":"2018-04-26T06:10:06.000Z","volume":16000,"label":" ","price":4.1},{"type":"A","date":"2018-04-26T06:10:11.000Z","volume":1000,"label":" ","price":4.1},{"type":"A","date":"2018-04-26T06:10:19.000Z","volume":3000,"label":" ","price":4.1},{"type":"A","date":"2018-04-26T06:10:58.000Z","volume":15000,"label":" ","price":4.1},{"type":"A","date":"2018-04-26T06:11:34.000Z","volume":1000,"label":" ","price":4.1},{"type":"A","date":"2018-04-26T06:11:36.000Z","volume":1000,"label":" ","price":4.1},{"type":"A","date":"2018-04-26T06:11:49.000Z","volume":3000,"label":" ","price":4.1},{"type":"A","date":"2018-04-26T06:12:21.000Z","volume":3000,"label":" ","price":4.1},{"type":"B","date":"2018-04-26T06:12:27.000Z","volume":1000,"label":" ","price":4.09},{"type":"A","date":"2018-04-26T06:13:01.000Z","volume":1000,"label":" ","price":4.1},{"type":"A","date":"2018-04-26T06:13:15.000Z","volume":5000,"label":" ","price":4.1},{"type":"A","date":"2018-04-26T06:13:49.000Z","volume":3000,"label":" ","price":4.1},{"type":"A","date":"2018-04-26T06:14:11.000Z","volume":15000,"label":" ","price":4.1},{"type":"B","date":"2018-04-26T06:14:17.000Z","volume":112000,"label":" ","price":4.09},{"type":"B","date":"2018-04-26T06:15:05.000Z","volume":10000,"label":"Y","price":4.08},{"type":"B","date":"2018-04-26T06:15:05.000Z","volume":40000,"label":" ","price":4.08},{"type":"B","date":"2018-04-26T06:15:05.000Z","volume":47000,"label":" ","price":4.08},{"type":"B","date":"2018-04-26T06:15:11.000Z","volume":32000,"label":" ","price":4.07},{"type":"B","date":"2018-04-26T06:15:11.000Z","volume":41000,"label":" ","price":4.06},{"type":"A","date":"2018-04-26T06:15:37.000Z","volume":15000,"label":" ","price":4.06},{"type":"B","date":"2018-04-26T06:15:55.000Z","volume":1000,"label":" ","price":4.05},{"type":"B","date":"2018-04-26T06:16:01.000Z","volume":35000,"label":" ","price":4.05},{"type":"B","date":"2018-04-26T06:18:07.000Z","volume":24000,"label":" ","price":4.05},{"type":"B","date":"2018-04-26T06:18:10.000Z","volume":75000,"label":" ","price":4.04},{"type":"B","date":"2018-04-26T06:18:22.000Z","volume":55000,"label":" ","price":4.03},{"type":"A","date":"2018-04-26T06:18:29.000Z","volume":31000,"label":" ","price":4.03},{"type":"A","date":"2018-04-26T06:18:33.000Z","volume":10000,"label":" ","price":4.03},{"type":"A","date":"2018-04-26T06:18:42.000Z","volume":5000,"label":" ","price":4.03},{"type":"A","date":"2018-04-26T06:18:45.000Z","volume":3000,"label":" ","price":4.03},{"type":"A","date":"2018-04-26T06:19:11.000Z","volume":3000,"label":" ","price":4.04},{"type":"A","date":"2018-04-26T06:20:02.000Z","volume":22000,"label":" ","price":4.04},{"type":"B","date":"2018-04-26T06:22:02.000Z","volume":1000,"label":" ","price":4.03},{"type":"B","date":"2018-04-26T06:25:09.000Z","volume":110000,"label":" ","price":4.03},{"type":"A","date":"2018-04-26T06:28:10.000Z","volume":1000,"label":" ","price":4.03},{"type":"B","date":"2018-04-26T06:28:17.000Z","volume":1000,"label":" ","price":4.02},{"type":"A","date":"2018-04-26T06:30:37.000Z","volume":5000,"label":" ","price":4.03},{"type":"B","date":"2018-04-26T06:34:54.000Z","volume":1000,"label":" ","price":4.02},{"type":"A","date":"2018-04-26T06:36:31.000Z","volume":20000,"label":" ","price":4.03},{"type":"A","date":"2018-04-26T06:36:41.000Z","volume":25000,"label":" ","price":4.03},{"type":"A","date":"2018-04-26T06:37:16.000Z","volume":10000,"label":" ","price":4.03},{"type":"A","date":"2018-04-26T06:37:26.000Z","volume":17000,"label":" ","price":4.03},{"type":"A","date":"2018-04-26T06:37:28.000Z","volume":8000,"label":" ","price":4.03},{"type":"A","date":"2018-04-26T06:37:28.000Z","volume":2000,"label":" ","price":4.03},{"type":"A","date":"2018-04-26T06:37:28.000Z","volume":3000,"label":" ","price":4.03},{"type":"A","date":"2018-04-26T06:37:51.000Z","volume":1000,"label":" ","price":4.03},{"type":"A","date":"2018-04-26T06:38:07.000Z","volume":3000,"label":" ","price":4.03},{"type":"A","date":"2018-04-26T06:38:27.000Z","volume":5000,"label":" ","price":4.03},{"type":"A","date":"2018-04-26T06:39:06.000Z","volume":30000,"label":" ","price":4.04},{"type":"B","date":"2018-04-26T06:40:20.000Z","volume":1000,"label":" ","price":4.03},{"type":"A","date":"2018-04-26T06:40:35.000Z","volume":1000,"label":" ","price":4.04},{"type":"B","date":"2018-04-26T06:40:39.000Z","volume":15000,"label":" ","price":4.03},{"type":"A","date":"2018-04-26T06:41:50.000Z","volume":3000,"label":" ","price":4.04},{"type":"B","date":"2018-04-26T06:41:54.000Z","volume":1000,"label":" ","price":4.03},{"type":"A","date":"2018-04-26T06:42:13.000Z","volume":20000,"label":" ","price":4.04},{"type":"A","date":"2018-04-26T06:42:53.000Z","volume":20000,"label":" ","price":4.04},{"type":"A","date":"2018-04-26T06:42:58.000Z","volume":26000,"label":" ","price":4.04},{"type":"A","date":"2018-04-26T06:43:15.000Z","volume":1000,"label":" ","price":4.05},{"type":"A","date":"2018-04-26T06:43:21.000Z","volume":3000,"label":" ","price":4.05},{"type":"B","date":"2018-04-26T06:43:40.000Z","volume":1000,"label":" ","price":4.04},{"type":"A","date":"2018-04-26T06:44:51.000Z","volume":4000,"label":" ","price":4.05},{"type":"A","date":"2018-04-26T06:45:49.000Z","volume":1000,"label":" ","price":4.05},{"type":"A","date":"2018-04-26T06:46:51.000Z","volume":3000,"label":" ","price":4.05},{"type":"B","date":"2018-04-26T06:47:54.000Z","volume":1000,"label":" ","price":4.04},{"type":"A","date":"2018-04-26T06:48:14.000Z","volume":1000,"label":" ","price":4.05},{"type":"A","date":"2018-04-26T06:49:37.000Z","volume":7000,"label":" ","price":4.05},{"type":"A","date":"2018-04-26T06:50:18.000Z","volume":1000,"label":" ","price":4.05},{"type":"A","date":"2018-04-26T06:50:21.000Z","volume":4000,"label":" ","price":4.05},{"type":"A","date":"2018-04-26T06:50:25.000Z","volume":4000,"label":" ","price":4.05},{"type":"A","date":"2018-04-26T06:52:16.000Z","volume":1000,"label":" ","price":4.05},{"type":"A","date":"2018-04-26T06:52:25.000Z","volume":5000,"label":" ","price":4.05},{"type":"B","date":"2018-04-26T06:53:05.000Z","volume":70000,"label":" ","price":4.04},{"type":"A","date":"2018-04-26T06:54:29.000Z","volume":2000,"label":" ","price":4.04},{"type":"B","date":"2018-04-26T07:00:58.000Z","volume":1000,"label":" ","price":4.04},{"type":"U","date":"2018-04-26T07:01:13.000Z","volume":745,"label":"D","price":4},{"type":"A","date":"2018-04-26T07:01:29.000Z","volume":50000,"label":" ","price":4.05},{"type":"A","date":"2018-04-26T07:01:37.000Z","volume":3000,"label":" ","price":4.05},{"type":"A","date":"2018-04-26T07:02:11.000Z","volume":6000,"label":" ","price":4.05},{"type":"A","date":"2018-04-26T07:02:52.000Z","volume":3000,"label":" ","price":4.05},{"type":"A","date":"2018-04-26T07:03:29.000Z","volume":4000,"label":" ","price":4.05},{"type":"A","date":"2018-04-26T07:04:27.000Z","volume":1000,"label":" ","price":4.06},{"type":"A","date":"2018-04-26T07:05:19.000Z","volume":1000,"label":" ","price":4.06},{"type":"B","date":"2018-04-26T07:06:41.000Z","volume":1000,"label":" ","price":4.05},{"type":"A","date":"2018-04-26T07:06:51.000Z","volume":1000,"label":" ","price":4.06},{"type":"A","date":"2018-04-26T07:09:05.000Z","volume":1000,"label":" ","price":4.06},{"type":"A","date":"2018-04-26T07:09:41.000Z","volume":1000,"label":" ","price":4.06},{"type":"A","date":"2018-04-26T07:10:21.000Z","volume":4000,"label":" ","price":4.06},{"type":"A","date":"2018-04-26T07:11:00.000Z","volume":4000,"label":" ","price":4.06},{"type":"A","date":"2018-04-26T07:11:06.000Z","volume":1000,"label":" ","price":4.06},{"type":"A","date":"2018-04-26T07:11:15.000Z","volume":1000,"label":" ","price":4.06},{"type":"A","date":"2018-04-26T07:12:31.000Z","volume":1000,"label":" ","price":4.06},{"type":"B","date":"2018-04-26T07:13:21.000Z","volume":1000,"label":" ","price":4.05},{"type":"A","date":"2018-04-26T07:13:25.000Z","volume":1000,"label":" ","price":4.06},{"type":"A","date":"2018-04-26T07:13:56.000Z","volume":1000,"label":" ","price":4.06},{"type":"A","date":"2018-04-26T07:14:33.000Z","volume":6000,"label":" ","price":4.06},{"type":"A","date":"2018-04-26T07:15:19.000Z","volume":1000,"label":" ","price":4.06},{"type":"A","date":"2018-04-26T07:15:21.000Z","volume":1000,"label":" ","price":4.06},{"type":"A","date":"2018-04-26T07:15:26.000Z","volume":2000,"label":" ","price":4.06},{"type":"A","date":"2018-04-26T07:15:32.000Z","volume":50000,"label":" ","price":4.06},{"type":"A","date":"2018-04-26T07:15:36.000Z","volume":1000,"label":" ","price":4.06},{"type":"A","date":"2018-04-26T07:15:43.000Z","volume":40000,"label":" ","price":4.06},{"type":"A","date":"2018-04-26T07:15:56.000Z","volume":30000,"label":" ","price":4.06},{"type":"A","date":"2018-04-26T07:16:02.000Z","volume":20000,"label":" ","price":4.06},{"type":"A","date":"2018-04-26T07:16:20.000Z","volume":32000,"label":" ","price":4.06},{"type":"A","date":"2018-04-26T07:16:46.000Z","volume":1000,"label":" ","price":4.06},{"type":"A","date":"2018-04-26T07:16:47.000Z","volume":30000,"label":" ","price":4.06},{"type":"A","date":"2018-04-26T07:17:18.000Z","volume":3000,"label":" ","price":4.06},{"type":"A","date":"2018-04-26T07:17:46.000Z","volume":1000,"label":" ","price":4.06},{"type":"A","date":"2018-04-26T07:18:02.000Z","volume":30000,"label":" ","price":4.06},{"type":"A","date":"2018-04-26T07:18:11.000Z","volume":1000,"label":" ","price":4.06},{"type":"A","date":"2018-04-26T07:18:34.000Z","volume":6000,"label":" ","price":4.06},{"type":"A","date":"2018-04-26T07:18:34.000Z","volume":5000,"label":" ","price":4.06},{"type":"B","date":"2018-04-26T07:19:32.000Z","volume":1000,"label":" ","price":4.05},{"type":"A","date":"2018-04-26T07:19:36.000Z","volume":1000,"label":" ","price":4.06},{"type":"A","date":"2018-04-26T07:19:56.000Z","volume":1000,"label":" ","price":4.06},{"type":"A","date":"2018-04-26T07:19:57.000Z","volume":5000,"label":" ","price":4.06},{"type":"A","date":"2018-04-26T07:20:00.000Z","volume":24000,"label":" ","price":4.08},{"type":"A","date":"2018-04-26T07:20:03.000Z","volume":157000,"label":" ","price":4.09},{"type":"A","date":"2018-04-26T07:20:14.000Z","volume":3000,"label":" ","price":4.1},{"type":"A","date":"2018-04-26T07:20:26.000Z","volume":3000,"label":" ","price":4.09},{"type":"A","date":"2018-04-26T07:20:26.000Z","volume":1000,"label":" ","price":4.1},{"type":"A","date":"2018-04-26T07:20:37.000Z","volume":33000,"label":" ","price":4.1},{"type":"A","date":"2018-04-26T07:20:52.000Z","volume":4000,"label":"Y","price":4.11},{"type":"A","date":"2018-04-26T07:20:52.000Z","volume":15000,"label":" ","price":4.11},{"type":"A","date":"2018-04-26T07:21:52.000Z","volume":7000,"label":" ","price":4.12},{"type":"A","date":"2018-04-26T07:21:52.000Z","volume":10000,"label":" ","price":4.12},{"type":"A","date":"2018-04-26T07:21:52.000Z","volume":1000,"label":" ","price":4.12},{"type":"A","date":"2018-04-26T07:21:57.000Z","volume":1000,"label":" ","price":4.12},{"type":"A","date":"2018-04-26T07:22:31.000Z","volume":4000,"label":" ","price":4.12},{"type":"A","date":"2018-04-26T07:23:32.000Z","volume":1000,"label":" ","price":4.13},{"type":"A","date":"2018-04-26T07:24:03.000Z","volume":1000,"label":" ","price":4.13},{"type":"U","date":"2018-04-26T07:24:56.000Z","volume":10000,"label":" ","price":4.12},{"type":"A","date":"2018-04-26T07:24:57.000Z","volume":2000,"label":" ","price":4.12},{"type":"A","date":"2018-04-26T07:25:02.000Z","volume":18000,"label":"Y","price":4.12},{"type":"A","date":"2018-04-26T07:25:02.000Z","volume":1000,"label":" ","price":4.13},{"type":"A","date":"2018-04-26T07:25:08.000Z","volume":44000,"label":" ","price":4.13},{"type":"A","date":"2018-04-26T07:25:22.000Z","volume":20000,"label":" ","price":4.14},{"type":"A","date":"2018-04-26T07:25:23.000Z","volume":2000,"label":" ","price":4.14},{"type":"A","date":"2018-04-26T07:25:41.000Z","volume":1000,"label":" ","price":4.15},{"type":"A","date":"2018-04-26T07:26:02.000Z","volume":1000,"label":" ","price":4.15},{"type":"A","date":"2018-04-26T07:26:12.000Z","volume":10000,"label":" ","price":4.14},{"type":"A","date":"2018-04-26T07:26:13.000Z","volume":1000,"label":" ","price":4.14},{"type":"A","date":"2018-04-26T07:26:25.000Z","volume":9000,"label":" ","price":4.14},{"type":"B","date":"2018-04-26T07:26:34.000Z","volume":10000,"label":" ","price":4.14},{"type":"B","date":"2018-04-26T07:26:43.000Z","volume":2000,"label":" ","price":4.14},{"type":"B","date":"2018-04-26T07:27:48.000Z","volume":4000,"label":" ","price":4.14},{"type":"A","date":"2018-04-26T07:27:49.000Z","volume":1000,"label":"Y","price":4.15},{"type":"A","date":"2018-04-26T07:27:49.000Z","volume":179000,"label":" ","price":4.15},{"type":"A","date":"2018-04-26T07:28:44.000Z","volume":1000,"label":" ","price":4.16},{"type":"A","date":"2018-04-26T07:28:46.000Z","volume":6000,"label":" ","price":4.16},{"type":"A","date":"2018-04-26T07:28:54.000Z","volume":14000,"label":" ","price":4.17},{"type":"A","date":"2018-04-26T07:29:00.000Z","volume":4000,"label":" ","price":4.18},{"type":"B","date":"2018-04-26T07:29:13.000Z","volume":2000,"label":" ","price":4.16},{"type":"A","date":"2018-04-26T07:30:11.000Z","volume":13000,"label":" ","price":4.17},{"type":"A","date":"2018-04-26T07:30:11.000Z","volume":7000,"label":" ","price":4.17},{"type":"B","date":"2018-04-26T07:30:50.000Z","volume":14000,"label":" ","price":4.16},{"type":"A","date":"2018-04-26T07:31:44.000Z","volume":36000,"label":" ","price":4.17},{"type":"B","date":"2018-04-26T07:31:44.000Z","volume":1000,"label":" ","price":4.17},{"type":"A","date":"2018-04-26T07:31:47.000Z","volume":49000,"label":" ","price":4.18},{"type":"B","date":"2018-04-26T07:31:47.000Z","volume":1000,"label":" ","price":4.16},{"type":"B","date":"2018-04-26T07:32:06.000Z","volume":2000,"label":" ","price":4.17},{"type":"B","date":"2018-04-26T07:32:37.000Z","volume":2000,"label":" ","price":4.17},{"type":"A","date":"2018-04-26T07:33:14.000Z","volume":1000,"label":" ","price":4.19},{"type":"B","date":"2018-04-26T07:33:36.000Z","volume":1000,"label":" ","price":4.17},{"type":"B","date":"2018-04-26T07:33:55.000Z","volume":1000,"label":" ","price":4.17},{"type":"A","date":"2018-04-26T07:34:54.000Z","volume":1000,"label":" ","price":4.18},{"type":"B","date":"2018-04-26T07:35:29.000Z","volume":1000,"label":" ","price":4.17},{"type":"A","date":"2018-04-26T07:35:41.000Z","volume":1000,"label":" ","price":4.18},{"type":"A","date":"2018-04-26T07:35:52.000Z","volume":49000,"label":" ","price":4.18},{"type":"A","date":"2018-04-26T07:35:52.000Z","volume":1000,"label":" ","price":4.18},{"type":"B","date":"2018-04-26T07:35:52.000Z","volume":1000,"label":" ","price":4.17},{"type":"A","date":"2018-04-26T07:35:56.000Z","volume":1000,"label":" ","price":4.18},{"type":"U","date":"2018-04-26T07:35:59.000Z","volume":1000,"label":" ","price":4.18},{"type":"A","date":"2018-04-26T07:36:02.000Z","volume":29000,"label":"Y","price":4.19},{"type":"A","date":"2018-04-26T07:36:02.000Z","volume":12000,"label":" ","price":4.19},{"type":"B","date":"2018-04-26T07:36:02.000Z","volume":1000,"label":" ","price":4.19},{"type":"A","date":"2018-04-26T07:36:09.000Z","volume":40000,"label":" ","price":4.2},{"type":"A","date":"2018-04-26T07:36:15.000Z","volume":5000,"label":" ","price":4.2},{"type":"A","date":"2018-04-26T07:36:15.000Z","volume":5000,"label":"Y","price":4.2},{"type":"A","date":"2018-04-26T07:36:16.000Z","volume":1000,"label":"Y","price":4.21},{"type":"A","date":"2018-04-26T07:36:18.000Z","volume":3000,"label":" ","price":4.21},{"type":"A","date":"2018-04-26T07:36:28.000Z","volume":1000,"label":" ","price":4.22},{"type":"B","date":"2018-04-26T07:36:30.000Z","volume":1000,"label":" ","price":4.2},{"type":"B","date":"2018-04-26T07:36:30.000Z","volume":2000,"label":" ","price":4.2},{"type":"B","date":"2018-04-26T07:36:30.000Z","volume":1000,"label":" ","price":4.2},{"type":"A","date":"2018-04-26T07:36:35.000Z","volume":2000,"label":" ","price":4.21},{"type":"A","date":"2018-04-26T07:37:30.000Z","volume":1000,"label":" ","price":4.22},{"type":"A","date":"2018-04-26T07:37:45.000Z","volume":1000,"label":" ","price":4.22},{"type":"B","date":"2018-04-26T07:37:45.000Z","volume":2000,"label":" ","price":4.21},{"type":"B","date":"2018-04-26T07:37:45.000Z","volume":3000,"label":" ","price":4.21},{"type":"B","date":"2018-04-26T07:37:45.000Z","volume":4000,"label":" ","price":4.21},{"type":"B","date":"2018-04-26T07:37:45.000Z","volume":4000,"label":" ","price":4.21},{"type":"B","date":"2018-04-26T07:37:45.000Z","volume":2000,"label":" ","price":4.21},{"type":"U","date":"2018-04-26T07:37:49.000Z","volume":1000,"label":"X","price":4.215},{"type":"A","date":"2018-04-26T07:38:18.000Z","volume":1000,"label":" ","price":4.22},{"type":"B","date":"2018-04-26T07:39:00.000Z","volume":25000,"label":"Y","price":4.21},{"type":"B","date":"2018-04-26T07:39:00.000Z","volume":14000,"label":" ","price":4.21},{"type":"B","date":"2018-04-26T07:39:00.000Z","volume":27000,"label":" ","price":4.21},{"type":"B","date":"2018-04-26T07:39:00.000Z","volume":2000,"label":" ","price":4.2},{"type":"B","date":"2018-04-26T07:39:21.000Z","volume":1000,"label":" ","price":4.2},{"type":"A","date":"2018-04-26T07:39:34.000Z","volume":3000,"label":" ","price":4.21},{"type":"A","date":"2018-04-26T07:39:34.000Z","volume":47000,"label":" ","price":4.22},{"type":"B","date":"2018-04-26T07:40:14.000Z","volume":5000,"label":" ","price":4.2},{"type":"B","date":"2018-04-26T07:40:32.000Z","volume":2000,"label":" ","price":4.2},{"type":"B","date":"2018-04-26T07:41:25.000Z","volume":2000,"label":" ","price":4.2},{"type":"B","date":"2018-04-26T07:42:38.000Z","volume":25000,"label":" ","price":4.2},{"type":"B","date":"2018-04-26T07:43:45.000Z","volume":5000,"label":" ","price":4.19},{"type":"B","date":"2018-04-26T07:43:51.000Z","volume":1000,"label":" ","price":4.19},{"type":"B","date":"2018-04-26T07:44:32.000Z","volume":10000,"label":" ","price":4.19},{"type":"B","date":"2018-04-26T07:44:52.000Z","volume":2000,"label":" ","price":4.19},{"type":"B","date":"2018-04-26T07:45:44.000Z","volume":17000,"label":" ","price":4.19},{"type":"B","date":"2018-04-26T07:45:51.000Z","volume":2000,"label":" ","price":4.19},{"type":"A","date":"2018-04-26T07:46:54.000Z","volume":51000,"label":" ","price":4.2},{"type":"A","date":"2018-04-26T07:47:00.000Z","volume":19000,"label":" ","price":4.2},{"type":"B","date":"2018-04-26T07:47:00.000Z","volume":1000,"label":" ","price":4.2},{"type":"B","date":"2018-04-26T07:47:03.000Z","volume":1000,"label":" ","price":4.2},{"type":"B","date":"2018-04-26T07:47:03.000Z","volume":1000,"label":" ","price":4.2},{"type":"B","date":"2018-04-26T07:48:49.000Z","volume":8000,"label":" ","price":4.2},{"type":"A","date":"2018-04-26T07:49:34.000Z","volume":1000,"label":" ","price":4.21},{"type":"B","date":"2018-04-26T07:49:41.000Z","volume":61000,"label":" ","price":4.2},{"type":"B","date":"2018-04-26T07:49:41.000Z","volume":4000,"label":"Y","price":4.2},{"type":"B","date":"2018-04-26T07:49:41.000Z","volume":5000,"label":" ","price":4.2},{"type":"A","date":"2018-04-26T07:49:41.000Z","volume":1000,"label":" ","price":4.2},{"type":"B","date":"2018-04-26T07:49:41.000Z","volume":1000,"label":" ","price":4.19},{"type":"B","date":"2018-04-26T07:49:55.000Z","volume":4000,"label":" ","price":4.19},{"type":"U","date":"2018-04-26T07:50:05.000Z","volume":130,"label":"D","price":4.15},{"type":"B","date":"2018-04-26T07:50:47.000Z","volume":1000,"label":" ","price":4.19},{"type":"A","date":"2018-04-26T07:50:51.000Z","volume":56000,"label":" ","price":4.2},{"type":"A","date":"2018-04-26T07:50:51.000Z","volume":4000,"label":" ","price":4.2},{"type":"B","date":"2018-04-26T07:51:07.000Z","volume":12000,"label":" ","price":4.2},{"type":"B","date":"2018-04-26T07:51:19.000Z","volume":20000,"label":" ","price":4.19},{"type":"B","date":"2018-04-26T07:51:48.000Z","volume":19000,"label":" ","price":4.19},{"type":"A","date":"2018-04-26T07:52:16.000Z","volume":16000,"label":" ","price":4.19},{"type":"B","date":"2018-04-26T07:52:16.000Z","volume":3000,"label":" ","price":4.19},{"type":"B","date":"2018-04-26T07:52:18.000Z","volume":11000,"label":" ","price":4.19},{"type":"A","date":"2018-04-26T07:52:24.000Z","volume":20000,"label":" ","price":4.19},{"type":"B","date":"2018-04-26T07:52:40.000Z","volume":1000,"label":" ","price":4.18},{"type":"A","date":"2018-04-26T07:53:04.000Z","volume":2000,"label":" ","price":4.19},{"type":"A","date":"2018-04-26T07:53:25.000Z","volume":24000,"label":" ","price":4.19},{"type":"A","date":"2018-04-26T07:53:25.000Z","volume":76000,"label":" ","price":4.2},{"type":"A","date":"2018-04-26T07:53:30.000Z","volume":5000,"label":" ","price":4.2},{"type":"A","date":"2018-04-26T07:53:38.000Z","volume":40000,"label":" ","price":4.2},{"type":"B","date":"2018-04-26T07:54:18.000Z","volume":3000,"label":" ","price":4.2},{"type":"A","date":"2018-04-26T07:55:18.000Z","volume":1000,"label":" ","price":4.21},{"type":"A","date":"2018-04-26T07:56:14.000Z","volume":1000,"label":" ","price":4.21},{"type":"B","date":"2018-04-26T07:56:25.000Z","volume":1000,"label":" ","price":4.2},{"type":"A","date":"2018-04-26T07:56:54.000Z","volume":1000,"label":" ","price":4.21},{"type":"A","date":"2018-04-26T07:56:57.000Z","volume":1000,"label":" ","price":4.21},{"type":"A","date":"2018-04-26T07:57:23.000Z","volume":1000,"label":" ","price":4.21},{"type":"A","date":"2018-04-26T07:57:30.000Z","volume":1000,"label":" ","price":4.21},{"type":"A","date":"2018-04-26T07:57:34.000Z","volume":1000,"label":" ","price":4.21},{"type":"B","date":"2018-04-26T07:57:42.000Z","volume":10000,"label":" ","price":4.2},{"type":"A","date":"2018-04-26T07:58:06.000Z","volume":1000,"label":" ","price":4.21},{"type":"A","date":"2018-04-26T07:58:26.000Z","volume":3000,"label":" ","price":4.21},{"type":"A","date":"2018-04-26T07:58:33.000Z","volume":1000,"label":" ","price":4.21},{"type":"B","date":"2018-04-26T07:58:38.000Z","volume":1000,"label":" ","price":4.2},{"type":"A","date":"2018-04-26T07:58:42.000Z","volume":1000,"label":" ","price":4.21},{"type":"B","date":"2018-04-26T07:59:02.000Z","volume":1000,"label":" ","price":4.2},{"type":"B","date":"2018-04-26T07:59:02.000Z","volume":1000,"label":" ","price":4.2},{"type":"A","date":"2018-04-26T07:59:02.000Z","volume":2000,"label":" ","price":4.21},{"type":"A","date":"2018-04-26T07:59:02.000Z","volume":2000,"label":" ","price":4.21},{"type":"A","date":"2018-04-26T07:59:16.000Z","volume":1000,"label":" ","price":4.21},{"type":"B","date":"2018-04-26T07:59:27.000Z","volume":2000,"label":" ","price":4.2},{"type":"A","date":"2018-04-26T07:59:30.000Z","volume":1000,"label":" ","price":4.21},{"type":"A","date":"2018-04-26T07:59:30.000Z","volume":1000,"label":" ","price":4.21},{"type":"A","date":"2018-04-26T07:59:30.000Z","volume":4000,"label":" ","price":4.21},{"type":"B","date":"2018-04-26T07:59:37.000Z","volume":1000,"label":" ","price":4.2},{"type":"A","date":"2018-04-26T07:59:55.000Z","volume":2000,"label":" ","price":4.21},{"type":"B","date":"2018-04-26T07:59:55.000Z","volume":1000,"label":" ","price":4.2},{"type":"A","date":"2018-04-26T07:59:55.000Z","volume":3000,"label":" ","price":4.21},{"type":"A","date":"2018-04-26T07:59:55.000Z","volume":1000,"label":" ","price":4.21},{"type":"U","date":"2018-04-26T08:08:16.000Z","volume":39000,"label":"U","price":4.2}]