[{"type":"B","date":"2018-03-20T01:30:00.000Z","volume":5000,"label":" ","price":6.97},{"type":"B","date":"2018-03-20T01:30:01.000Z","volume":3000,"label":" ","price":6.97},{"type":"B","date":"2018-03-20T01:30:04.000Z","volume":2000,"label":" ","price":6.83},{"type":"B","date":"2018-03-20T01:30:04.000Z","volume":2000,"label":" ","price":6.82},{"type":"B","date":"2018-03-20T01:30:06.000Z","volume":2000,"label":" ","price":6.83},{"type":"B","date":"2018-03-20T01:30:06.000Z","volume":2000,"label":" ","price":6.83},{"type":"B","date":"2018-03-20T01:30:07.000Z","volume":2000,"label":" ","price":6.82},{"type":"A","date":"2018-03-20T01:30:44.000Z","volume":4000,"label":" ","price":6.83},{"type":"A","date":"2018-03-20T01:30:44.000Z","volume":2000,"label":" ","price":6.83},{"type":"B","date":"2018-03-20T01:30:45.000Z","volume":3000,"label":" ","price":6.82},{"type":"A","date":"2018-03-20T01:30:45.000Z","volume":5000,"label":" ","price":6.83},{"type":"B","date":"2018-03-20T01:30:45.000Z","volume":2000,"label":" ","price":6.82},{"type":"B","date":"2018-03-20T01:30:45.000Z","volume":2000,"label":" ","price":6.82},{"type":"B","date":"2018-03-20T01:30:45.000Z","volume":3000,"label":" ","price":6.82},{"type":"B","date":"2018-03-20T01:30:46.000Z","volume":1000,"label":" ","price":6.82},{"type":"B","date":"2018-03-20T01:31:15.000Z","volume":3000,"label":" ","price":6.82},{"type":"B","date":"2018-03-20T01:31:17.000Z","volume":1000,"label":" ","price":6.82},{"type":"B","date":"2018-03-20T01:31:17.000Z","volume":1000,"label":" ","price":6.82},{"type":"B","date":"2018-03-20T01:31:17.000Z","volume":2000,"label":" ","price":6.82},{"type":"B","date":"2018-03-20T01:33:52.000Z","volume":5000,"label":" ","price":6.83},{"type":"B","date":"2018-03-20T01:34:06.000Z","volume":5000,"label":" ","price":6.83},{"type":"B","date":"2018-03-20T01:34:06.000Z","volume":3000,"label":" ","price":6.82},{"type":"B","date":"2018-03-20T01:34:08.000Z","volume":1000,"label":" ","price":6.8},{"type":"B","date":"2018-03-20T01:34:08.000Z","volume":1000,"label":" ","price":6.8},{"type":"B","date":"2018-03-20T01:34:09.000Z","volume":1000,"label":" ","price":6.78},{"type":"B","date":"2018-03-20T01:34:15.000Z","volume":2000,"label":" ","price":6.77},{"type":"A","date":"2018-03-20T01:34:32.000Z","volume":3000,"label":" ","price":6.83},{"type":"A","date":"2018-03-20T01:34:32.000Z","volume":2000,"label":" ","price":6.83},{"type":"A","date":"2018-03-20T01:34:32.000Z","volume":9000,"label":" ","price":6.83},{"type":"B","date":"2018-03-20T01:34:32.000Z","volume":1000,"label":" ","price":6.8},{"type":"B","date":"2018-03-20T01:34:33.000Z","volume":1000,"label":" ","price":6.8},{"type":"B","date":"2018-03-20T01:34:33.000Z","volume":3000,"label":" ","price":6.8},{"type":"A","date":"2018-03-20T01:34:48.000Z","volume":7000,"label":" ","price":6.8},{"type":"B","date":"2018-03-20T01:34:48.000Z","volume":1000,"label":" ","price":6.79},{"type":"A","date":"2018-03-20T01:35:12.000Z","volume":1000,"label":" ","price":6.79},{"type":"B","date":"2018-03-20T01:36:32.000Z","volume":2000,"label":" ","price":6.79},{"type":"A","date":"2018-03-20T01:37:17.000Z","volume":4000,"label":" ","price":6.82},{"type":"A","date":"2018-03-20T01:37:17.000Z","volume":105000,"label":" ","price":6.83},{"type":"A","date":"2018-03-20T01:37:17.000Z","volume":37000,"label":" ","price":6.83},{"type":"A","date":"2018-03-20T01:37:17.000Z","volume":142000,"label":" ","price":6.83},{"type":"A","date":"2018-03-20T01:37:17.000Z","volume":9000,"label":" ","price":6.83},{"type":"B","date":"2018-03-20T01:37:17.000Z","volume":7000,"label":" ","price":6.83},{"type":"B","date":"2018-03-20T01:37:17.000Z","volume":1000,"label":" ","price":6.83},{"type":"B","date":"2018-03-20T01:37:17.000Z","volume":9000,"label":" ","price":6.82},{"type":"B","date":"2018-03-20T01:37:17.000Z","volume":2000,"label":" ","price":6.83},{"type":"A","date":"2018-03-20T01:37:17.000Z","volume":3000,"label":" ","price":6.86},{"type":"B","date":"2018-03-20T01:37:18.000Z","volume":12000,"label":" ","price":6.83},{"type":"U","date":"2018-03-20T01:37:18.000Z","volume":7000,"label":" ","price":6.88},{"type":"A","date":"2018-03-20T01:37:19.000Z","volume":2000,"label":" ","price":6.87},{"type":"B","date":"2018-03-20T01:37:20.000Z","volume":32000,"label":" ","price":6.82},{"type":"B","date":"2018-03-20T01:37:23.000Z","volume":6000,"label":" ","price":6.79},{"type":"B","date":"2018-03-20T01:37:25.000Z","volume":28000,"label":" ","price":6.78},{"type":"B","date":"2018-03-20T01:37:25.000Z","volume":1000,"label":" ","price":6.78},{"type":"B","date":"2018-03-20T01:37:27.000Z","volume":1000,"label":" ","price":6.77},{"type":"B","date":"2018-03-20T01:38:37.000Z","volume":4000,"label":" ","price":6.79},{"type":"B","date":"2018-03-20T01:38:37.000Z","volume":3000,"label":" ","price":6.79},{"type":"A","date":"2018-03-20T01:38:39.000Z","volume":3000,"label":" ","price":6.79},{"type":"U","date":"2018-03-20T01:38:45.000Z","volume":7000,"label":"X","price":6.795},{"type":"A","date":"2018-03-20T01:38:52.000Z","volume":4000,"label":" ","price":6.8},{"type":"A","date":"2018-03-20T01:38:52.000Z","volume":5000,"label":" ","price":6.8},{"type":"A","date":"2018-03-20T01:38:52.000Z","volume":1000,"label":" ","price":6.82},{"type":"A","date":"2018-03-20T01:38:52.000Z","volume":3000,"label":" ","price":6.83},{"type":"A","date":"2018-03-20T01:38:52.000Z","volume":3000,"label":" ","price":6.84},{"type":"A","date":"2018-03-20T01:38:52.000Z","volume":3000,"label":" ","price":6.84},{"type":"B","date":"2018-03-20T01:39:07.000Z","volume":1000,"label":" ","price":6.84},{"type":"A","date":"2018-03-20T01:39:27.000Z","volume":2000,"label":" ","price":6.85},{"type":"A","date":"2018-03-20T01:39:33.000Z","volume":3000,"label":" ","price":6.84},{"type":"B","date":"2018-03-20T01:39:37.000Z","volume":3000,"label":" ","price":6.84},{"type":"A","date":"2018-03-20T01:41:14.000Z","volume":7000,"label":" ","price":6.86},{"type":"B","date":"2018-03-20T01:41:41.000Z","volume":3000,"label":" ","price":6.83},{"type":"A","date":"2018-03-20T01:41:55.000Z","volume":2000,"label":" ","price":6.86},{"type":"A","date":"2018-03-20T01:42:07.000Z","volume":5000,"label":" ","price":6.86},{"type":"A","date":"2018-03-20T01:42:08.000Z","volume":3000,"label":" ","price":6.86},{"type":"A","date":"2018-03-20T01:42:08.000Z","volume":1000,"label":" ","price":6.86},{"type":"A","date":"2018-03-20T01:42:08.000Z","volume":1000,"label":" ","price":6.87},{"type":"A","date":"2018-03-20T01:42:08.000Z","volume":2000,"label":" ","price":6.87},{"type":"B","date":"2018-03-20T01:42:10.000Z","volume":5000,"label":" ","price":6.88},{"type":"B","date":"2018-03-20T01:42:10.000Z","volume":3000,"label":" ","price":6.88},{"type":"B","date":"2018-03-20T01:42:11.000Z","volume":1000,"label":" ","price":6.85},{"type":"B","date":"2018-03-20T01:42:11.000Z","volume":2000,"label":" ","price":6.85},{"type":"A","date":"2018-03-20T01:44:45.000Z","volume":2000,"label":" ","price":6.88},{"type":"B","date":"2018-03-20T01:44:45.000Z","volume":1000,"label":" ","price":6.85},{"type":"A","date":"2018-03-20T01:44:45.000Z","volume":1000,"label":" ","price":6.88},{"type":"A","date":"2018-03-20T01:44:47.000Z","volume":1000,"label":" ","price":6.9},{"type":"U","date":"2018-03-20T01:45:03.000Z","volume":6000,"label":"X","price":6.89},{"type":"A","date":"2018-03-20T01:46:13.000Z","volume":1000,"label":" ","price":6.9},{"type":"U","date":"2018-03-20T01:47:25.000Z","volume":16000,"label":" ","price":6.91},{"type":"U","date":"2018-03-20T01:48:00.000Z","volume":12000,"label":" ","price":6.92},{"type":"A","date":"2018-03-20T01:48:18.000Z","volume":1000,"label":" ","price":6.95},{"type":"B","date":"2018-03-20T01:50:48.000Z","volume":1000,"label":" ","price":6.91},{"type":"B","date":"2018-03-20T01:50:48.000Z","volume":4000,"label":" ","price":6.91},{"type":"B","date":"2018-03-20T01:51:53.000Z","volume":9000,"label":" ","price":6.9},{"type":"B","date":"2018-03-20T01:52:22.000Z","volume":3000,"label":" ","price":6.89},{"type":"B","date":"2018-03-20T01:52:22.000Z","volume":10000,"label":" ","price":6.89},{"type":"B","date":"2018-03-20T01:52:36.000Z","volume":3000,"label":" ","price":6.87},{"type":"B","date":"2018-03-20T01:52:36.000Z","volume":3000,"label":" ","price":6.87},{"type":"B","date":"2018-03-20T01:52:37.000Z","volume":1000,"label":"Y","price":6.85},{"type":"A","date":"2018-03-20T01:53:26.000Z","volume":5000,"label":" ","price":6.87},{"type":"U","date":"2018-03-20T01:53:26.000Z","volume":1000,"label":"X","price":6.87},{"type":"A","date":"2018-03-20T01:53:26.000Z","volume":2000,"label":" ","price":6.87},{"type":"A","date":"2018-03-20T01:53:26.000Z","volume":4000,"label":" ","price":6.87},{"type":"U","date":"2018-03-20T01:53:26.000Z","volume":6000,"label":"X","price":6.86},{"type":"A","date":"2018-03-20T01:53:26.000Z","volume":2000,"label":" ","price":6.87},{"type":"A","date":"2018-03-20T01:53:26.000Z","volume":3000,"label":" ","price":6.87},{"type":"A","date":"2018-03-20T01:53:26.000Z","volume":1000,"label":" ","price":6.88},{"type":"A","date":"2018-03-20T01:53:26.000Z","volume":4000,"label":" ","price":6.88},{"type":"A","date":"2018-03-20T01:53:26.000Z","volume":2000,"label":" ","price":6.88},{"type":"A","date":"2018-03-20T01:53:27.000Z","volume":3000,"label":" ","price":6.89},{"type":"U","date":"2018-03-20T01:53:58.000Z","volume":1000,"label":"X","price":6.89},{"type":"A","date":"2018-03-20T01:53:58.000Z","volume":1000,"label":" ","price":6.89},{"type":"A","date":"2018-03-20T01:53:58.000Z","volume":2000,"label":" ","price":6.89},{"type":"A","date":"2018-03-20T01:53:58.000Z","volume":4000,"label":" ","price":6.89},{"type":"A","date":"2018-03-20T01:53:58.000Z","volume":1000,"label":" ","price":6.9},{"type":"A","date":"2018-03-20T01:53:58.000Z","volume":2000,"label":" ","price":6.9},{"type":"A","date":"2018-03-20T01:54:00.000Z","volume":3000,"label":" ","price":6.9},{"type":"A","date":"2018-03-20T01:54:00.000Z","volume":3000,"label":" ","price":6.9},{"type":"A","date":"2018-03-20T01:54:23.000Z","volume":2000,"label":" ","price":6.91},{"type":"A","date":"2018-03-20T01:54:56.000Z","volume":9000,"label":" ","price":6.91},{"type":"A","date":"2018-03-20T01:54:56.000Z","volume":1000,"label":" ","price":6.91},{"type":"A","date":"2018-03-20T01:54:58.000Z","volume":59000,"label":" ","price":6.91},{"type":"A","date":"2018-03-20T01:55:00.000Z","volume":4000,"label":" ","price":6.91},{"type":"U","date":"2018-03-20T01:55:00.000Z","volume":1000,"label":" ","price":6.89},{"type":"A","date":"2018-03-20T01:55:08.000Z","volume":13000,"label":" ","price":6.91},{"type":"U","date":"2018-03-20T01:55:08.000Z","volume":6000,"label":"X","price":6.885},{"type":"B","date":"2018-03-20T01:55:08.000Z","volume":12000,"label":"Y","price":6.86},{"type":"B","date":"2018-03-20T01:55:08.000Z","volume":4000,"label":" ","price":6.86},{"type":"B","date":"2018-03-20T01:55:08.000Z","volume":3000,"label":" ","price":6.86},{"type":"U","date":"2018-03-20T01:55:09.000Z","volume":4000,"label":" ","price":6.88},{"type":"A","date":"2018-03-20T01:55:10.000Z","volume":2000,"label":" ","price":6.88},{"type":"B","date":"2018-03-20T01:55:11.000Z","volume":3000,"label":" ","price":6.86},{"type":"B","date":"2018-03-20T01:55:11.000Z","volume":1000,"label":" ","price":6.86},{"type":"B","date":"2018-03-20T01:55:18.000Z","volume":1000,"label":" ","price":6.86},{"type":"B","date":"2018-03-20T01:55:18.000Z","volume":1000,"label":" ","price":6.86},{"type":"B","date":"2018-03-20T01:55:18.000Z","volume":3000,"label":" ","price":6.86},{"type":"B","date":"2018-03-20T01:55:21.000Z","volume":1000,"label":" ","price":6.87},{"type":"B","date":"2018-03-20T01:55:21.000Z","volume":4000,"label":" ","price":6.87},{"type":"B","date":"2018-03-20T01:55:21.000Z","volume":3000,"label":" ","price":6.87},{"type":"B","date":"2018-03-20T01:55:21.000Z","volume":1000,"label":"Y","price":6.87},{"type":"A","date":"2018-03-20T01:55:21.000Z","volume":3000,"label":" ","price":6.88},{"type":"A","date":"2018-03-20T01:55:21.000Z","volume":2000,"label":" ","price":6.88},{"type":"A","date":"2018-03-20T01:55:21.000Z","volume":2000,"label":" ","price":6.88},{"type":"A","date":"2018-03-20T01:55:22.000Z","volume":2000,"label":" ","price":6.88},{"type":"A","date":"2018-03-20T01:55:22.000Z","volume":2000,"label":" ","price":6.88},{"type":"A","date":"2018-03-20T01:55:22.000Z","volume":4000,"label":" ","price":6.89},{"type":"A","date":"2018-03-20T01:55:22.000Z","volume":2000,"label":" ","price":6.9},{"type":"U","date":"2018-03-20T01:55:22.000Z","volume":6000,"label":"X","price":6.875},{"type":"B","date":"2018-03-20T01:55:22.000Z","volume":2000,"label":"Y","price":6.87},{"type":"A","date":"2018-03-20T01:55:22.000Z","volume":2000,"label":" ","price":6.88},{"type":"B","date":"2018-03-20T01:55:22.000Z","volume":1000,"label":"Y","price":6.87},{"type":"B","date":"2018-03-20T01:55:22.000Z","volume":1000,"label":" ","price":6.87},{"type":"A","date":"2018-03-20T01:55:22.000Z","volume":12000,"label":" ","price":6.91},{"type":"A","date":"2018-03-20T01:55:22.000Z","volume":2000,"label":" ","price":6.91},{"type":"A","date":"2018-03-20T01:55:22.000Z","volume":3000,"label":" ","price":6.89},{"type":"A","date":"2018-03-20T01:55:22.000Z","volume":6000,"label":" ","price":6.91},{"type":"A","date":"2018-03-20T01:55:26.000Z","volume":4000,"label":" ","price":6.89},{"type":"A","date":"2018-03-20T01:55:26.000Z","volume":14000,"label":" ","price":6.91},{"type":"A","date":"2018-03-20T01:55:26.000Z","volume":2000,"label":" ","price":6.91},{"type":"B","date":"2018-03-20T01:55:26.000Z","volume":4000,"label":" ","price":6.91},{"type":"A","date":"2018-03-20T01:55:28.000Z","volume":2000,"label":" ","price":6.89},{"type":"B","date":"2018-03-20T01:55:31.000Z","volume":3000,"label":" ","price":6.87},{"type":"A","date":"2018-03-20T01:56:19.000Z","volume":5000,"label":" ","price":6.89},{"type":"A","date":"2018-03-20T01:56:25.000Z","volume":1000,"label":" ","price":6.89},{"type":"A","date":"2018-03-20T01:56:32.000Z","volume":3000,"label":" ","price":6.91},{"type":"B","date":"2018-03-20T01:56:32.000Z","volume":3000,"label":" ","price":6.88},{"type":"U","date":"2018-03-20T01:56:32.000Z","volume":1000,"label":" ","price":6.9},{"type":"A","date":"2018-03-20T01:56:33.000Z","volume":1000,"label":" ","price":6.9},{"type":"A","date":"2018-03-20T02:01:22.000Z","volume":1000,"label":" ","price":6.93},{"type":"A","date":"2018-03-20T02:02:35.000Z","volume":2000,"label":" ","price":6.93},{"type":"A","date":"2018-03-20T02:02:44.000Z","volume":5000,"label":" ","price":6.93},{"type":"A","date":"2018-03-20T02:02:44.000Z","volume":1000,"label":" ","price":6.93},{"type":"B","date":"2018-03-20T02:06:58.000Z","volume":9000,"label":" ","price":6.9},{"type":"B","date":"2018-03-20T02:06:58.000Z","volume":8000,"label":" ","price":6.89},{"type":"B","date":"2018-03-20T02:07:00.000Z","volume":3000,"label":" ","price":6.88},{"type":"B","date":"2018-03-20T02:07:03.000Z","volume":1000,"label":" ","price":6.85},{"type":"B","date":"2018-03-20T02:07:04.000Z","volume":1000,"label":" ","price":6.85},{"type":"U","date":"2018-03-20T02:07:04.000Z","volume":4000,"label":" ","price":6.85},{"type":"B","date":"2018-03-20T02:07:04.000Z","volume":3000,"label":" ","price":6.84},{"type":"A","date":"2018-03-20T02:07:09.000Z","volume":2000,"label":" ","price":6.88},{"type":"A","date":"2018-03-20T02:07:09.000Z","volume":2000,"label":" ","price":6.88},{"type":"A","date":"2018-03-20T02:07:09.000Z","volume":2000,"label":" ","price":6.88},{"type":"A","date":"2018-03-20T02:07:09.000Z","volume":2000,"label":" ","price":6.88},{"type":"B","date":"2018-03-20T02:07:09.000Z","volume":3000,"label":" ","price":6.85},{"type":"B","date":"2018-03-20T02:07:09.000Z","volume":1000,"label":" ","price":6.85},{"type":"A","date":"2018-03-20T02:07:09.000Z","volume":1000,"label":" ","price":6.88},{"type":"A","date":"2018-03-20T02:07:37.000Z","volume":3000,"label":" ","price":6.87},{"type":"A","date":"2018-03-20T02:07:37.000Z","volume":3000,"label":" ","price":6.87},{"type":"A","date":"2018-03-20T02:07:37.000Z","volume":2000,"label":" ","price":6.88},{"type":"A","date":"2018-03-20T02:07:37.000Z","volume":2000,"label":" ","price":6.88},{"type":"A","date":"2018-03-20T02:07:37.000Z","volume":1000,"label":" ","price":6.9},{"type":"B","date":"2018-03-20T02:07:37.000Z","volume":1000,"label":" ","price":6.88},{"type":"A","date":"2018-03-20T02:07:38.000Z","volume":3000,"label":" ","price":6.91},{"type":"B","date":"2018-03-20T02:07:39.000Z","volume":1000,"label":" ","price":6.88},{"type":"B","date":"2018-03-20T02:07:39.000Z","volume":1000,"label":" ","price":6.88},{"type":"A","date":"2018-03-20T02:07:39.000Z","volume":2000,"label":" ","price":6.9},{"type":"A","date":"2018-03-20T02:07:39.000Z","volume":2000,"label":" ","price":6.9},{"type":"A","date":"2018-03-20T02:07:42.000Z","volume":2000,"label":" ","price":6.9},{"type":"A","date":"2018-03-20T02:07:45.000Z","volume":1000,"label":"Y","price":6.9},{"type":"A","date":"2018-03-20T02:07:45.000Z","volume":5000,"label":" ","price":6.9},{"type":"A","date":"2018-03-20T02:07:45.000Z","volume":6000,"label":" ","price":6.9},{"type":"A","date":"2018-03-20T02:07:47.000Z","volume":3000,"label":" ","price":6.88},{"type":"A","date":"2018-03-20T02:07:47.000Z","volume":1000,"label":" ","price":6.9},{"type":"A","date":"2018-03-20T02:07:47.000Z","volume":7000,"label":" ","price":6.91},{"type":"A","date":"2018-03-20T02:07:47.000Z","volume":1000,"label":" ","price":6.91},{"type":"U","date":"2018-03-20T02:07:48.000Z","volume":3000,"label":" ","price":6.87},{"type":"B","date":"2018-03-20T02:07:58.000Z","volume":1000,"label":"Y","price":6.85},{"type":"B","date":"2018-03-20T02:07:58.000Z","volume":2000,"label":"Y","price":6.85},{"type":"A","date":"2018-03-20T02:08:07.000Z","volume":2000,"label":" ","price":6.87},{"type":"A","date":"2018-03-20T02:08:07.000Z","volume":2000,"label":" ","price":6.87},{"type":"A","date":"2018-03-20T02:08:07.000Z","volume":1000,"label":" ","price":6.87},{"type":"A","date":"2018-03-20T02:08:07.000Z","volume":1000,"label":" ","price":6.89},{"type":"A","date":"2018-03-20T02:08:07.000Z","volume":2000,"label":" ","price":6.92},{"type":"B","date":"2018-03-20T02:08:07.000Z","volume":3000,"label":" ","price":6.85},{"type":"A","date":"2018-03-20T02:08:07.000Z","volume":1000,"label":" ","price":6.87},{"type":"A","date":"2018-03-20T02:08:09.000Z","volume":2000,"label":" ","price":6.92},{"type":"U","date":"2018-03-20T02:08:09.000Z","volume":12000,"label":" ","price":6.91},{"type":"B","date":"2018-03-20T02:08:13.000Z","volume":4000,"label":" ","price":6.88},{"type":"A","date":"2018-03-20T02:08:40.000Z","volume":2000,"label":" ","price":6.9},{"type":"A","date":"2018-03-20T02:08:40.000Z","volume":3000,"label":" ","price":6.9},{"type":"A","date":"2018-03-20T02:08:40.000Z","volume":1000,"label":" ","price":6.9},{"type":"A","date":"2018-03-20T02:08:40.000Z","volume":1000,"label":" ","price":6.91},{"type":"A","date":"2018-03-20T02:08:40.000Z","volume":2000,"label":" ","price":6.9},{"type":"A","date":"2018-03-20T02:08:40.000Z","volume":1000,"label":" ","price":6.9},{"type":"A","date":"2018-03-20T02:08:40.000Z","volume":2000,"label":" ","price":6.91},{"type":"A","date":"2018-03-20T02:08:40.000Z","volume":1000,"label":" ","price":6.9},{"type":"A","date":"2018-03-20T02:08:40.000Z","volume":1000,"label":" ","price":6.92},{"type":"A","date":"2018-03-20T02:08:40.000Z","volume":1000,"label":" ","price":6.9},{"type":"A","date":"2018-03-20T02:08:40.000Z","volume":2000,"label":" ","price":6.92},{"type":"B","date":"2018-03-20T02:08:41.000Z","volume":1000,"label":" ","price":6.87},{"type":"U","date":"2018-03-20T02:08:41.000Z","volume":1000,"label":" ","price":6.9},{"type":"U","date":"2018-03-20T02:08:52.000Z","volume":1000,"label":" ","price":6.88},{"type":"A","date":"2018-03-20T02:09:09.000Z","volume":2000,"label":" ","price":6.9},{"type":"A","date":"2018-03-20T02:09:09.000Z","volume":2000,"label":" ","price":6.9},{"type":"A","date":"2018-03-20T02:09:09.000Z","volume":3000,"label":" ","price":6.9},{"type":"A","date":"2018-03-20T02:09:09.000Z","volume":2000,"label":" ","price":6.9},{"type":"U","date":"2018-03-20T02:09:09.000Z","volume":1000,"label":"X","price":6.91},{"type":"A","date":"2018-03-20T02:09:09.000Z","volume":2000,"label":" ","price":6.91},{"type":"B","date":"2018-03-20T02:09:09.000Z","volume":2000,"label":" ","price":6.91},{"type":"U","date":"2018-03-20T02:09:09.000Z","volume":1000,"label":" ","price":6.91},{"type":"A","date":"2018-03-20T02:09:25.000Z","volume":10000,"label":" ","price":6.92},{"type":"B","date":"2018-03-20T02:09:25.000Z","volume":1000,"label":" ","price":6.92},{"type":"B","date":"2018-03-20T02:09:25.000Z","volume":2000,"label":" ","price":6.91},{"type":"B","date":"2018-03-20T02:09:25.000Z","volume":1000,"label":" ","price":6.91},{"type":"A","date":"2018-03-20T02:09:47.000Z","volume":2000,"label":" ","price":6.89},{"type":"A","date":"2018-03-20T02:09:47.000Z","volume":2000,"label":" ","price":6.89},{"type":"A","date":"2018-03-20T02:09:47.000Z","volume":2000,"label":" ","price":6.89},{"type":"B","date":"2018-03-20T02:09:47.000Z","volume":1000,"label":" ","price":6.91},{"type":"B","date":"2018-03-20T02:09:47.000Z","volume":1000,"label":" ","price":6.9},{"type":"B","date":"2018-03-20T02:09:47.000Z","volume":2000,"label":" ","price":6.9},{"type":"A","date":"2018-03-20T02:09:48.000Z","volume":4000,"label":" ","price":6.93},{"type":"U","date":"2018-03-20T02:10:14.000Z","volume":12000,"label":" ","price":6.91},{"type":"B","date":"2018-03-20T02:10:14.000Z","volume":2000,"label":" ","price":6.86},{"type":"B","date":"2018-03-20T02:12:46.000Z","volume":3000,"label":" ","price":6.9},{"type":"B","date":"2018-03-20T02:12:46.000Z","volume":3000,"label":" ","price":6.9},{"type":"B","date":"2018-03-20T02:12:51.000Z","volume":1000,"label":"Y","price":6.86},{"type":"A","date":"2018-03-20T02:12:58.000Z","volume":2000,"label":" ","price":6.88},{"type":"B","date":"2018-03-20T02:12:58.000Z","volume":3000,"label":" ","price":6.86},{"type":"A","date":"2018-03-20T02:13:14.000Z","volume":11000,"label":" ","price":6.88},{"type":"B","date":"2018-03-20T02:13:18.000Z","volume":1000,"label":"Y","price":6.86},{"type":"A","date":"2018-03-20T02:13:51.000Z","volume":2000,"label":" ","price":6.88},{"type":"A","date":"2018-03-20T02:13:51.000Z","volume":2000,"label":" ","price":6.88},{"type":"A","date":"2018-03-20T02:13:51.000Z","volume":2000,"label":" ","price":6.88},{"type":"A","date":"2018-03-20T02:13:51.000Z","volume":3000,"label":" ","price":6.88},{"type":"A","date":"2018-03-20T02:13:51.000Z","volume":1000,"label":" ","price":6.88},{"type":"A","date":"2018-03-20T02:13:51.000Z","volume":1000,"label":" ","price":6.9},{"type":"A","date":"2018-03-20T02:13:51.000Z","volume":2000,"label":" ","price":6.88},{"type":"B","date":"2018-03-20T02:13:51.000Z","volume":3000,"label":" ","price":6.86},{"type":"A","date":"2018-03-20T02:13:51.000Z","volume":1000,"label":" ","price":6.88},{"type":"A","date":"2018-03-20T02:13:52.000Z","volume":2000,"label":" ","price":6.88},{"type":"A","date":"2018-03-20T02:14:01.000Z","volume":2000,"label":" ","price":6.89},{"type":"A","date":"2018-03-20T02:14:01.000Z","volume":1000,"label":" ","price":6.9},{"type":"B","date":"2018-03-20T02:14:01.000Z","volume":1000,"label":" ","price":6.9},{"type":"B","date":"2018-03-20T02:14:03.000Z","volume":1000,"label":" ","price":6.9},{"type":"B","date":"2018-03-20T02:14:03.000Z","volume":1000,"label":" ","price":6.9},{"type":"A","date":"2018-03-20T02:17:17.000Z","volume":12000,"label":" ","price":6.91},{"type":"A","date":"2018-03-20T02:20:58.000Z","volume":1000,"label":" ","price":6.91},{"type":"A","date":"2018-03-20T02:22:07.000Z","volume":2000,"label":" ","price":6.91},{"type":"A","date":"2018-03-20T02:22:09.000Z","volume":12000,"label":" ","price":6.91},{"type":"B","date":"2018-03-20T02:22:25.000Z","volume":12000,"label":" ","price":6.9},{"type":"B","date":"2018-03-20T02:22:25.000Z","volume":1000,"label":" ","price":6.9},{"type":"B","date":"2018-03-20T02:22:25.000Z","volume":1000,"label":" ","price":6.9},{"type":"B","date":"2018-03-20T02:22:25.000Z","volume":1000,"label":" ","price":6.87},{"type":"A","date":"2018-03-20T02:22:26.000Z","volume":1000,"label":" ","price":6.9},{"type":"A","date":"2018-03-20T02:22:26.000Z","volume":10000,"label":" ","price":6.91},{"type":"B","date":"2018-03-20T02:22:26.000Z","volume":1000,"label":" ","price":6.91},{"type":"B","date":"2018-03-20T02:22:26.000Z","volume":2000,"label":" ","price":6.87},{"type":"A","date":"2018-03-20T02:23:02.000Z","volume":5000,"label":" ","price":6.9},{"type":"A","date":"2018-03-20T02:23:02.000Z","volume":3000,"label":" ","price":6.9},{"type":"A","date":"2018-03-20T02:23:02.000Z","volume":2000,"label":" ","price":6.91},{"type":"A","date":"2018-03-20T02:23:02.000Z","volume":1000,"label":" ","price":6.9},{"type":"A","date":"2018-03-20T02:23:02.000Z","volume":1000,"label":" ","price":6.91},{"type":"A","date":"2018-03-20T02:23:02.000Z","volume":1000,"label":" ","price":6.91},{"type":"A","date":"2018-03-20T02:23:02.000Z","volume":1000,"label":" ","price":6.91},{"type":"A","date":"2018-03-20T02:23:02.000Z","volume":1000,"label":" ","price":6.92},{"type":"B","date":"2018-03-20T02:23:02.000Z","volume":2000,"label":" ","price":6.9},{"type":"A","date":"2018-03-20T02:23:05.000Z","volume":2000,"label":" ","price":6.92},{"type":"A","date":"2018-03-20T02:23:05.000Z","volume":1000,"label":" ","price":6.92},{"type":"A","date":"2018-03-20T02:23:05.000Z","volume":2000,"label":" ","price":6.93},{"type":"A","date":"2018-03-20T02:23:43.000Z","volume":9000,"label":" ","price":6.93},{"type":"A","date":"2018-03-20T02:23:43.000Z","volume":1000,"label":" ","price":6.93},{"type":"A","date":"2018-03-20T02:24:06.000Z","volume":9000,"label":" ","price":6.93},{"type":"A","date":"2018-03-20T02:24:06.000Z","volume":33000,"label":" ","price":6.93},{"type":"B","date":"2018-03-20T02:24:06.000Z","volume":11000,"label":" ","price":6.92},{"type":"A","date":"2018-03-20T02:26:20.000Z","volume":2000,"label":" ","price":6.94},{"type":"A","date":"2018-03-20T02:26:43.000Z","volume":9000,"label":" ","price":6.94},{"type":"B","date":"2018-03-20T02:27:05.000Z","volume":16000,"label":" ","price":6.94},{"type":"A","date":"2018-03-20T02:27:33.000Z","volume":7000,"label":" ","price":6.95},{"type":"A","date":"2018-03-20T02:27:48.000Z","volume":5000,"label":" ","price":6.93},{"type":"A","date":"2018-03-20T02:27:48.000Z","volume":3000,"label":" ","price":6.93},{"type":"A","date":"2018-03-20T02:27:48.000Z","volume":3000,"label":" ","price":6.93},{"type":"A","date":"2018-03-20T02:27:48.000Z","volume":2000,"label":" ","price":6.93},{"type":"A","date":"2018-03-20T02:27:48.000Z","volume":1000,"label":" ","price":6.94},{"type":"A","date":"2018-03-20T02:27:48.000Z","volume":1000,"label":" ","price":6.95},{"type":"B","date":"2018-03-20T02:27:48.000Z","volume":4000,"label":" ","price":6.9},{"type":"A","date":"2018-03-20T02:27:48.000Z","volume":1000,"label":" ","price":6.93},{"type":"A","date":"2018-03-20T02:27:48.000Z","volume":3000,"label":" ","price":6.96},{"type":"B","date":"2018-03-20T02:27:48.000Z","volume":5000,"label":" ","price":6.96},{"type":"B","date":"2018-03-20T02:28:37.000Z","volume":3000,"label":" ","price":6.95},{"type":"B","date":"2018-03-20T02:28:37.000Z","volume":5000,"label":" ","price":6.95},{"type":"A","date":"2018-03-20T02:28:54.000Z","volume":8000,"label":" ","price":6.95},{"type":"B","date":"2018-03-20T02:28:54.000Z","volume":1000,"label":" ","price":6.95},{"type":"B","date":"2018-03-20T02:28:54.000Z","volume":3000,"label":" ","price":6.95},{"type":"B","date":"2018-03-20T02:28:54.000Z","volume":2000,"label":" ","price":6.9},{"type":"A","date":"2018-03-20T02:29:21.000Z","volume":9000,"label":" ","price":6.96},{"type":"A","date":"2018-03-20T02:29:29.000Z","volume":5000,"label":" ","price":6.96},{"type":"B","date":"2018-03-20T02:29:30.000Z","volume":2000,"label":" ","price":6.92},{"type":"A","date":"2018-03-20T02:29:31.000Z","volume":4000,"label":" ","price":6.96},{"type":"A","date":"2018-03-20T02:29:52.000Z","volume":12000,"label":" ","price":6.97},{"type":"B","date":"2018-03-20T02:30:38.000Z","volume":2000,"label":" ","price":6.96},{"type":"B","date":"2018-03-20T02:30:44.000Z","volume":1000,"label":" ","price":6.92},{"type":"A","date":"2018-03-20T02:30:51.000Z","volume":5000,"label":" ","price":6.97},{"type":"A","date":"2018-03-20T02:30:55.000Z","volume":4000,"label":" ","price":6.97},{"type":"A","date":"2018-03-20T02:31:42.000Z","volume":5000,"label":" ","price":6.98},{"type":"A","date":"2018-03-20T02:32:26.000Z","volume":2000,"label":" ","price":6.98},{"type":"A","date":"2018-03-20T02:32:28.000Z","volume":12000,"label":" ","price":6.98},{"type":"A","date":"2018-03-20T02:32:33.000Z","volume":12000,"label":"Y","price":6.98},{"type":"B","date":"2018-03-20T02:32:39.000Z","volume":5000,"label":" ","price":6.97},{"type":"A","date":"2018-03-20T02:32:42.000Z","volume":9000,"label":" ","price":6.98},{"type":"A","date":"2018-03-20T02:32:42.000Z","volume":1000,"label":" ","price":6.98},{"type":"A","date":"2018-03-20T02:32:42.000Z","volume":1000,"label":" ","price":6.98},{"type":"B","date":"2018-03-20T02:36:11.000Z","volume":3000,"label":" ","price":6.97},{"type":"B","date":"2018-03-20T02:36:11.000Z","volume":8000,"label":" ","price":6.97},{"type":"U","date":"2018-03-20T02:36:15.000Z","volume":2000,"label":" ","price":6.92},{"type":"U","date":"2018-03-20T02:36:15.000Z","volume":1000,"label":" ","price":6.92},{"type":"B","date":"2018-03-20T02:36:17.000Z","volume":1000,"label":" ","price":6.92},{"type":"B","date":"2018-03-20T02:38:53.000Z","volume":3000,"label":" ","price":6.95},{"type":"B","date":"2018-03-20T02:39:41.000Z","volume":4000,"label":" ","price":6.95},{"type":"B","date":"2018-03-20T02:42:25.000Z","volume":1000,"label":" ","price":6.95},{"type":"B","date":"2018-03-20T02:42:25.000Z","volume":9000,"label":" ","price":6.95},{"type":"B","date":"2018-03-20T02:42:25.000Z","volume":2000,"label":" ","price":6.92},{"type":"B","date":"2018-03-20T02:42:31.000Z","volume":1000,"label":"Y","price":6.92},{"type":"B","date":"2018-03-20T02:45:55.000Z","volume":6000,"label":" ","price":6.91},{"type":"B","date":"2018-03-20T02:47:44.000Z","volume":3000,"label":" ","price":6.93},{"type":"B","date":"2018-03-20T02:47:45.000Z","volume":1000,"label":" ","price":6.93},{"type":"B","date":"2018-03-20T02:47:51.000Z","volume":1000,"label":" ","price":6.93},{"type":"B","date":"2018-03-20T02:48:03.000Z","volume":1000,"label":" ","price":6.93},{"type":"B","date":"2018-03-20T02:49:42.000Z","volume":8000,"label":" ","price":6.93},{"type":"B","date":"2018-03-20T02:50:24.000Z","volume":1000,"label":" ","price":6.93},{"type":"B","date":"2018-03-20T02:54:33.000Z","volume":1000,"label":" ","price":6.93},{"type":"B","date":"2018-03-20T02:54:46.000Z","volume":2000,"label":" ","price":6.93},{"type":"B","date":"2018-03-20T02:55:04.000Z","volume":1000,"label":" ","price":6.93},{"type":"B","date":"2018-03-20T02:55:08.000Z","volume":1000,"label":" ","price":6.93},{"type":"B","date":"2018-03-20T02:56:17.000Z","volume":1000,"label":" ","price":6.93},{"type":"B","date":"2018-03-20T02:57:04.000Z","volume":1000,"label":" ","price":6.93},{"type":"B","date":"2018-03-20T02:58:27.000Z","volume":1000,"label":" ","price":6.93},{"type":"B","date":"2018-03-20T03:02:30.000Z","volume":1000,"label":" ","price":6.93},{"type":"A","date":"2018-03-20T03:03:26.000Z","volume":1000,"label":" ","price":6.94},{"type":"A","date":"2018-03-20T03:05:10.000Z","volume":2000,"label":" ","price":6.94},{"type":"B","date":"2018-03-20T03:05:34.000Z","volume":10000,"label":" ","price":6.93},{"type":"B","date":"2018-03-20T03:05:34.000Z","volume":1000,"label":" ","price":6.91},{"type":"B","date":"2018-03-20T03:05:59.000Z","volume":2000,"label":"Y","price":6.91},{"type":"B","date":"2018-03-20T03:07:16.000Z","volume":1000,"label":" ","price":6.91},{"type":"A","date":"2018-03-20T03:08:21.000Z","volume":7000,"label":" ","price":6.94},{"type":"A","date":"2018-03-20T03:08:24.000Z","volume":16000,"label":" ","price":6.94},{"type":"A","date":"2018-03-20T03:08:24.000Z","volume":23000,"label":" ","price":6.94},{"type":"A","date":"2018-03-20T03:08:24.000Z","volume":12000,"label":" ","price":6.94},{"type":"A","date":"2018-03-20T03:08:24.000Z","volume":9000,"label":" ","price":6.94},{"type":"A","date":"2018-03-20T03:08:24.000Z","volume":1000,"label":"Y","price":6.95},{"type":"A","date":"2018-03-20T03:08:24.000Z","volume":5000,"label":" ","price":6.95},{"type":"B","date":"2018-03-20T03:08:24.000Z","volume":9000,"label":" ","price":6.95},{"type":"B","date":"2018-03-20T03:08:24.000Z","volume":3000,"label":" ","price":6.95},{"type":"B","date":"2018-03-20T03:08:24.000Z","volume":1000,"label":" ","price":6.95},{"type":"B","date":"2018-03-20T03:08:24.000Z","volume":1000,"label":" ","price":6.95},{"type":"A","date":"2018-03-20T03:08:25.000Z","volume":3000,"label":" ","price":6.94},{"type":"A","date":"2018-03-20T03:08:25.000Z","volume":1000,"label":" ","price":6.96},{"type":"A","date":"2018-03-20T03:08:25.000Z","volume":2000,"label":" ","price":6.96},{"type":"A","date":"2018-03-20T03:08:26.000Z","volume":3000,"label":" ","price":6.96},{"type":"A","date":"2018-03-20T03:08:26.000Z","volume":2000,"label":" ","price":6.96},{"type":"U","date":"2018-03-20T03:08:52.000Z","volume":12000,"label":" ","price":6.95},{"type":"U","date":"2018-03-20T03:09:08.000Z","volume":12000,"label":" ","price":6.95},{"type":"A","date":"2018-03-20T03:09:25.000Z","volume":2000,"label":" ","price":6.96},{"type":"B","date":"2018-03-20T03:09:34.000Z","volume":12000,"label":" ","price":6.95},{"type":"A","date":"2018-03-20T03:09:51.000Z","volume":12000,"label":" ","price":6.94},{"type":"A","date":"2018-03-20T03:09:58.000Z","volume":2000,"label":" ","price":6.93},{"type":"A","date":"2018-03-20T03:09:58.000Z","volume":2000,"label":" ","price":6.93},{"type":"A","date":"2018-03-20T03:09:58.000Z","volume":2000,"label":" ","price":6.93},{"type":"A","date":"2018-03-20T03:09:58.000Z","volume":5000,"label":" ","price":6.93},{"type":"A","date":"2018-03-20T03:10:02.000Z","volume":2000,"label":" ","price":6.93},{"type":"A","date":"2018-03-20T03:10:02.000Z","volume":3000,"label":" ","price":6.93},{"type":"A","date":"2018-03-20T03:10:06.000Z","volume":6000,"label":" ","price":6.93},{"type":"A","date":"2018-03-20T03:10:06.000Z","volume":2000,"label":" ","price":6.94},{"type":"U","date":"2018-03-20T03:10:06.000Z","volume":1000,"label":"X","price":6.94},{"type":"A","date":"2018-03-20T03:10:06.000Z","volume":1000,"label":" ","price":6.94},{"type":"A","date":"2018-03-20T03:10:06.000Z","volume":3000,"label":" ","price":6.94},{"type":"A","date":"2018-03-20T03:10:06.000Z","volume":3000,"label":" ","price":6.94},{"type":"A","date":"2018-03-20T03:10:06.000Z","volume":1000,"label":" ","price":6.94},{"type":"A","date":"2018-03-20T03:10:06.000Z","volume":3000,"label":" ","price":6.94},{"type":"A","date":"2018-03-20T03:10:11.000Z","volume":10000,"label":" ","price":6.94},{"type":"A","date":"2018-03-20T03:10:11.000Z","volume":3000,"label":" ","price":6.95},{"type":"A","date":"2018-03-20T03:10:11.000Z","volume":2000,"label":" ","price":6.94},{"type":"A","date":"2018-03-20T03:10:45.000Z","volume":7000,"label":" ","price":6.96},{"type":"A","date":"2018-03-20T03:10:45.000Z","volume":2000,"label":" ","price":6.96},{"type":"A","date":"2018-03-20T03:10:45.000Z","volume":3000,"label":" ","price":6.96},{"type":"A","date":"2018-03-20T03:10:48.000Z","volume":2000,"label":" ","price":6.99},{"type":"B","date":"2018-03-20T03:10:48.000Z","volume":1000,"label":" ","price":6.96},{"type":"A","date":"2018-03-20T03:16:04.000Z","volume":1000,"label":" ","price":6.96},{"type":"A","date":"2018-03-20T03:16:08.000Z","volume":6000,"label":" ","price":6.96},{"type":"B","date":"2018-03-20T03:16:33.000Z","volume":12000,"label":" ","price":6.98},{"type":"A","date":"2018-03-20T03:19:13.000Z","volume":11000,"label":" ","price":6.99},{"type":"A","date":"2018-03-20T03:19:27.000Z","volume":11000,"label":" ","price":6.99},{"type":"A","date":"2018-03-20T03:19:46.000Z","volume":1000,"label":" ","price":6.99},{"type":"B","date":"2018-03-20T03:20:10.000Z","volume":2000,"label":" ","price":6.98},{"type":"A","date":"2018-03-20T03:20:10.000Z","volume":12000,"label":" ","price":6.99},{"type":"B","date":"2018-03-20T03:20:13.000Z","volume":1000,"label":" ","price":6.98},{"type":"A","date":"2018-03-20T03:22:25.000Z","volume":12000,"label":" ","price":6.99},{"type":"B","date":"2018-03-20T03:29:10.000Z","volume":1000,"label":" ","price":6.95},{"type":"B","date":"2018-03-20T03:37:29.000Z","volume":1000,"label":" ","price":6.95},{"type":"B","date":"2018-03-20T03:38:11.000Z","volume":1000,"label":" ","price":6.95},{"type":"B","date":"2018-03-20T03:39:24.000Z","volume":4000,"label":" ","price":6.95},{"type":"B","date":"2018-03-20T03:39:41.000Z","volume":1000,"label":" ","price":6.93},{"type":"A","date":"2018-03-20T03:41:26.000Z","volume":1000,"label":"Y","price":6.94},{"type":"A","date":"2018-03-20T03:41:26.000Z","volume":12000,"label":" ","price":6.94},{"type":"B","date":"2018-03-20T03:41:37.000Z","volume":1000,"label":" ","price":6.93},{"type":"A","date":"2018-03-20T03:41:47.000Z","volume":4000,"label":" ","price":6.93},{"type":"B","date":"2018-03-20T03:47:27.000Z","volume":1000,"label":" ","price":6.93},{"type":"A","date":"2018-03-20T03:54:04.000Z","volume":1000,"label":" ","price":6.94},{"type":"A","date":"2018-03-20T03:57:20.000Z","volume":1000,"label":" ","price":6.94},{"type":"B","date":"2018-03-20T03:57:22.000Z","volume":1000,"label":" ","price":6.93},{"type":"B","date":"2018-03-20T03:58:13.000Z","volume":1000,"label":" ","price":6.93},{"type":"B","date":"2018-03-20T03:59:25.000Z","volume":1000,"label":" ","price":6.93},{"type":"A","date":"2018-03-20T03:59:47.000Z","volume":8000,"label":"Y","price":6.94},{"type":"A","date":"2018-03-20T03:59:47.000Z","volume":1000,"label":" ","price":6.94},{"type":"A","date":"2018-03-20T05:00:00.000Z","volume":1000,"label":" ","price":6.94},{"type":"A","date":"2018-03-20T05:00:00.000Z","volume":21000,"label":" ","price":6.94},{"type":"A","date":"2018-03-20T05:00:00.000Z","volume":6000,"label":" ","price":6.95},{"type":"A","date":"2018-03-20T05:00:00.000Z","volume":22000,"label":" ","price":6.95},{"type":"B","date":"2018-03-20T05:00:02.000Z","volume":1000,"label":" ","price":6.93},{"type":"A","date":"2018-03-20T05:00:06.000Z","volume":3000,"label":"Y","price":6.94},{"type":"A","date":"2018-03-20T05:00:06.000Z","volume":10000,"label":" ","price":6.94},{"type":"A","date":"2018-03-20T05:00:06.000Z","volume":1000,"label":" ","price":6.94},{"type":"B","date":"2018-03-20T05:00:20.000Z","volume":1000,"label":" ","price":6.93},{"type":"A","date":"2018-03-20T05:03:28.000Z","volume":2000,"label":" ","price":6.94},{"type":"B","date":"2018-03-20T05:06:02.000Z","volume":4000,"label":" ","price":6.93},{"type":"B","date":"2018-03-20T05:06:02.000Z","volume":2000,"label":" ","price":6.93},{"type":"B","date":"2018-03-20T05:06:02.000Z","volume":1000,"label":" ","price":6.93},{"type":"B","date":"2018-03-20T05:06:02.000Z","volume":1000,"label":" ","price":6.92},{"type":"B","date":"2018-03-20T05:08:54.000Z","volume":1000,"label":" ","price":6.9},{"type":"B","date":"2018-03-20T05:14:14.000Z","volume":1000,"label":" ","price":6.9},{"type":"A","date":"2018-03-20T05:17:02.000Z","volume":1000,"label":" ","price":6.93},{"type":"B","date":"2018-03-20T05:18:15.000Z","volume":1000,"label":"Y","price":6.9},{"type":"A","date":"2018-03-20T05:20:17.000Z","volume":1000,"label":" ","price":6.93},{"type":"B","date":"2018-03-20T05:20:45.000Z","volume":1000,"label":"Y","price":6.9},{"type":"A","date":"2018-03-20T05:23:30.000Z","volume":1000,"label":" ","price":6.93},{"type":"B","date":"2018-03-20T05:24:32.000Z","volume":1000,"label":" ","price":6.9},{"type":"B","date":"2018-03-20T05:24:32.000Z","volume":1000,"label":" ","price":6.9},{"type":"A","date":"2018-03-20T05:25:47.000Z","volume":1000,"label":"Y","price":6.93},{"type":"A","date":"2018-03-20T05:25:47.000Z","volume":1000,"label":" ","price":6.93},{"type":"A","date":"2018-03-20T05:26:46.000Z","volume":1000,"label":" ","price":6.93},{"type":"B","date":"2018-03-20T05:26:49.000Z","volume":1000,"label":" ","price":6.9},{"type":"B","date":"2018-03-20T05:29:39.000Z","volume":1000,"label":" ","price":6.9},{"type":"U","date":"2018-03-20T05:30:34.000Z","volume":1000,"label":"X","price":6.91},{"type":"A","date":"2018-03-20T05:30:34.000Z","volume":1000,"label":" ","price":6.91},{"type":"A","date":"2018-03-20T05:30:34.000Z","volume":2000,"label":" ","price":6.91},{"type":"A","date":"2018-03-20T05:30:34.000Z","volume":2000,"label":" ","price":6.91},{"type":"A","date":"2018-03-20T05:30:34.000Z","volume":3000,"label":" ","price":6.91},{"type":"A","date":"2018-03-20T05:30:34.000Z","volume":3000,"label":" ","price":6.91},{"type":"A","date":"2018-03-20T05:30:34.000Z","volume":2000,"label":" ","price":6.91},{"type":"A","date":"2018-03-20T05:30:34.000Z","volume":1000,"label":" ","price":6.91},{"type":"A","date":"2018-03-20T05:30:34.000Z","volume":4000,"label":" ","price":6.91},{"type":"A","date":"2018-03-20T05:30:34.000Z","volume":6000,"label":" ","price":6.91},{"type":"U","date":"2018-03-20T05:30:34.000Z","volume":1000,"label":"X","price":6.92},{"type":"A","date":"2018-03-20T05:30:34.000Z","volume":1000,"label":" ","price":6.92},{"type":"A","date":"2018-03-20T05:30:34.000Z","volume":5000,"label":" ","price":6.92},{"type":"A","date":"2018-03-20T05:31:16.000Z","volume":5000,"label":" ","price":6.92},{"type":"A","date":"2018-03-20T05:31:27.000Z","volume":1000,"label":" ","price":6.92},{"type":"A","date":"2018-03-20T05:32:06.000Z","volume":9000,"label":" ","price":6.92},{"type":"A","date":"2018-03-20T05:32:07.000Z","volume":2000,"label":" ","price":6.92},{"type":"A","date":"2018-03-20T05:32:08.000Z","volume":3000,"label":" ","price":6.92},{"type":"A","date":"2018-03-20T05:32:25.000Z","volume":5000,"label":" ","price":6.93},{"type":"A","date":"2018-03-20T05:33:14.000Z","volume":1000,"label":" ","price":6.93},{"type":"A","date":"2018-03-20T05:36:16.000Z","volume":2000,"label":"Y","price":6.93},{"type":"A","date":"2018-03-20T05:36:16.000Z","volume":11000,"label":" ","price":6.93},{"type":"A","date":"2018-03-20T05:36:16.000Z","volume":2000,"label":" ","price":6.94},{"type":"A","date":"2018-03-20T05:36:30.000Z","volume":1000,"label":" ","price":6.94},{"type":"A","date":"2018-03-20T05:37:20.000Z","volume":5000,"label":" ","price":6.94},{"type":"A","date":"2018-03-20T05:37:20.000Z","volume":10000,"label":" ","price":6.94},{"type":"A","date":"2018-03-20T05:39:46.000Z","volume":1000,"label":" ","price":6.95},{"type":"B","date":"2018-03-20T05:42:43.000Z","volume":1000,"label":" ","price":6.92},{"type":"A","date":"2018-03-20T05:43:02.000Z","volume":1000,"label":" ","price":6.95},{"type":"A","date":"2018-03-20T05:46:18.000Z","volume":1000,"label":" ","price":6.95},{"type":"A","date":"2018-03-20T05:46:26.000Z","volume":1000,"label":" ","price":6.95},{"type":"B","date":"2018-03-20T05:48:14.000Z","volume":1000,"label":" ","price":6.92},{"type":"A","date":"2018-03-20T05:49:34.000Z","volume":1000,"label":" ","price":6.95},{"type":"A","date":"2018-03-20T05:52:50.000Z","volume":1000,"label":" ","price":6.95},{"type":"A","date":"2018-03-20T05:56:06.000Z","volume":1000,"label":" ","price":6.95},{"type":"B","date":"2018-03-20T05:56:28.000Z","volume":1000,"label":" ","price":6.92},{"type":"B","date":"2018-03-20T05:56:47.000Z","volume":1000,"label":" ","price":6.92},{"type":"B","date":"2018-03-20T05:57:28.000Z","volume":1000,"label":" ","price":6.92},{"type":"B","date":"2018-03-20T05:58:22.000Z","volume":3000,"label":" ","price":6.92},{"type":"A","date":"2018-03-20T06:03:13.000Z","volume":5000,"label":"Y","price":6.95},{"type":"A","date":"2018-03-20T06:03:13.000Z","volume":10000,"label":" ","price":6.95},{"type":"A","date":"2018-03-20T06:03:13.000Z","volume":20000,"label":" ","price":6.95},{"type":"A","date":"2018-03-20T06:03:13.000Z","volume":1000,"label":" ","price":6.95},{"type":"A","date":"2018-03-20T06:03:13.000Z","volume":5000,"label":" ","price":6.95},{"type":"A","date":"2018-03-20T06:03:13.000Z","volume":3000,"label":" ","price":6.95},{"type":"A","date":"2018-03-20T06:03:13.000Z","volume":6000,"label":" ","price":6.95},{"type":"B","date":"2018-03-20T06:07:42.000Z","volume":1000,"label":" ","price":6.93},{"type":"B","date":"2018-03-20T06:08:52.000Z","volume":8000,"label":" ","price":6.93},{"type":"B","date":"2018-03-20T06:08:52.000Z","volume":2000,"label":" ","price":6.92},{"type":"B","date":"2018-03-20T06:14:18.000Z","volume":1000,"label":"Y","price":6.92},{"type":"B","date":"2018-03-20T06:15:58.000Z","volume":1000,"label":" ","price":6.92},{"type":"U","date":"2018-03-20T06:18:03.000Z","volume":1000,"label":" ","price":6.93},{"type":"B","date":"2018-03-20T06:18:05.000Z","volume":1000,"label":" ","price":6.93},{"type":"A","date":"2018-03-20T06:18:54.000Z","volume":1000,"label":" ","price":6.96},{"type":"B","date":"2018-03-20T06:19:18.000Z","volume":2000,"label":" ","price":6.93},{"type":"B","date":"2018-03-20T06:23:58.000Z","volume":1000,"label":" ","price":6.93},{"type":"B","date":"2018-03-20T06:26:48.000Z","volume":1000,"label":" ","price":6.93},{"type":"A","date":"2018-03-20T06:30:16.000Z","volume":2000,"label":" ","price":6.96},{"type":"A","date":"2018-03-20T06:31:56.000Z","volume":1000,"label":" ","price":6.96},{"type":"B","date":"2018-03-20T06:32:14.000Z","volume":1000,"label":" ","price":6.93},{"type":"B","date":"2018-03-20T06:32:14.000Z","volume":1000,"label":" ","price":6.93},{"type":"B","date":"2018-03-20T06:37:19.000Z","volume":2000,"label":" ","price":6.93},{"type":"B","date":"2018-03-20T06:37:38.000Z","volume":1000,"label":" ","price":6.93},{"type":"B","date":"2018-03-20T06:38:13.000Z","volume":3000,"label":" ","price":6.93},{"type":"B","date":"2018-03-20T06:38:33.000Z","volume":22000,"label":" ","price":6.92},{"type":"B","date":"2018-03-20T06:38:33.000Z","volume":13000,"label":" ","price":6.92},{"type":"B","date":"2018-03-20T06:39:05.000Z","volume":14000,"label":" ","price":6.91},{"type":"A","date":"2018-03-20T06:40:38.000Z","volume":9000,"label":" ","price":6.91},{"type":"A","date":"2018-03-20T06:41:09.000Z","volume":9000,"label":" ","price":6.91},{"type":"A","date":"2018-03-20T06:42:36.000Z","volume":9000,"label":" ","price":6.91},{"type":"A","date":"2018-03-20T06:43:38.000Z","volume":3000,"label":" ","price":6.91},{"type":"A","date":"2018-03-20T06:43:38.000Z","volume":7000,"label":"Y","price":6.91},{"type":"A","date":"2018-03-20T06:43:38.000Z","volume":1000,"label":" ","price":6.91},{"type":"A","date":"2018-03-20T06:43:38.000Z","volume":14000,"label":" ","price":6.91},{"type":"A","date":"2018-03-20T06:43:38.000Z","volume":1000,"label":" ","price":6.91},{"type":"A","date":"2018-03-20T06:43:38.000Z","volume":3000,"label":" ","price":6.91},{"type":"A","date":"2018-03-20T06:43:40.000Z","volume":3000,"label":" ","price":6.92},{"type":"A","date":"2018-03-20T06:43:40.000Z","volume":3000,"label":" ","price":6.92},{"type":"U","date":"2018-03-20T06:43:40.000Z","volume":2000,"label":" ","price":6.92},{"type":"B","date":"2018-03-20T06:43:41.000Z","volume":1000,"label":" ","price":6.91},{"type":"B","date":"2018-03-20T06:46:19.000Z","volume":1000,"label":" ","price":6.91},{"type":"A","date":"2018-03-20T06:48:53.000Z","volume":10000,"label":" ","price":6.93},{"type":"B","date":"2018-03-20T06:48:53.000Z","volume":1000,"label":" ","price":6.92},{"type":"A","date":"2018-03-20T06:48:54.000Z","volume":2000,"label":" ","price":6.93},{"type":"A","date":"2018-03-20T06:49:13.000Z","volume":42000,"label":" ","price":6.93},{"type":"A","date":"2018-03-20T06:49:13.000Z","volume":5000,"label":" ","price":6.93},{"type":"A","date":"2018-03-20T06:49:14.000Z","volume":4000,"label":" ","price":6.94},{"type":"A","date":"2018-03-20T06:53:17.000Z","volume":10000,"label":" ","price":6.95},{"type":"A","date":"2018-03-20T06:53:17.000Z","volume":8000,"label":" ","price":6.95},{"type":"B","date":"2018-03-20T06:54:28.000Z","volume":11000,"label":" ","price":6.94},{"type":"B","date":"2018-03-20T06:54:47.000Z","volume":1000,"label":" ","price":6.92},{"type":"A","date":"2018-03-20T06:57:56.000Z","volume":9000,"label":" ","price":6.92},{"type":"A","date":"2018-03-20T06:57:56.000Z","volume":4000,"label":" ","price":6.92},{"type":"A","date":"2018-03-20T06:57:56.000Z","volume":1000,"label":" ","price":6.92},{"type":"A","date":"2018-03-20T06:58:08.000Z","volume":4000,"label":" ","price":6.93},{"type":"A","date":"2018-03-20T06:58:35.000Z","volume":3000,"label":" ","price":6.94},{"type":"B","date":"2018-03-20T06:58:35.000Z","volume":1000,"label":" ","price":6.94},{"type":"B","date":"2018-03-20T06:58:35.000Z","volume":3000,"label":" ","price":6.94},{"type":"B","date":"2018-03-20T06:58:37.000Z","volume":1000,"label":" ","price":6.94},{"type":"A","date":"2018-03-20T06:59:57.000Z","volume":5000,"label":" ","price":6.95},{"type":"B","date":"2018-03-20T07:01:30.000Z","volume":1000,"label":" ","price":6.94},{"type":"B","date":"2018-03-20T07:01:30.000Z","volume":2000,"label":" ","price":6.94},{"type":"B","date":"2018-03-20T07:02:14.000Z","volume":3000,"label":" ","price":6.93},{"type":"B","date":"2018-03-20T07:02:14.000Z","volume":1000,"label":" ","price":6.93},{"type":"B","date":"2018-03-20T07:02:41.000Z","volume":1000,"label":" ","price":6.92},{"type":"A","date":"2018-03-20T07:09:09.000Z","volume":9000,"label":" ","price":6.94},{"type":"A","date":"2018-03-20T07:10:16.000Z","volume":1000,"label":" ","price":6.94},{"type":"B","date":"2018-03-20T07:10:19.000Z","volume":1000,"label":" ","price":6.93},{"type":"A","date":"2018-03-20T07:10:34.000Z","volume":1000,"label":" ","price":6.94},{"type":"B","date":"2018-03-20T07:10:42.000Z","volume":1000,"label":" ","price":6.93},{"type":"A","date":"2018-03-20T07:12:39.000Z","volume":9000,"label":" ","price":6.94},{"type":"A","date":"2018-03-20T07:12:39.000Z","volume":1000,"label":" ","price":6.94},{"type":"A","date":"2018-03-20T07:13:46.000Z","volume":1000,"label":" ","price":6.94},{"type":"A","date":"2018-03-20T07:13:53.000Z","volume":5000,"label":" ","price":6.94},{"type":"A","date":"2018-03-20T07:14:11.000Z","volume":1000,"label":" ","price":6.94},{"type":"B","date":"2018-03-20T07:16:22.000Z","volume":1000,"label":" ","price":6.93},{"type":"A","date":"2018-03-20T07:20:10.000Z","volume":1000,"label":" ","price":6.94},{"type":"A","date":"2018-03-20T07:20:19.000Z","volume":1000,"label":" ","price":6.94},{"type":"A","date":"2018-03-20T07:21:26.000Z","volume":1000,"label":" ","price":6.94},{"type":"B","date":"2018-03-20T07:21:47.000Z","volume":1000,"label":" ","price":6.93},{"type":"A","date":"2018-03-20T07:22:55.000Z","volume":9000,"label":" ","price":6.94},{"type":"A","date":"2018-03-20T07:23:22.000Z","volume":1000,"label":" ","price":6.94},{"type":"A","date":"2018-03-20T07:24:41.000Z","volume":6000,"label":"Y","price":6.94},{"type":"A","date":"2018-03-20T07:24:41.000Z","volume":6000,"label":" ","price":6.94},{"type":"B","date":"2018-03-20T07:24:41.000Z","volume":2000,"label":" ","price":6.94},{"type":"B","date":"2018-03-20T07:24:42.000Z","volume":2000,"label":" ","price":6.94},{"type":"B","date":"2018-03-20T07:24:43.000Z","volume":1000,"label":" ","price":6.94},{"type":"B","date":"2018-03-20T07:25:24.000Z","volume":1000,"label":" ","price":6.94},{"type":"B","date":"2018-03-20T07:25:24.000Z","volume":1000,"label":" ","price":6.94},{"type":"A","date":"2018-03-20T07:25:24.000Z","volume":1000,"label":" ","price":6.94},{"type":"B","date":"2018-03-20T07:28:26.000Z","volume":1000,"label":" ","price":6.94},{"type":"B","date":"2018-03-20T07:28:26.000Z","volume":1000,"label":" ","price":6.94},{"type":"B","date":"2018-03-20T07:28:26.000Z","volume":1000,"label":" ","price":6.94},{"type":"A","date":"2018-03-20T07:29:24.000Z","volume":5000,"label":" ","price":6.95},{"type":"A","date":"2018-03-20T07:29:25.000Z","volume":7000,"label":"Y","price":6.95},{"type":"A","date":"2018-03-20T07:29:25.000Z","volume":5000,"label":" ","price":6.95},{"type":"B","date":"2018-03-20T07:29:43.000Z","volume":1000,"label":" ","price":6.93},{"type":"B","date":"2018-03-20T07:30:06.000Z","volume":10000,"label":"Y","price":6.94},{"type":"B","date":"2018-03-20T07:30:06.000Z","volume":2000,"label":"Y","price":6.94},{"type":"B","date":"2018-03-20T07:30:06.000Z","volume":1000,"label":" ","price":6.94},{"type":"A","date":"2018-03-20T07:31:50.000Z","volume":2000,"label":" ","price":6.95},{"type":"B","date":"2018-03-20T07:32:21.000Z","volume":1000,"label":"Y","price":6.93},{"type":"B","date":"2018-03-20T07:32:21.000Z","volume":1000,"label":" ","price":6.94},{"type":"B","date":"2018-03-20T07:32:31.000Z","volume":1000,"label":" ","price":6.93},{"type":"B","date":"2018-03-20T07:35:10.000Z","volume":1000,"label":" ","price":6.93},{"type":"B","date":"2018-03-20T07:35:10.000Z","volume":1000,"label":" ","price":6.93},{"type":"A","date":"2018-03-20T07:36:56.000Z","volume":9000,"label":" ","price":6.94},{"type":"A","date":"2018-03-20T07:37:01.000Z","volume":6000,"label":"Y","price":6.94},{"type":"A","date":"2018-03-20T07:37:01.000Z","volume":6000,"label":" ","price":6.94},{"type":"A","date":"2018-03-20T07:37:01.000Z","volume":3000,"label":" ","price":6.94},{"type":"U","date":"2018-03-20T07:37:04.000Z","volume":10000,"label":"Y","price":6.94},{"type":"U","date":"2018-03-20T07:37:04.000Z","volume":2000,"label":"Y","price":6.94},{"type":"U","date":"2018-03-20T07:37:04.000Z","volume":3000,"label":" ","price":6.94},{"type":"B","date":"2018-03-20T07:39:20.000Z","volume":1000,"label":" ","price":6.94},{"type":"B","date":"2018-03-20T07:39:20.000Z","volume":1000,"label":" ","price":6.94},{"type":"B","date":"2018-03-20T07:39:22.000Z","volume":1000,"label":" ","price":6.94},{"type":"A","date":"2018-03-20T07:40:00.000Z","volume":5000,"label":" ","price":6.95},{"type":"B","date":"2018-03-20T07:40:12.000Z","volume":1000,"label":" ","price":6.94},{"type":"A","date":"2018-03-20T07:40:12.000Z","volume":2000,"label":" ","price":6.94},{"type":"B","date":"2018-03-20T07:40:43.000Z","volume":9000,"label":"Y","price":6.94},{"type":"B","date":"2018-03-20T07:40:43.000Z","volume":2000,"label":"Y","price":6.94},{"type":"B","date":"2018-03-20T07:40:43.000Z","volume":1000,"label":" ","price":6.94},{"type":"B","date":"2018-03-20T07:41:47.000Z","volume":4000,"label":"Y","price":6.94},{"type":"A","date":"2018-03-20T07:42:13.000Z","volume":2000,"label":" ","price":6.95},{"type":"A","date":"2018-03-20T07:42:18.000Z","volume":6000,"label":"Y","price":6.95},{"type":"A","date":"2018-03-20T07:42:18.000Z","volume":2000,"label":" ","price":6.95},{"type":"A","date":"2018-03-20T07:42:40.000Z","volume":2000,"label":" ","price":6.95},{"type":"A","date":"2018-03-20T07:42:40.000Z","volume":1000,"label":" ","price":6.95},{"type":"A","date":"2018-03-20T07:42:41.000Z","volume":3000,"label":" ","price":6.95},{"type":"B","date":"2018-03-20T07:42:54.000Z","volume":1000,"label":"Y","price":6.94},{"type":"B","date":"2018-03-20T07:42:54.000Z","volume":1000,"label":" ","price":6.94},{"type":"B","date":"2018-03-20T07:45:16.000Z","volume":6000,"label":" ","price":6.94},{"type":"B","date":"2018-03-20T07:45:16.000Z","volume":1000,"label":" ","price":6.94},{"type":"B","date":"2018-03-20T07:45:16.000Z","volume":1000,"label":" ","price":6.94},{"type":"B","date":"2018-03-20T07:45:16.000Z","volume":1000,"label":" ","price":6.94},{"type":"B","date":"2018-03-20T07:45:45.000Z","volume":1000,"label":" ","price":6.93},{"type":"B","date":"2018-03-20T07:47:13.000Z","volume":1000,"label":" ","price":6.94},{"type":"B","date":"2018-03-20T07:49:06.000Z","volume":1000,"label":" ","price":6.94},{"type":"B","date":"2018-03-20T07:49:06.000Z","volume":1000,"label":" ","price":6.94},{"type":"B","date":"2018-03-20T07:49:07.000Z","volume":1000,"label":" ","price":6.94},{"type":"B","date":"2018-03-20T07:49:07.000Z","volume":2000,"label":" ","price":6.94},{"type":"B","date":"2018-03-20T07:50:09.000Z","volume":1000,"label":" ","price":6.94},{"type":"B","date":"2018-03-20T07:50:09.000Z","volume":1000,"label":" ","price":6.94},{"type":"B","date":"2018-03-20T07:50:48.000Z","volume":8000,"label":" ","price":6.93},{"type":"B","date":"2018-03-20T07:50:59.000Z","volume":13000,"label":" ","price":6.94},{"type":"B","date":"2018-03-20T07:50:59.000Z","volume":1000,"label":" ","price":6.94},{"type":"B","date":"2018-03-20T07:50:59.000Z","volume":1000,"label":" ","price":6.94},{"type":"B","date":"2018-03-20T07:51:01.000Z","volume":1000,"label":" ","price":6.93},{"type":"B","date":"2018-03-20T07:51:16.000Z","volume":1000,"label":" ","price":6.9},{"type":"B","date":"2018-03-20T07:53:37.000Z","volume":20000,"label":" ","price":6.9},{"type":"B","date":"2018-03-20T07:53:37.000Z","volume":3000,"label":" ","price":6.9},{"type":"B","date":"2018-03-20T07:54:27.000Z","volume":1000,"label":" ","price":6.9},{"type":"A","date":"2018-03-20T07:54:27.000Z","volume":12000,"label":" ","price":6.91},{"type":"B","date":"2018-03-20T07:54:30.000Z","volume":5000,"label":" ","price":6.9},{"type":"B","date":"2018-03-20T07:54:37.000Z","volume":4000,"label":" ","price":6.9},{"type":"B","date":"2018-03-20T07:55:37.000Z","volume":1000,"label":"Y","price":6.9},{"type":"A","date":"2018-03-20T07:56:45.000Z","volume":50000,"label":" ","price":6.91},{"type":"A","date":"2018-03-20T07:56:45.000Z","volume":27000,"label":" ","price":6.91},{"type":"B","date":"2018-03-20T07:56:45.000Z","volume":3000,"label":" ","price":6.91},{"type":"B","date":"2018-03-20T07:56:45.000Z","volume":2000,"label":" ","price":6.91},{"type":"B","date":"2018-03-20T07:56:46.000Z","volume":2000,"label":" ","price":6.91},{"type":"A","date":"2018-03-20T07:56:46.000Z","volume":3000,"label":" ","price":6.91},{"type":"B","date":"2018-03-20T07:56:47.000Z","volume":1000,"label":" ","price":6.91},{"type":"A","date":"2018-03-20T07:56:48.000Z","volume":4000,"label":" ","price":6.92},{"type":"A","date":"2018-03-20T07:56:57.000Z","volume":2000,"label":" ","price":6.92},{"type":"A","date":"2018-03-20T07:57:32.000Z","volume":5000,"label":" ","price":6.92},{"type":"A","date":"2018-03-20T07:57:32.000Z","volume":2000,"label":" ","price":6.92},{"type":"A","date":"2018-03-20T07:57:32.000Z","volume":3000,"label":" ","price":6.92},{"type":"A","date":"2018-03-20T07:57:33.000Z","volume":4000,"label":" ","price":6.92},{"type":"A","date":"2018-03-20T07:57:33.000Z","volume":3000,"label":" ","price":6.92},{"type":"B","date":"2018-03-20T07:57:33.000Z","volume":1000,"label":" ","price":6.91},{"type":"A","date":"2018-03-20T07:57:33.000Z","volume":2000,"label":" ","price":6.92},{"type":"A","date":"2018-03-20T07:57:34.000Z","volume":42000,"label":" ","price":6.92},{"type":"A","date":"2018-03-20T07:57:34.000Z","volume":2000,"label":" ","price":6.92},{"type":"A","date":"2018-03-20T07:57:35.000Z","volume":8000,"label":" ","price":6.95},{"type":"B","date":"2018-03-20T07:58:40.000Z","volume":1000,"label":" ","price":6.91},{"type":"A","date":"2018-03-20T07:58:41.000Z","volume":2000,"label":" ","price":6.91},{"type":"A","date":"2018-03-20T07:58:41.000Z","volume":2000,"label":" ","price":6.91},{"type":"B","date":"2018-03-20T07:59:30.000Z","volume":7000,"label":" ","price":6.94},{"type":"B","date":"2018-03-20T07:59:30.000Z","volume":1000,"label":" ","price":6.94},{"type":"B","date":"2018-03-20T07:59:33.000Z","volume":1000,"label":" ","price":6.9},{"type":"B","date":"2018-03-20T07:59:37.000Z","volume":1000,"label":" ","price":6.9},{"type":"B","date":"2018-03-20T07:59:39.000Z","volume":1000,"label":"Y","price":6.9}]