[{"type":"A","date":"2018-03-20T01:30:02.000Z","volume":2000,"label":" ","price":5.84},{"type":"A","date":"2018-03-20T01:30:02.000Z","volume":1000,"label":" ","price":5.86},{"type":"A","date":"2018-03-20T01:30:02.000Z","volume":3000,"label":" ","price":5.87},{"type":"A","date":"2018-03-20T01:30:02.000Z","volume":5000,"label":" ","price":5.89},{"type":"B","date":"2018-03-20T01:30:06.000Z","volume":5000,"label":" ","price":5.89},{"type":"A","date":"2018-03-20T01:30:06.000Z","volume":500,"label":" ","price":5.9},{"type":"A","date":"2018-03-20T01:30:07.000Z","volume":1000,"label":" ","price":5.9},{"type":"B","date":"2018-03-20T01:30:07.000Z","volume":50000,"label":" ","price":5.89},{"type":"B","date":"2018-03-20T01:30:07.000Z","volume":1000,"label":" ","price":5.89},{"type":"A","date":"2018-03-20T01:30:07.000Z","volume":500,"label":" ","price":5.9},{"type":"B","date":"2018-03-20T01:30:09.000Z","volume":1500,"label":" ","price":5.86},{"type":"B","date":"2018-03-20T01:30:29.000Z","volume":1000,"label":" ","price":5.82},{"type":"B","date":"2018-03-20T01:30:41.000Z","volume":3000,"label":" ","price":5.82},{"type":"B","date":"2018-03-20T01:30:51.000Z","volume":2000,"label":" ","price":5.81},{"type":"U","date":"2018-03-20T01:31:33.000Z","volume":500,"label":"X","price":5.825},{"type":"A","date":"2018-03-20T01:31:58.000Z","volume":1000,"label":" ","price":5.83},{"type":"U","date":"2018-03-20T01:32:09.000Z","volume":500,"label":"X","price":5.826},{"type":"U","date":"2018-03-20T01:32:09.000Z","volume":500,"label":"X","price":5.826},{"type":"A","date":"2018-03-20T01:32:37.000Z","volume":1000,"label":" ","price":5.83},{"type":"A","date":"2018-03-20T01:32:37.000Z","volume":1500,"label":" ","price":5.83},{"type":"A","date":"2018-03-20T01:32:37.000Z","volume":1000,"label":" ","price":5.83},{"type":"A","date":"2018-03-20T01:32:53.000Z","volume":1000,"label":"Y","price":5.84},{"type":"A","date":"2018-03-20T01:33:57.000Z","volume":500,"label":"Y","price":5.84},{"type":"B","date":"2018-03-20T01:33:58.000Z","volume":10500,"label":" ","price":5.83},{"type":"A","date":"2018-03-20T01:34:04.000Z","volume":8000,"label":" ","price":5.84},{"type":"B","date":"2018-03-20T01:34:27.000Z","volume":500,"label":" ","price":5.84},{"type":"B","date":"2018-03-20T01:34:27.000Z","volume":1500,"label":" ","price":5.84},{"type":"B","date":"2018-03-20T01:34:27.000Z","volume":2000,"label":" ","price":5.84},{"type":"B","date":"2018-03-20T01:34:29.000Z","volume":5000,"label":" ","price":5.84},{"type":"A","date":"2018-03-20T01:35:21.000Z","volume":2500,"label":" ","price":5.85},{"type":"A","date":"2018-03-20T01:35:49.000Z","volume":10000,"label":" ","price":5.85},{"type":"A","date":"2018-03-20T01:36:34.000Z","volume":8500,"label":" ","price":5.85},{"type":"A","date":"2018-03-20T01:36:40.000Z","volume":2500,"label":" ","price":5.86},{"type":"B","date":"2018-03-20T01:36:57.000Z","volume":10000,"label":" ","price":5.85},{"type":"B","date":"2018-03-20T01:36:57.000Z","volume":1000,"label":"Y","price":5.85},{"type":"B","date":"2018-03-20T01:36:57.000Z","volume":4000,"label":" ","price":5.85},{"type":"B","date":"2018-03-20T01:37:27.000Z","volume":2000,"label":" ","price":5.85},{"type":"A","date":"2018-03-20T01:37:40.000Z","volume":3000,"label":" ","price":5.85},{"type":"B","date":"2018-03-20T01:38:16.000Z","volume":1000,"label":"Y","price":5.84},{"type":"B","date":"2018-03-20T01:38:16.000Z","volume":1500,"label":" ","price":5.84},{"type":"B","date":"2018-03-20T01:38:47.000Z","volume":2500,"label":" ","price":5.84},{"type":"B","date":"2018-03-20T01:38:51.000Z","volume":7000,"label":" ","price":5.84},{"type":"A","date":"2018-03-20T01:39:41.000Z","volume":2500,"label":" ","price":5.84},{"type":"A","date":"2018-03-20T01:39:51.000Z","volume":10000,"label":" ","price":5.84},{"type":"B","date":"2018-03-20T01:40:43.000Z","volume":16500,"label":" ","price":5.83},{"type":"B","date":"2018-03-20T01:41:10.000Z","volume":7000,"label":" ","price":5.83},{"type":"B","date":"2018-03-20T01:41:10.000Z","volume":500,"label":" ","price":5.83},{"type":"A","date":"2018-03-20T01:41:11.000Z","volume":9500,"label":" ","price":5.83},{"type":"U","date":"2018-03-20T01:42:09.000Z","volume":1000,"label":"X","price":5.84},{"type":"A","date":"2018-03-20T01:42:46.000Z","volume":4500,"label":" ","price":5.83},{"type":"A","date":"2018-03-20T01:43:07.000Z","volume":56500,"label":" ","price":5.84},{"type":"A","date":"2018-03-20T01:43:58.000Z","volume":2500,"label":" ","price":5.86},{"type":"A","date":"2018-03-20T01:44:06.000Z","volume":2500,"label":" ","price":5.86},{"type":"A","date":"2018-03-20T01:45:25.000Z","volume":5000,"label":" ","price":5.85},{"type":"A","date":"2018-03-20T01:45:25.000Z","volume":8000,"label":" ","price":5.85},{"type":"A","date":"2018-03-20T01:46:09.000Z","volume":5000,"label":" ","price":5.85},{"type":"A","date":"2018-03-20T01:46:19.000Z","volume":1000,"label":" ","price":5.85},{"type":"A","date":"2018-03-20T01:46:37.000Z","volume":2500,"label":" ","price":5.85},{"type":"A","date":"2018-03-20T01:46:37.000Z","volume":500,"label":" ","price":5.85},{"type":"A","date":"2018-03-20T01:46:55.000Z","volume":500,"label":" ","price":5.85},{"type":"A","date":"2018-03-20T01:46:55.000Z","volume":1000,"label":" ","price":5.85},{"type":"A","date":"2018-03-20T01:47:47.000Z","volume":5000,"label":" ","price":5.86},{"type":"A","date":"2018-03-20T01:48:04.000Z","volume":1000,"label":" ","price":5.86},{"type":"B","date":"2018-03-20T01:48:13.000Z","volume":10000,"label":" ","price":5.85},{"type":"B","date":"2018-03-20T01:48:36.000Z","volume":39000,"label":" ","price":5.84},{"type":"B","date":"2018-03-20T01:48:36.000Z","volume":3000,"label":" ","price":5.83},{"type":"A","date":"2018-03-20T01:48:42.000Z","volume":10000,"label":" ","price":5.84},{"type":"A","date":"2018-03-20T01:53:10.000Z","volume":2500,"label":" ","price":5.84},{"type":"B","date":"2018-03-20T01:53:22.000Z","volume":6500,"label":" ","price":5.83},{"type":"A","date":"2018-03-20T01:53:30.000Z","volume":16000,"label":" ","price":5.83},{"type":"A","date":"2018-03-20T01:55:45.000Z","volume":500,"label":" ","price":5.83},{"type":"A","date":"2018-03-20T01:55:47.000Z","volume":500,"label":" ","price":5.83},{"type":"A","date":"2018-03-20T01:56:45.000Z","volume":1000,"label":" ","price":5.83},{"type":"A","date":"2018-03-20T01:57:06.000Z","volume":2500,"label":" ","price":5.83},{"type":"A","date":"2018-03-20T01:57:41.000Z","volume":500,"label":" ","price":5.83},{"type":"A","date":"2018-03-20T01:58:02.000Z","volume":3500,"label":" ","price":5.83},{"type":"B","date":"2018-03-20T01:58:27.000Z","volume":3500,"label":" ","price":5.83},{"type":"B","date":"2018-03-20T01:59:14.000Z","volume":2000,"label":" ","price":5.83},{"type":"B","date":"2018-03-20T01:59:14.000Z","volume":1500,"label":" ","price":5.83},{"type":"A","date":"2018-03-20T01:59:31.000Z","volume":2500,"label":" ","price":5.84},{"type":"A","date":"2018-03-20T01:59:43.000Z","volume":1000,"label":" ","price":5.84},{"type":"B","date":"2018-03-20T02:00:39.000Z","volume":10500,"label":" ","price":5.83},{"type":"A","date":"2018-03-20T02:00:39.000Z","volume":500,"label":" ","price":5.83},{"type":"A","date":"2018-03-20T02:00:39.000Z","volume":500,"label":" ","price":5.83},{"type":"A","date":"2018-03-20T02:00:56.000Z","volume":10000,"label":" ","price":5.83},{"type":"U","date":"2018-03-20T02:01:15.000Z","volume":500,"label":"X","price":5.831},{"type":"A","date":"2018-03-20T02:03:18.000Z","volume":1500,"label":" ","price":5.83},{"type":"A","date":"2018-03-20T02:03:18.000Z","volume":1000,"label":" ","price":5.84},{"type":"B","date":"2018-03-20T02:04:36.000Z","volume":1000,"label":" ","price":5.83},{"type":"B","date":"2018-03-20T02:05:35.000Z","volume":500,"label":"Y","price":5.83},{"type":"B","date":"2018-03-20T02:05:35.000Z","volume":1000,"label":" ","price":5.83},{"type":"B","date":"2018-03-20T02:05:35.000Z","volume":1500,"label":" ","price":5.83},{"type":"B","date":"2018-03-20T02:05:35.000Z","volume":500,"label":" ","price":5.83},{"type":"B","date":"2018-03-20T02:05:54.000Z","volume":1500,"label":" ","price":5.83},{"type":"B","date":"2018-03-20T02:05:54.000Z","volume":2000,"label":" ","price":5.83},{"type":"B","date":"2018-03-20T02:05:54.000Z","volume":500,"label":" ","price":5.83},{"type":"A","date":"2018-03-20T02:06:40.000Z","volume":2500,"label":" ","price":5.84},{"type":"B","date":"2018-03-20T02:06:40.000Z","volume":1500,"label":" ","price":5.83},{"type":"B","date":"2018-03-20T02:06:40.000Z","volume":2000,"label":" ","price":5.83},{"type":"B","date":"2018-03-20T02:06:40.000Z","volume":500,"label":" ","price":5.83},{"type":"U","date":"2018-03-20T02:09:26.000Z","volume":1000,"label":"X","price":5.832},{"type":"A","date":"2018-03-20T02:09:30.000Z","volume":2500,"label":" ","price":5.84},{"type":"A","date":"2018-03-20T02:09:33.000Z","volume":500,"label":" ","price":5.84},{"type":"B","date":"2018-03-20T02:10:53.000Z","volume":10000,"label":" ","price":5.83},{"type":"A","date":"2018-03-20T02:12:22.000Z","volume":4000,"label":" ","price":5.84},{"type":"A","date":"2018-03-20T02:13:03.000Z","volume":2500,"label":" ","price":5.84},{"type":"B","date":"2018-03-20T02:14:11.000Z","volume":1000,"label":" ","price":5.83},{"type":"U","date":"2018-03-20T02:14:26.000Z","volume":500,"label":"X","price":5.835},{"type":"A","date":"2018-03-20T02:17:16.000Z","volume":2000,"label":" ","price":5.84},{"type":"B","date":"2018-03-20T02:17:16.000Z","volume":12000,"label":" ","price":5.83},{"type":"A","date":"2018-03-20T02:17:18.000Z","volume":500,"label":" ","price":5.84},{"type":"B","date":"2018-03-20T02:18:19.000Z","volume":5000,"label":" ","price":5.83},{"type":"B","date":"2018-03-20T02:19:24.000Z","volume":6000,"label":" ","price":5.83},{"type":"U","date":"2018-03-20T02:19:26.000Z","volume":500,"label":"X","price":5.831},{"type":"B","date":"2018-03-20T02:19:27.000Z","volume":1000,"label":" ","price":5.83},{"type":"B","date":"2018-03-20T02:19:27.000Z","volume":1500,"label":" ","price":5.83},{"type":"B","date":"2018-03-20T02:19:27.000Z","volume":2000,"label":" ","price":5.83},{"type":"B","date":"2018-03-20T02:19:27.000Z","volume":500,"label":" ","price":5.83},{"type":"U","date":"2018-03-20T02:20:06.000Z","volume":500,"label":"X","price":5.83},{"type":"B","date":"2018-03-20T02:20:06.000Z","volume":500,"label":" ","price":5.83},{"type":"B","date":"2018-03-20T02:20:06.000Z","volume":2500,"label":" ","price":5.83},{"type":"B","date":"2018-03-20T02:22:38.000Z","volume":55000,"label":" ","price":5.83},{"type":"A","date":"2018-03-20T02:22:38.000Z","volume":3500,"label":" ","price":5.84},{"type":"A","date":"2018-03-20T02:23:17.000Z","volume":1000,"label":" ","price":5.84},{"type":"A","date":"2018-03-20T02:23:30.000Z","volume":500,"label":" ","price":5.84},{"type":"U","date":"2018-03-20T02:24:26.000Z","volume":500,"label":"X","price":5.831},{"type":"A","date":"2018-03-20T02:26:38.000Z","volume":2500,"label":" ","price":5.84},{"type":"A","date":"2018-03-20T02:27:55.000Z","volume":30000,"label":" ","price":5.84},{"type":"A","date":"2018-03-20T02:27:56.000Z","volume":500,"label":" ","price":5.84},{"type":"A","date":"2018-03-20T02:29:26.000Z","volume":1500,"label":" ","price":5.84},{"type":"U","date":"2018-03-20T02:29:26.000Z","volume":500,"label":"X","price":5.84},{"type":"A","date":"2018-03-20T02:30:04.000Z","volume":2500,"label":" ","price":5.84},{"type":"A","date":"2018-03-20T02:30:05.000Z","volume":500,"label":" ","price":5.84},{"type":"B","date":"2018-03-20T02:31:02.000Z","volume":2000,"label":"Y","price":5.83},{"type":"B","date":"2018-03-20T02:31:02.000Z","volume":4000,"label":" ","price":5.83},{"type":"B","date":"2018-03-20T02:31:40.000Z","volume":10000,"label":" ","price":5.83},{"type":"A","date":"2018-03-20T02:32:06.000Z","volume":500,"label":" ","price":5.84},{"type":"A","date":"2018-03-20T02:32:24.000Z","volume":2500,"label":" ","price":5.84},{"type":"A","date":"2018-03-20T02:33:20.000Z","volume":500,"label":" ","price":5.84},{"type":"A","date":"2018-03-20T02:33:50.000Z","volume":500,"label":" ","price":5.84},{"type":"A","date":"2018-03-20T02:35:34.000Z","volume":500,"label":" ","price":5.84},{"type":"A","date":"2018-03-20T02:37:18.000Z","volume":500,"label":" ","price":5.84},{"type":"A","date":"2018-03-20T02:37:20.000Z","volume":500,"label":" ","price":5.84},{"type":"A","date":"2018-03-20T02:37:20.000Z","volume":2500,"label":" ","price":5.84},{"type":"A","date":"2018-03-20T02:38:48.000Z","volume":1000,"label":" ","price":5.84},{"type":"A","date":"2018-03-20T02:38:49.000Z","volume":500,"label":" ","price":5.84},{"type":"A","date":"2018-03-20T02:39:02.000Z","volume":500,"label":" ","price":5.84},{"type":"U","date":"2018-03-20T02:39:27.000Z","volume":500,"label":"X","price":5.835},{"type":"A","date":"2018-03-20T02:39:27.000Z","volume":1000,"label":" ","price":5.84},{"type":"B","date":"2018-03-20T02:39:31.000Z","volume":500,"label":" ","price":5.83},{"type":"U","date":"2018-03-20T02:40:02.000Z","volume":500,"label":"X","price":5.84},{"type":"A","date":"2018-03-20T02:40:46.000Z","volume":500,"label":" ","price":5.84},{"type":"A","date":"2018-03-20T02:40:47.000Z","volume":6000,"label":" ","price":5.84},{"type":"A","date":"2018-03-20T02:40:47.000Z","volume":1000,"label":" ","price":5.84},{"type":"A","date":"2018-03-20T02:40:47.000Z","volume":500,"label":" ","price":5.84},{"type":"A","date":"2018-03-20T02:40:47.000Z","volume":2000,"label":" ","price":5.84},{"type":"A","date":"2018-03-20T02:40:59.000Z","volume":1000,"label":" ","price":5.84},{"type":"A","date":"2018-03-20T02:40:59.000Z","volume":1000,"label":" ","price":5.84},{"type":"A","date":"2018-03-20T02:40:59.000Z","volume":1000,"label":" ","price":5.84},{"type":"A","date":"2018-03-20T02:40:59.000Z","volume":1000,"label":" ","price":5.84},{"type":"A","date":"2018-03-20T02:40:59.000Z","volume":1000,"label":" ","price":5.84},{"type":"A","date":"2018-03-20T02:40:59.000Z","volume":1000,"label":" ","price":5.84},{"type":"A","date":"2018-03-20T02:40:59.000Z","volume":500,"label":" ","price":5.84},{"type":"U","date":"2018-03-20T02:41:27.000Z","volume":500,"label":"X","price":5.84},{"type":"A","date":"2018-03-20T02:41:35.000Z","volume":5000,"label":" ","price":5.84},{"type":"A","date":"2018-03-20T02:41:35.000Z","volume":2500,"label":"Y","price":5.85},{"type":"A","date":"2018-03-20T02:41:38.000Z","volume":1500,"label":" ","price":5.85},{"type":"A","date":"2018-03-20T02:41:39.000Z","volume":2500,"label":" ","price":5.85},{"type":"A","date":"2018-03-20T02:41:42.000Z","volume":1500,"label":" ","price":5.85},{"type":"B","date":"2018-03-20T02:42:42.000Z","volume":1500,"label":" ","price":5.84},{"type":"B","date":"2018-03-20T02:42:42.000Z","volume":500,"label":" ","price":5.84},{"type":"B","date":"2018-03-20T02:42:42.000Z","volume":2000,"label":" ","price":5.84},{"type":"B","date":"2018-03-20T02:42:59.000Z","volume":1500,"label":" ","price":5.84},{"type":"B","date":"2018-03-20T02:42:59.000Z","volume":2000,"label":" ","price":5.84},{"type":"B","date":"2018-03-20T02:42:59.000Z","volume":500,"label":" ","price":5.84},{"type":"B","date":"2018-03-20T02:43:52.000Z","volume":1500,"label":" ","price":5.84},{"type":"B","date":"2018-03-20T02:43:52.000Z","volume":500,"label":" ","price":5.84},{"type":"B","date":"2018-03-20T02:43:52.000Z","volume":2000,"label":" ","price":5.84},{"type":"B","date":"2018-03-20T02:44:17.000Z","volume":3000,"label":" ","price":5.84},{"type":"A","date":"2018-03-20T02:44:17.000Z","volume":2500,"label":" ","price":5.85},{"type":"B","date":"2018-03-20T02:44:43.000Z","volume":50000,"label":" ","price":5.84},{"type":"B","date":"2018-03-20T02:44:50.000Z","volume":1500,"label":" ","price":5.84},{"type":"B","date":"2018-03-20T02:44:50.000Z","volume":2500,"label":" ","price":5.84},{"type":"B","date":"2018-03-20T02:45:50.000Z","volume":1500,"label":" ","price":5.84},{"type":"B","date":"2018-03-20T02:45:51.000Z","volume":1500,"label":" ","price":5.84},{"type":"B","date":"2018-03-20T02:45:51.000Z","volume":500,"label":" ","price":5.84},{"type":"B","date":"2018-03-20T02:46:16.000Z","volume":500,"label":" ","price":5.84},{"type":"B","date":"2018-03-20T02:46:16.000Z","volume":1500,"label":" ","price":5.84},{"type":"B","date":"2018-03-20T02:46:16.000Z","volume":2000,"label":" ","price":5.84},{"type":"U","date":"2018-03-20T02:46:27.000Z","volume":500,"label":"X","price":5.841},{"type":"B","date":"2018-03-20T02:48:26.000Z","volume":10000,"label":" ","price":5.84},{"type":"B","date":"2018-03-20T02:48:26.000Z","volume":1500,"label":" ","price":5.84},{"type":"B","date":"2018-03-20T02:48:26.000Z","volume":500,"label":" ","price":5.84},{"type":"B","date":"2018-03-20T02:48:26.000Z","volume":2000,"label":" ","price":5.84},{"type":"B","date":"2018-03-20T02:48:56.000Z","volume":2000,"label":" ","price":5.84},{"type":"B","date":"2018-03-20T02:49:17.000Z","volume":500,"label":"Y","price":5.84},{"type":"B","date":"2018-03-20T02:49:17.000Z","volume":1500,"label":" ","price":5.84},{"type":"B","date":"2018-03-20T02:49:17.000Z","volume":2000,"label":"Y","price":5.84},{"type":"B","date":"2018-03-20T02:49:17.000Z","volume":8000,"label":" ","price":5.84},{"type":"A","date":"2018-03-20T02:50:09.000Z","volume":3000,"label":" ","price":5.84},{"type":"U","date":"2018-03-20T02:51:27.000Z","volume":500,"label":"X","price":5.84},{"type":"B","date":"2018-03-20T02:55:39.000Z","volume":20000,"label":" ","price":5.83},{"type":"A","date":"2018-03-20T02:57:06.000Z","volume":2500,"label":" ","price":5.84},{"type":"B","date":"2018-03-20T02:57:33.000Z","volume":1500,"label":" ","price":5.83},{"type":"U","date":"2018-03-20T02:57:46.000Z","volume":1500,"label":"X","price":5.83},{"type":"B","date":"2018-03-20T02:58:09.000Z","volume":30000,"label":" ","price":5.83},{"type":"B","date":"2018-03-20T02:58:58.000Z","volume":2000,"label":" ","price":5.83},{"type":"B","date":"2018-03-20T02:59:09.000Z","volume":20000,"label":" ","price":5.83},{"type":"A","date":"2018-03-20T03:00:52.000Z","volume":2500,"label":" ","price":5.84},{"type":"U","date":"2018-03-20T03:01:27.000Z","volume":500,"label":"X","price":5.831},{"type":"A","date":"2018-03-20T03:04:16.000Z","volume":10000,"label":" ","price":5.84},{"type":"A","date":"2018-03-20T03:04:31.000Z","volume":1000,"label":"Y","price":5.84},{"type":"A","date":"2018-03-20T03:04:31.000Z","volume":9000,"label":" ","price":5.84},{"type":"A","date":"2018-03-20T03:04:31.000Z","volume":1500,"label":" ","price":5.84},{"type":"A","date":"2018-03-20T03:05:00.000Z","volume":500,"label":" ","price":5.85},{"type":"A","date":"2018-03-20T03:05:05.000Z","volume":2500,"label":" ","price":5.85},{"type":"U","date":"2018-03-20T03:05:27.000Z","volume":500,"label":"X","price":5.841},{"type":"A","date":"2018-03-20T03:06:24.000Z","volume":4000,"label":" ","price":5.85},{"type":"A","date":"2018-03-20T03:06:44.000Z","volume":500,"label":" ","price":5.85},{"type":"A","date":"2018-03-20T03:08:11.000Z","volume":1000,"label":" ","price":5.85},{"type":"A","date":"2018-03-20T03:08:28.000Z","volume":500,"label":" ","price":5.85},{"type":"A","date":"2018-03-20T03:09:36.000Z","volume":2500,"label":" ","price":5.85},{"type":"B","date":"2018-03-20T03:10:05.000Z","volume":500,"label":" ","price":5.84},{"type":"A","date":"2018-03-20T03:10:12.000Z","volume":500,"label":" ","price":5.85},{"type":"A","date":"2018-03-20T03:11:11.000Z","volume":500,"label":" ","price":5.85},{"type":"A","date":"2018-03-20T03:11:26.000Z","volume":3000,"label":" ","price":5.85},{"type":"A","date":"2018-03-20T03:11:54.000Z","volume":500,"label":" ","price":5.85},{"type":"B","date":"2018-03-20T03:12:14.000Z","volume":2000,"label":" ","price":5.84},{"type":"A","date":"2018-03-20T03:12:59.000Z","volume":1000,"label":" ","price":5.85},{"type":"A","date":"2018-03-20T03:13:17.000Z","volume":500,"label":" ","price":5.85},{"type":"A","date":"2018-03-20T03:13:35.000Z","volume":500,"label":" ","price":5.85},{"type":"A","date":"2018-03-20T03:14:59.000Z","volume":1000,"label":" ","price":5.85},{"type":"A","date":"2018-03-20T03:15:16.000Z","volume":500,"label":" ","price":5.85},{"type":"U","date":"2018-03-20T03:15:27.000Z","volume":500,"label":"X","price":5.849},{"type":"U","date":"2018-03-20T03:15:27.000Z","volume":500,"label":"X","price":5.849},{"type":"A","date":"2018-03-20T03:16:44.000Z","volume":1000,"label":" ","price":5.85},{"type":"A","date":"2018-03-20T03:16:58.000Z","volume":500,"label":" ","price":5.85},{"type":"A","date":"2018-03-20T03:17:24.000Z","volume":1000,"label":" ","price":5.85},{"type":"A","date":"2018-03-20T03:17:24.000Z","volume":2500,"label":" ","price":5.85},{"type":"A","date":"2018-03-20T03:18:05.000Z","volume":1000,"label":" ","price":5.85},{"type":"A","date":"2018-03-20T03:18:29.000Z","volume":1000,"label":" ","price":5.85},{"type":"B","date":"2018-03-20T03:18:38.000Z","volume":1500,"label":" ","price":5.84},{"type":"A","date":"2018-03-20T03:18:40.000Z","volume":500,"label":" ","price":5.85},{"type":"A","date":"2018-03-20T03:20:21.000Z","volume":500,"label":" ","price":5.85},{"type":"A","date":"2018-03-20T03:21:07.000Z","volume":1500,"label":" ","price":5.85},{"type":"A","date":"2018-03-20T03:21:22.000Z","volume":2500,"label":" ","price":5.85},{"type":"A","date":"2018-03-20T03:21:44.000Z","volume":1000,"label":" ","price":5.85},{"type":"A","date":"2018-03-20T03:22:02.000Z","volume":500,"label":" ","price":5.85},{"type":"A","date":"2018-03-20T03:23:19.000Z","volume":1000,"label":" ","price":5.85},{"type":"A","date":"2018-03-20T03:23:34.000Z","volume":1000,"label":" ","price":5.85},{"type":"A","date":"2018-03-20T03:23:42.000Z","volume":500,"label":" ","price":5.85},{"type":"A","date":"2018-03-20T03:24:06.000Z","volume":1000,"label":" ","price":5.85},{"type":"A","date":"2018-03-20T03:25:24.000Z","volume":500,"label":" ","price":5.85},{"type":"U","date":"2018-03-20T03:25:27.000Z","volume":500,"label":"X","price":5.849},{"type":"A","date":"2018-03-20T03:25:34.000Z","volume":4000,"label":" ","price":5.85},{"type":"A","date":"2018-03-20T03:25:44.000Z","volume":1000,"label":" ","price":5.85},{"type":"A","date":"2018-03-20T03:26:25.000Z","volume":1000,"label":" ","price":5.85},{"type":"B","date":"2018-03-20T03:26:40.000Z","volume":2000,"label":" ","price":5.84},{"type":"U","date":"2018-03-20T03:27:27.000Z","volume":500,"label":"X","price":5.848},{"type":"B","date":"2018-03-20T03:29:45.000Z","volume":500,"label":"Y","price":5.84},{"type":"B","date":"2018-03-20T03:29:45.000Z","volume":59500,"label":" ","price":5.84},{"type":"A","date":"2018-03-20T03:33:00.000Z","volume":10000,"label":" ","price":5.85},{"type":"A","date":"2018-03-20T03:33:00.000Z","volume":3000,"label":" ","price":5.85},{"type":"A","date":"2018-03-20T03:33:03.000Z","volume":1000,"label":" ","price":5.85},{"type":"U","date":"2018-03-20T03:37:27.000Z","volume":500,"label":"X","price":5.842},{"type":"A","date":"2018-03-20T03:39:14.000Z","volume":1000,"label":" ","price":5.85},{"type":"A","date":"2018-03-20T03:40:42.000Z","volume":500,"label":" ","price":5.85},{"type":"A","date":"2018-03-20T03:41:14.000Z","volume":1000,"label":" ","price":5.85},{"type":"A","date":"2018-03-20T03:42:24.000Z","volume":500,"label":" ","price":5.85},{"type":"U","date":"2018-03-20T03:42:27.000Z","volume":500,"label":"X","price":5.85},{"type":"B","date":"2018-03-20T03:42:41.000Z","volume":1000,"label":"Y","price":5.84},{"type":"A","date":"2018-03-20T03:43:44.000Z","volume":1000,"label":" ","price":5.85},{"type":"A","date":"2018-03-20T03:43:44.000Z","volume":1000,"label":" ","price":5.85},{"type":"A","date":"2018-03-20T03:43:45.000Z","volume":500,"label":" ","price":5.85},{"type":"A","date":"2018-03-20T03:44:06.000Z","volume":500,"label":" ","price":5.85},{"type":"A","date":"2018-03-20T03:44:06.000Z","volume":1000,"label":" ","price":5.85},{"type":"A","date":"2018-03-20T03:44:40.000Z","volume":20000,"label":" ","price":5.85},{"type":"A","date":"2018-03-20T03:44:40.000Z","volume":2500,"label":" ","price":5.85},{"type":"A","date":"2018-03-20T03:44:40.000Z","volume":1000,"label":" ","price":5.85},{"type":"A","date":"2018-03-20T03:44:40.000Z","volume":4000,"label":" ","price":5.85},{"type":"A","date":"2018-03-20T03:44:43.000Z","volume":3500,"label":" ","price":5.85},{"type":"A","date":"2018-03-20T03:44:43.000Z","volume":500,"label":" ","price":5.85},{"type":"A","date":"2018-03-20T03:45:06.000Z","volume":500,"label":" ","price":5.85},{"type":"A","date":"2018-03-20T03:45:48.000Z","volume":500,"label":" ","price":5.85},{"type":"A","date":"2018-03-20T03:46:59.000Z","volume":1000,"label":" ","price":5.85},{"type":"A","date":"2018-03-20T03:47:03.000Z","volume":1000,"label":" ","price":5.85},{"type":"A","date":"2018-03-20T03:47:30.000Z","volume":500,"label":" ","price":5.85},{"type":"A","date":"2018-03-20T03:48:44.000Z","volume":1000,"label":" ","price":5.85},{"type":"A","date":"2018-03-20T03:49:12.000Z","volume":500,"label":" ","price":5.85},{"type":"A","date":"2018-03-20T03:50:44.000Z","volume":500,"label":" ","price":5.85},{"type":"A","date":"2018-03-20T03:50:54.000Z","volume":500,"label":" ","price":5.85},{"type":"A","date":"2018-03-20T03:51:59.000Z","volume":1000,"label":" ","price":5.85},{"type":"A","date":"2018-03-20T03:52:00.000Z","volume":500,"label":" ","price":5.85},{"type":"U","date":"2018-03-20T03:52:27.000Z","volume":500,"label":"X","price":5.85},{"type":"A","date":"2018-03-20T03:52:36.000Z","volume":500,"label":" ","price":5.85},{"type":"A","date":"2018-03-20T03:53:46.000Z","volume":10000,"label":" ","price":5.85},{"type":"A","date":"2018-03-20T03:53:47.000Z","volume":2500,"label":" ","price":5.85},{"type":"A","date":"2018-03-20T03:54:18.000Z","volume":500,"label":" ","price":5.85},{"type":"A","date":"2018-03-20T03:55:14.000Z","volume":500,"label":" ","price":5.85},{"type":"A","date":"2018-03-20T03:56:00.000Z","volume":500,"label":" ","price":5.85},{"type":"A","date":"2018-03-20T03:56:03.000Z","volume":500,"label":" ","price":5.85},{"type":"B","date":"2018-03-20T03:56:44.000Z","volume":2500,"label":"Y","price":5.84},{"type":"B","date":"2018-03-20T03:56:44.000Z","volume":2500,"label":" ","price":5.84},{"type":"A","date":"2018-03-20T03:56:44.000Z","volume":1000,"label":" ","price":5.85},{"type":"U","date":"2018-03-20T03:57:27.000Z","volume":500,"label":"X","price":5.848},{"type":"A","date":"2018-03-20T03:57:42.000Z","volume":500,"label":" ","price":5.85},{"type":"B","date":"2018-03-20T03:58:41.000Z","volume":500,"label":" ","price":5.84},{"type":"B","date":"2018-03-20T03:58:55.000Z","volume":500,"label":" ","price":5.84},{"type":"B","date":"2018-03-20T03:59:09.000Z","volume":500,"label":" ","price":5.84},{"type":"B","date":"2018-03-20T03:59:23.000Z","volume":500,"label":" ","price":5.84},{"type":"A","date":"2018-03-20T03:59:23.000Z","volume":500,"label":" ","price":5.85},{"type":"B","date":"2018-03-20T03:59:37.000Z","volume":500,"label":" ","price":5.84},{"type":"B","date":"2018-03-20T03:59:50.000Z","volume":500,"label":" ","price":5.84},{"type":"A","date":"2018-03-20T05:00:07.000Z","volume":3500,"label":" ","price":5.85},{"type":"A","date":"2018-03-20T05:00:18.000Z","volume":2000,"label":" ","price":5.85},{"type":"A","date":"2018-03-20T05:00:24.000Z","volume":1500,"label":" ","price":5.85},{"type":"A","date":"2018-03-20T05:00:38.000Z","volume":500,"label":" ","price":5.85},{"type":"A","date":"2018-03-20T05:01:10.000Z","volume":3500,"label":" ","price":5.85},{"type":"A","date":"2018-03-20T05:01:10.000Z","volume":500,"label":" ","price":5.85},{"type":"A","date":"2018-03-20T05:01:10.000Z","volume":1000,"label":" ","price":5.85},{"type":"A","date":"2018-03-20T05:01:10.000Z","volume":1500,"label":" ","price":5.85},{"type":"A","date":"2018-03-20T05:01:10.000Z","volume":500,"label":" ","price":5.85},{"type":"A","date":"2018-03-20T05:01:10.000Z","volume":1000,"label":"Y","price":5.85},{"type":"A","date":"2018-03-20T05:01:10.000Z","volume":2500,"label":" ","price":5.85},{"type":"A","date":"2018-03-20T05:01:10.000Z","volume":2500,"label":" ","price":5.85},{"type":"A","date":"2018-03-20T05:01:10.000Z","volume":500,"label":" ","price":5.85},{"type":"A","date":"2018-03-20T05:01:55.000Z","volume":14000,"label":" ","price":5.85},{"type":"A","date":"2018-03-20T05:01:57.000Z","volume":1000,"label":" ","price":5.85},{"type":"A","date":"2018-03-20T05:02:00.000Z","volume":500,"label":" ","price":5.85},{"type":"A","date":"2018-03-20T05:04:26.000Z","volume":10000,"label":" ","price":5.85},{"type":"A","date":"2018-03-20T05:04:26.000Z","volume":3000,"label":" ","price":5.85},{"type":"A","date":"2018-03-20T05:05:00.000Z","volume":10000,"label":" ","price":5.85},{"type":"A","date":"2018-03-20T05:05:00.000Z","volume":500,"label":" ","price":5.85},{"type":"A","date":"2018-03-20T05:05:00.000Z","volume":1000,"label":" ","price":5.85},{"type":"A","date":"2018-03-20T05:05:06.000Z","volume":2500,"label":" ","price":5.85},{"type":"A","date":"2018-03-20T05:05:08.000Z","volume":500,"label":" ","price":5.85},{"type":"A","date":"2018-03-20T05:05:20.000Z","volume":500,"label":" ","price":5.85},{"type":"A","date":"2018-03-20T05:06:03.000Z","volume":500,"label":" ","price":5.85},{"type":"A","date":"2018-03-20T05:06:08.000Z","volume":500,"label":" ","price":5.85},{"type":"A","date":"2018-03-20T05:06:30.000Z","volume":500,"label":" ","price":5.85},{"type":"A","date":"2018-03-20T05:07:02.000Z","volume":500,"label":" ","price":5.85},{"type":"A","date":"2018-03-20T05:07:49.000Z","volume":500,"label":" ","price":5.85},{"type":"A","date":"2018-03-20T05:07:54.000Z","volume":500,"label":" ","price":5.85},{"type":"A","date":"2018-03-20T05:09:30.000Z","volume":500,"label":" ","price":5.85},{"type":"A","date":"2018-03-20T05:09:48.000Z","volume":1000,"label":" ","price":5.85},{"type":"B","date":"2018-03-20T05:10:03.000Z","volume":10000,"label":" ","price":5.84},{"type":"U","date":"2018-03-20T05:10:07.000Z","volume":1000,"label":"X","price":5.849},{"type":"A","date":"2018-03-20T05:12:19.000Z","volume":1000,"label":" ","price":5.85},{"type":"A","date":"2018-03-20T05:12:19.000Z","volume":2500,"label":" ","price":5.85},{"type":"A","date":"2018-03-20T05:12:54.000Z","volume":500,"label":" ","price":5.85},{"type":"B","date":"2018-03-20T05:13:48.000Z","volume":80000,"label":" ","price":5.84},{"type":"B","date":"2018-03-20T05:13:48.000Z","volume":8000,"label":" ","price":5.84},{"type":"B","date":"2018-03-20T05:14:42.000Z","volume":15000,"label":" ","price":5.83},{"type":"B","date":"2018-03-20T05:14:42.000Z","volume":500,"label":" ","price":5.83},{"type":"U","date":"2018-03-20T05:20:07.000Z","volume":500,"label":"X","price":5.839},{"type":"A","date":"2018-03-20T05:26:30.000Z","volume":500,"label":" ","price":5.83},{"type":"U","date":"2018-03-20T05:27:07.000Z","volume":500,"label":"X","price":5.83},{"type":"A","date":"2018-03-20T05:28:12.000Z","volume":500,"label":" ","price":5.83},{"type":"U","date":"2018-03-20T05:28:14.000Z","volume":500,"label":"X","price":5.82},{"type":"B","date":"2018-03-20T05:28:14.000Z","volume":500,"label":" ","price":5.82},{"type":"A","date":"2018-03-20T05:29:22.000Z","volume":1000,"label":" ","price":5.83},{"type":"A","date":"2018-03-20T05:29:36.000Z","volume":500,"label":" ","price":5.83},{"type":"A","date":"2018-03-20T05:29:36.000Z","volume":500,"label":" ","price":5.83},{"type":"B","date":"2018-03-20T05:29:53.000Z","volume":500,"label":" ","price":5.82},{"type":"A","date":"2018-03-20T05:30:06.000Z","volume":2500,"label":" ","price":5.83},{"type":"A","date":"2018-03-20T05:31:24.000Z","volume":2000,"label":" ","price":5.83},{"type":"A","date":"2018-03-20T05:31:34.000Z","volume":500,"label":" ","price":5.83},{"type":"U","date":"2018-03-20T05:32:07.000Z","volume":500,"label":"X","price":5.829},{"type":"A","date":"2018-03-20T05:33:07.000Z","volume":1000,"label":" ","price":5.83},{"type":"A","date":"2018-03-20T05:33:16.000Z","volume":500,"label":" ","price":5.83},{"type":"A","date":"2018-03-20T05:33:39.000Z","volume":1500,"label":" ","price":5.83},{"type":"A","date":"2018-03-20T05:34:58.000Z","volume":500,"label":" ","price":5.83},{"type":"A","date":"2018-03-20T05:35:38.000Z","volume":1000,"label":" ","price":5.83},{"type":"A","date":"2018-03-20T05:36:02.000Z","volume":1000,"label":"Y","price":5.83},{"type":"A","date":"2018-03-20T05:36:02.000Z","volume":1000,"label":"Y","price":5.83},{"type":"A","date":"2018-03-20T05:36:02.000Z","volume":1000,"label":"Y","price":5.83},{"type":"A","date":"2018-03-20T05:36:40.000Z","volume":500,"label":" ","price":5.83},{"type":"A","date":"2018-03-20T05:36:40.000Z","volume":500,"label":" ","price":5.83},{"type":"U","date":"2018-03-20T05:37:07.000Z","volume":500,"label":"X","price":5.83},{"type":"A","date":"2018-03-20T05:37:32.000Z","volume":1500,"label":" ","price":5.83},{"type":"A","date":"2018-03-20T05:38:07.000Z","volume":1000,"label":" ","price":5.83},{"type":"A","date":"2018-03-20T05:38:22.000Z","volume":500,"label":" ","price":5.83},{"type":"A","date":"2018-03-20T05:38:30.000Z","volume":1000,"label":" ","price":5.83},{"type":"B","date":"2018-03-20T05:39:45.000Z","volume":1000,"label":" ","price":5.82},{"type":"A","date":"2018-03-20T05:39:46.000Z","volume":10000,"label":" ","price":5.83},{"type":"A","date":"2018-03-20T05:39:46.000Z","volume":1000,"label":" ","price":5.83},{"type":"A","date":"2018-03-20T05:40:03.000Z","volume":500,"label":" ","price":5.83},{"type":"A","date":"2018-03-20T05:41:28.000Z","volume":2500,"label":" ","price":5.83},{"type":"A","date":"2018-03-20T05:41:30.000Z","volume":500,"label":" ","price":5.83},{"type":"A","date":"2018-03-20T05:41:44.000Z","volume":500,"label":" ","price":5.83},{"type":"A","date":"2018-03-20T05:42:25.000Z","volume":500,"label":" ","price":5.83},{"type":"A","date":"2018-03-20T05:43:15.000Z","volume":1000,"label":" ","price":5.83},{"type":"A","date":"2018-03-20T05:43:26.000Z","volume":500,"label":" ","price":5.83},{"type":"A","date":"2018-03-20T05:43:26.000Z","volume":1000,"label":" ","price":5.83},{"type":"A","date":"2018-03-20T05:44:32.000Z","volume":1500,"label":" ","price":5.83},{"type":"A","date":"2018-03-20T05:44:40.000Z","volume":1000,"label":" ","price":5.83},{"type":"A","date":"2018-03-20T05:45:08.000Z","volume":500,"label":" ","price":5.83},{"type":"A","date":"2018-03-20T05:46:02.000Z","volume":1000,"label":" ","price":5.83},{"type":"A","date":"2018-03-20T05:46:02.000Z","volume":1000,"label":" ","price":5.83},{"type":"A","date":"2018-03-20T05:46:49.000Z","volume":1500,"label":" ","price":5.83},{"type":"A","date":"2018-03-20T05:46:49.000Z","volume":500,"label":" ","price":5.83},{"type":"A","date":"2018-03-20T05:46:49.000Z","volume":500,"label":" ","price":5.83},{"type":"U","date":"2018-03-20T05:47:07.000Z","volume":500,"label":"X","price":5.83},{"type":"A","date":"2018-03-20T05:48:09.000Z","volume":500,"label":" ","price":5.83},{"type":"A","date":"2018-03-20T05:48:30.000Z","volume":500,"label":" ","price":5.83},{"type":"A","date":"2018-03-20T05:48:56.000Z","volume":500,"label":" ","price":5.83},{"type":"A","date":"2018-03-20T05:49:09.000Z","volume":1500,"label":" ","price":5.83},{"type":"A","date":"2018-03-20T05:50:12.000Z","volume":500,"label":" ","price":5.83},{"type":"A","date":"2018-03-20T05:50:18.000Z","volume":1000,"label":" ","price":5.83},{"type":"A","date":"2018-03-20T05:50:18.000Z","volume":1000,"label":" ","price":5.83},{"type":"A","date":"2018-03-20T05:50:23.000Z","volume":500,"label":" ","price":5.83},{"type":"A","date":"2018-03-20T05:50:40.000Z","volume":2000,"label":" ","price":5.83},{"type":"A","date":"2018-03-20T05:51:33.000Z","volume":4000,"label":" ","price":5.83},{"type":"A","date":"2018-03-20T05:51:38.000Z","volume":1000,"label":" ","price":5.83},{"type":"A","date":"2018-03-20T05:51:54.000Z","volume":500,"label":" ","price":5.83},{"type":"A","date":"2018-03-20T05:52:27.000Z","volume":2000,"label":" ","price":5.83},{"type":"A","date":"2018-03-20T05:52:39.000Z","volume":1000,"label":" ","price":5.83},{"type":"A","date":"2018-03-20T05:53:02.000Z","volume":1000,"label":" ","price":5.83},{"type":"A","date":"2018-03-20T05:53:02.000Z","volume":1000,"label":" ","price":5.83},{"type":"A","date":"2018-03-20T05:53:36.000Z","volume":500,"label":" ","price":5.83},{"type":"A","date":"2018-03-20T05:54:00.000Z","volume":1000,"label":" ","price":5.83},{"type":"A","date":"2018-03-20T05:54:40.000Z","volume":6000,"label":" ","price":5.83},{"type":"A","date":"2018-03-20T05:54:43.000Z","volume":500,"label":" ","price":5.83},{"type":"A","date":"2018-03-20T05:55:18.000Z","volume":500,"label":" ","price":5.83},{"type":"A","date":"2018-03-20T05:55:21.000Z","volume":1000,"label":" ","price":5.83},{"type":"A","date":"2018-03-20T05:56:30.000Z","volume":5000,"label":" ","price":5.83},{"type":"A","date":"2018-03-20T05:57:00.000Z","volume":500,"label":" ","price":5.83},{"type":"A","date":"2018-03-20T05:57:00.000Z","volume":1000,"label":" ","price":5.83},{"type":"U","date":"2018-03-20T05:57:07.000Z","volume":1000,"label":"X","price":5.83},{"type":"A","date":"2018-03-20T05:57:22.000Z","volume":2500,"label":" ","price":5.83},{"type":"A","date":"2018-03-20T05:58:41.000Z","volume":500,"label":" ","price":5.83},{"type":"A","date":"2018-03-20T05:59:09.000Z","volume":500,"label":" ","price":5.83},{"type":"A","date":"2018-03-20T05:59:11.000Z","volume":1000,"label":" ","price":5.83},{"type":"A","date":"2018-03-20T06:00:05.000Z","volume":500,"label":" ","price":5.83},{"type":"A","date":"2018-03-20T06:00:17.000Z","volume":1500,"label":" ","price":5.83},{"type":"A","date":"2018-03-20T06:00:17.000Z","volume":1000,"label":" ","price":5.83},{"type":"A","date":"2018-03-20T06:00:22.000Z","volume":500,"label":" ","price":5.83},{"type":"A","date":"2018-03-20T06:00:50.000Z","volume":500,"label":" ","price":5.83},{"type":"A","date":"2018-03-20T06:00:52.000Z","volume":500,"label":" ","price":5.83},{"type":"A","date":"2018-03-20T06:02:04.000Z","volume":500,"label":" ","price":5.83},{"type":"U","date":"2018-03-20T06:02:07.000Z","volume":500,"label":"X","price":5.83},{"type":"A","date":"2018-03-20T06:02:22.000Z","volume":1000,"label":" ","price":5.83},{"type":"A","date":"2018-03-20T06:02:22.000Z","volume":1000,"label":" ","price":5.83},{"type":"A","date":"2018-03-20T06:03:46.000Z","volume":500,"label":" ","price":5.83},{"type":"A","date":"2018-03-20T06:05:00.000Z","volume":500,"label":" ","price":5.83},{"type":"A","date":"2018-03-20T06:05:13.000Z","volume":500,"label":" ","price":5.83},{"type":"A","date":"2018-03-20T06:05:28.000Z","volume":500,"label":" ","price":5.83},{"type":"A","date":"2018-03-20T06:07:10.000Z","volume":500,"label":" ","price":5.83},{"type":"A","date":"2018-03-20T06:07:17.000Z","volume":18500,"label":" ","price":5.83},{"type":"A","date":"2018-03-20T06:07:17.000Z","volume":3000,"label":" ","price":5.83},{"type":"A","date":"2018-03-20T06:07:17.000Z","volume":4500,"label":" ","price":5.83},{"type":"A","date":"2018-03-20T06:07:17.000Z","volume":1000,"label":" ","price":5.83},{"type":"A","date":"2018-03-20T06:07:17.000Z","volume":1000,"label":" ","price":5.83},{"type":"A","date":"2018-03-20T06:07:17.000Z","volume":1000,"label":" ","price":5.83},{"type":"A","date":"2018-03-20T06:07:17.000Z","volume":1000,"label":" ","price":5.83},{"type":"A","date":"2018-03-20T06:07:17.000Z","volume":1000,"label":" ","price":5.83},{"type":"A","date":"2018-03-20T06:07:17.000Z","volume":500,"label":" ","price":5.83},{"type":"A","date":"2018-03-20T06:07:17.000Z","volume":500,"label":" ","price":5.83},{"type":"A","date":"2018-03-20T06:07:24.000Z","volume":500,"label":" ","price":5.83},{"type":"A","date":"2018-03-20T06:07:52.000Z","volume":1000,"label":" ","price":5.83},{"type":"A","date":"2018-03-20T06:07:52.000Z","volume":1000,"label":" ","price":5.83},{"type":"A","date":"2018-03-20T06:07:56.000Z","volume":500,"label":" ","price":5.83},{"type":"A","date":"2018-03-20T06:07:58.000Z","volume":5500,"label":" ","price":5.83},{"type":"A","date":"2018-03-20T06:08:14.000Z","volume":5500,"label":" ","price":5.83},{"type":"A","date":"2018-03-20T06:08:14.000Z","volume":2000,"label":" ","price":5.83},{"type":"A","date":"2018-03-20T06:08:14.000Z","volume":1000,"label":" ","price":5.83},{"type":"A","date":"2018-03-20T06:08:52.000Z","volume":500,"label":" ","price":5.83},{"type":"A","date":"2018-03-20T06:08:52.000Z","volume":500,"label":" ","price":5.83},{"type":"A","date":"2018-03-20T06:08:53.000Z","volume":1500,"label":" ","price":5.83},{"type":"A","date":"2018-03-20T06:09:11.000Z","volume":500,"label":" ","price":5.83},{"type":"A","date":"2018-03-20T06:09:11.000Z","volume":2500,"label":" ","price":5.83},{"type":"A","date":"2018-03-20T06:09:14.000Z","volume":1000,"label":"Y","price":5.83},{"type":"A","date":"2018-03-20T06:09:32.000Z","volume":6000,"label":" ","price":5.83},{"type":"A","date":"2018-03-20T06:09:32.000Z","volume":1500,"label":" ","price":5.83},{"type":"A","date":"2018-03-20T06:09:32.000Z","volume":11000,"label":" ","price":5.83},{"type":"A","date":"2018-03-20T06:09:49.000Z","volume":3500,"label":" ","price":5.84},{"type":"A","date":"2018-03-20T06:10:00.000Z","volume":500,"label":" ","price":5.84},{"type":"A","date":"2018-03-20T06:10:04.000Z","volume":500,"label":" ","price":5.84},{"type":"A","date":"2018-03-20T06:10:34.000Z","volume":500,"label":" ","price":5.84},{"type":"B","date":"2018-03-20T06:11:46.000Z","volume":25000,"label":" ","price":5.83},{"type":"U","date":"2018-03-20T06:12:07.000Z","volume":500,"label":"X","price":5.83},{"type":"B","date":"2018-03-20T06:12:08.000Z","volume":2000,"label":" ","price":5.83},{"type":"B","date":"2018-03-20T06:12:08.000Z","volume":1000,"label":" ","price":5.83},{"type":"B","date":"2018-03-20T06:12:26.000Z","volume":1500,"label":" ","price":5.83},{"type":"B","date":"2018-03-20T06:12:26.000Z","volume":2000,"label":" ","price":5.83},{"type":"B","date":"2018-03-20T06:13:43.000Z","volume":32500,"label":" ","price":5.83},{"type":"A","date":"2018-03-20T06:13:43.000Z","volume":500,"label":" ","price":5.83},{"type":"A","date":"2018-03-20T06:17:50.000Z","volume":500,"label":" ","price":5.83},{"type":"A","date":"2018-03-20T06:19:15.000Z","volume":4000,"label":" ","price":5.83},{"type":"A","date":"2018-03-20T06:20:05.000Z","volume":52000,"label":" ","price":5.83},{"type":"U","date":"2018-03-20T06:22:07.000Z","volume":1000,"label":"X","price":5.83},{"type":"B","date":"2018-03-20T06:22:21.000Z","volume":4000,"label":" ","price":5.83},{"type":"B","date":"2018-03-20T06:23:17.000Z","volume":5000,"label":" ","price":5.83},{"type":"B","date":"2018-03-20T06:23:45.000Z","volume":5000,"label":" ","price":5.83},{"type":"B","date":"2018-03-20T06:24:01.000Z","volume":5000,"label":" ","price":5.83},{"type":"B","date":"2018-03-20T06:24:34.000Z","volume":10000,"label":" ","price":5.83},{"type":"B","date":"2018-03-20T06:24:50.000Z","volume":500,"label":" ","price":5.83},{"type":"B","date":"2018-03-20T06:24:55.000Z","volume":500,"label":" ","price":5.83},{"type":"B","date":"2018-03-20T06:25:02.000Z","volume":500,"label":" ","price":5.83},{"type":"B","date":"2018-03-20T06:25:09.000Z","volume":500,"label":" ","price":5.83},{"type":"U","date":"2018-03-20T06:27:07.000Z","volume":500,"label":"X","price":5.83},{"type":"B","date":"2018-03-20T06:29:17.000Z","volume":16000,"label":" ","price":5.83},{"type":"B","date":"2018-03-20T06:31:14.000Z","volume":8000,"label":" ","price":5.83},{"type":"U","date":"2018-03-20T06:32:07.000Z","volume":500,"label":"X","price":5.83},{"type":"A","date":"2018-03-20T06:32:19.000Z","volume":1500,"label":" ","price":5.84},{"type":"A","date":"2018-03-20T06:33:19.000Z","volume":1000,"label":" ","price":5.84},{"type":"A","date":"2018-03-20T06:34:15.000Z","volume":500,"label":" ","price":5.84},{"type":"A","date":"2018-03-20T06:34:21.000Z","volume":1500,"label":" ","price":5.84},{"type":"A","date":"2018-03-20T06:34:32.000Z","volume":1000,"label":" ","price":5.84},{"type":"A","date":"2018-03-20T06:34:32.000Z","volume":1000,"label":" ","price":5.84},{"type":"A","date":"2018-03-20T06:34:32.000Z","volume":1000,"label":" ","price":5.84},{"type":"A","date":"2018-03-20T06:35:22.000Z","volume":7000,"label":" ","price":5.84},{"type":"A","date":"2018-03-20T06:35:28.000Z","volume":500,"label":" ","price":5.84},{"type":"A","date":"2018-03-20T06:35:30.000Z","volume":1000,"label":" ","price":5.84},{"type":"A","date":"2018-03-20T06:37:36.000Z","volume":1500,"label":" ","price":5.84},{"type":"B","date":"2018-03-20T06:38:23.000Z","volume":500,"label":" ","price":5.83},{"type":"A","date":"2018-03-20T06:39:24.000Z","volume":500,"label":" ","price":5.84},{"type":"A","date":"2018-03-20T06:39:40.000Z","volume":1500,"label":" ","price":5.84},{"type":"B","date":"2018-03-20T06:39:55.000Z","volume":10000,"label":" ","price":5.83},{"type":"U","date":"2018-03-20T06:42:07.000Z","volume":500,"label":"X","price":5.837},{"type":"A","date":"2018-03-20T06:42:36.000Z","volume":1500,"label":" ","price":5.84},{"type":"A","date":"2018-03-20T06:42:47.000Z","volume":500,"label":" ","price":5.84},{"type":"A","date":"2018-03-20T06:44:07.000Z","volume":1000,"label":" ","price":5.84},{"type":"U","date":"2018-03-20T06:44:07.000Z","volume":500,"label":"X","price":5.84},{"type":"A","date":"2018-03-20T06:44:28.000Z","volume":500,"label":" ","price":5.84},{"type":"A","date":"2018-03-20T06:46:10.000Z","volume":500,"label":" ","price":5.84},{"type":"A","date":"2018-03-20T06:46:54.000Z","volume":500,"label":"Y","price":5.84},{"type":"A","date":"2018-03-20T06:46:54.000Z","volume":4500,"label":" ","price":5.84},{"type":"A","date":"2018-03-20T06:47:52.000Z","volume":500,"label":" ","price":5.84},{"type":"B","date":"2018-03-20T06:49:05.000Z","volume":16000,"label":" ","price":5.83},{"type":"U","date":"2018-03-20T06:49:07.000Z","volume":500,"label":"X","price":5.833},{"type":"U","date":"2018-03-20T06:49:07.000Z","volume":500,"label":"X","price":5.833},{"type":"B","date":"2018-03-20T06:51:26.000Z","volume":1500,"label":" ","price":5.83},{"type":"B","date":"2018-03-20T06:51:26.000Z","volume":1500,"label":" ","price":5.83},{"type":"A","date":"2018-03-20T06:52:20.000Z","volume":1000,"label":" ","price":5.84},{"type":"A","date":"2018-03-20T06:53:04.000Z","volume":500,"label":" ","price":5.84},{"type":"A","date":"2018-03-20T06:53:47.000Z","volume":1000,"label":" ","price":5.84},{"type":"A","date":"2018-03-20T06:53:47.000Z","volume":1000,"label":" ","price":5.84},{"type":"A","date":"2018-03-20T06:53:57.000Z","volume":1000,"label":" ","price":5.84},{"type":"U","date":"2018-03-20T06:54:07.000Z","volume":500,"label":"X","price":5.836},{"type":"A","date":"2018-03-20T06:54:13.000Z","volume":1000,"label":" ","price":5.84},{"type":"A","date":"2018-03-20T06:54:38.000Z","volume":500,"label":" ","price":5.84},{"type":"A","date":"2018-03-20T06:55:25.000Z","volume":500,"label":" ","price":5.84},{"type":"A","date":"2018-03-20T06:56:20.000Z","volume":500,"label":" ","price":5.84},{"type":"A","date":"2018-03-20T06:56:21.000Z","volume":1500,"label":" ","price":5.84},{"type":"A","date":"2018-03-20T06:57:21.000Z","volume":1000,"label":" ","price":5.84},{"type":"B","date":"2018-03-20T06:57:43.000Z","volume":5000,"label":" ","price":5.83},{"type":"A","date":"2018-03-20T06:58:02.000Z","volume":500,"label":" ","price":5.84},{"type":"B","date":"2018-03-20T06:58:50.000Z","volume":3000,"label":" ","price":5.83},{"type":"A","date":"2018-03-20T06:59:17.000Z","volume":1000,"label":" ","price":5.84},{"type":"A","date":"2018-03-20T06:59:17.000Z","volume":1000,"label":" ","price":5.84},{"type":"A","date":"2018-03-20T06:59:34.000Z","volume":1500,"label":" ","price":5.84},{"type":"B","date":"2018-03-20T06:59:44.000Z","volume":2000,"label":" ","price":5.83},{"type":"B","date":"2018-03-20T06:59:44.000Z","volume":1000,"label":" ","price":5.83},{"type":"B","date":"2018-03-20T06:59:44.000Z","volume":1500,"label":" ","price":5.83},{"type":"A","date":"2018-03-20T06:59:55.000Z","volume":1500,"label":" ","price":5.84},{"type":"A","date":"2018-03-20T07:00:32.000Z","volume":2000,"label":" ","price":5.84},{"type":"A","date":"2018-03-20T07:00:32.000Z","volume":1000,"label":" ","price":5.84},{"type":"A","date":"2018-03-20T07:01:26.000Z","volume":500,"label":" ","price":5.84},{"type":"B","date":"2018-03-20T07:03:05.000Z","volume":7000,"label":" ","price":5.83},{"type":"A","date":"2018-03-20T07:03:05.000Z","volume":1000,"label":" ","price":5.84},{"type":"A","date":"2018-03-20T07:03:15.000Z","volume":2000,"label":" ","price":5.84},{"type":"B","date":"2018-03-20T07:03:28.000Z","volume":3000,"label":" ","price":5.83},{"type":"A","date":"2018-03-20T07:03:35.000Z","volume":1500,"label":" ","price":5.84},{"type":"U","date":"2018-03-20T07:04:07.000Z","volume":500,"label":"X","price":5.835},{"type":"A","date":"2018-03-20T07:04:47.000Z","volume":1000,"label":" ","price":5.84},{"type":"A","date":"2018-03-20T07:05:04.000Z","volume":6500,"label":" ","price":5.84},{"type":"A","date":"2018-03-20T07:05:04.000Z","volume":1500,"label":" ","price":5.84},{"type":"A","date":"2018-03-20T07:05:04.000Z","volume":1000,"label":" ","price":5.84},{"type":"A","date":"2018-03-20T07:05:15.000Z","volume":1500,"label":" ","price":5.84},{"type":"A","date":"2018-03-20T07:05:29.000Z","volume":500,"label":" ","price":5.84},{"type":"A","date":"2018-03-20T07:06:02.000Z","volume":1000,"label":" ","price":5.84},{"type":"U","date":"2018-03-20T07:06:07.000Z","volume":500,"label":"X","price":5.84},{"type":"A","date":"2018-03-20T07:06:32.000Z","volume":500,"label":" ","price":5.84},{"type":"A","date":"2018-03-20T07:06:40.000Z","volume":500,"label":" ","price":5.84},{"type":"A","date":"2018-03-20T07:06:40.000Z","volume":1000,"label":" ","price":5.84},{"type":"A","date":"2018-03-20T07:08:14.000Z","volume":500,"label":" ","price":5.84},{"type":"A","date":"2018-03-20T07:09:00.000Z","volume":42500,"label":" ","price":5.84},{"type":"A","date":"2018-03-20T07:09:00.000Z","volume":1000,"label":" ","price":5.85},{"type":"A","date":"2018-03-20T07:09:06.000Z","volume":1000,"label":" ","price":5.85},{"type":"A","date":"2018-03-20T07:09:10.000Z","volume":11500,"label":" ","price":5.85},{"type":"A","date":"2018-03-20T07:09:10.000Z","volume":3000,"label":" ","price":5.85},{"type":"A","date":"2018-03-20T07:09:17.000Z","volume":500,"label":"Y","price":5.85},{"type":"A","date":"2018-03-20T07:09:17.000Z","volume":500,"label":" ","price":5.85},{"type":"A","date":"2018-03-20T07:09:17.000Z","volume":1000,"label":" ","price":5.85},{"type":"A","date":"2018-03-20T07:09:17.000Z","volume":1000,"label":" ","price":5.85},{"type":"A","date":"2018-03-20T07:09:17.000Z","volume":1000,"label":" ","price":5.85},{"type":"A","date":"2018-03-20T07:09:17.000Z","volume":1000,"label":" ","price":5.85},{"type":"A","date":"2018-03-20T07:09:18.000Z","volume":3500,"label":" ","price":5.85},{"type":"A","date":"2018-03-20T07:09:25.000Z","volume":2000,"label":" ","price":5.85},{"type":"A","date":"2018-03-20T07:09:25.000Z","volume":500,"label":"Y","price":5.85},{"type":"B","date":"2018-03-20T07:09:40.000Z","volume":500,"label":" ","price":5.84},{"type":"U","date":"2018-03-20T07:09:40.000Z","volume":500,"label":"X","price":5.84},{"type":"B","date":"2018-03-20T07:09:40.000Z","volume":1000,"label":" ","price":5.84},{"type":"B","date":"2018-03-20T07:09:41.000Z","volume":2000,"label":" ","price":5.84},{"type":"A","date":"2018-03-20T07:09:45.000Z","volume":1500,"label":" ","price":5.85},{"type":"A","date":"2018-03-20T07:09:56.000Z","volume":500,"label":" ","price":5.85},{"type":"B","date":"2018-03-20T07:10:01.000Z","volume":500,"label":" ","price":5.84},{"type":"B","date":"2018-03-20T07:10:01.000Z","volume":1500,"label":" ","price":5.84},{"type":"B","date":"2018-03-20T07:10:01.000Z","volume":1500,"label":" ","price":5.84},{"type":"A","date":"2018-03-20T07:10:03.000Z","volume":1500,"label":" ","price":5.85},{"type":"A","date":"2018-03-20T07:10:24.000Z","volume":500,"label":" ","price":5.85},{"type":"B","date":"2018-03-20T07:10:51.000Z","volume":1000,"label":"Y","price":5.84},{"type":"B","date":"2018-03-20T07:10:51.000Z","volume":1500,"label":" ","price":5.84},{"type":"B","date":"2018-03-20T07:10:51.000Z","volume":1500,"label":" ","price":5.84},{"type":"A","date":"2018-03-20T07:10:51.000Z","volume":1000,"label":" ","price":5.85},{"type":"A","date":"2018-03-20T07:11:05.000Z","volume":1000,"label":" ","price":5.85},{"type":"U","date":"2018-03-20T07:11:07.000Z","volume":500,"label":"X","price":5.844},{"type":"A","date":"2018-03-20T07:11:19.000Z","volume":150000,"label":" ","price":5.85},{"type":"A","date":"2018-03-20T07:11:19.000Z","volume":500,"label":" ","price":5.85},{"type":"A","date":"2018-03-20T07:11:19.000Z","volume":5500,"label":" ","price":5.85},{"type":"A","date":"2018-03-20T07:11:19.000Z","volume":1500,"label":" ","price":5.85},{"type":"A","date":"2018-03-20T07:11:30.000Z","volume":2500,"label":" ","price":5.85},{"type":"A","date":"2018-03-20T07:11:30.000Z","volume":11000,"label":" ","price":5.86},{"type":"A","date":"2018-03-20T07:11:39.000Z","volume":25000,"label":" ","price":5.86},{"type":"A","date":"2018-03-20T07:12:05.000Z","volume":1000,"label":" ","price":5.86},{"type":"B","date":"2018-03-20T07:12:21.000Z","volume":2500,"label":" ","price":5.85},{"type":"B","date":"2018-03-20T07:12:22.000Z","volume":2000,"label":"Y","price":5.85},{"type":"B","date":"2018-03-20T07:12:22.000Z","volume":1500,"label":" ","price":5.85},{"type":"A","date":"2018-03-20T07:12:30.000Z","volume":1000,"label":" ","price":5.86},{"type":"A","date":"2018-03-20T07:12:48.000Z","volume":1000,"label":" ","price":5.86},{"type":"A","date":"2018-03-20T07:12:55.000Z","volume":1000,"label":" ","price":5.86},{"type":"B","date":"2018-03-20T07:12:56.000Z","volume":1500,"label":" ","price":5.85},{"type":"B","date":"2018-03-20T07:12:56.000Z","volume":500,"label":"Y","price":5.85},{"type":"B","date":"2018-03-20T07:12:56.000Z","volume":2000,"label":" ","price":5.85},{"type":"A","date":"2018-03-20T07:13:30.000Z","volume":1000,"label":" ","price":5.86},{"type":"B","date":"2018-03-20T07:13:31.000Z","volume":1000,"label":" ","price":5.85},{"type":"A","date":"2018-03-20T07:13:43.000Z","volume":153000,"label":" ","price":5.86},{"type":"A","date":"2018-03-20T07:13:43.000Z","volume":10000,"label":"Y","price":5.87},{"type":"A","date":"2018-03-20T07:13:43.000Z","volume":35500,"label":" ","price":5.87},{"type":"A","date":"2018-03-20T07:13:43.000Z","volume":1500,"label":" ","price":5.87},{"type":"A","date":"2018-03-20T07:13:43.000Z","volume":1500,"label":" ","price":5.87},{"type":"B","date":"2018-03-20T07:13:47.000Z","volume":32500,"label":" ","price":5.87},{"type":"A","date":"2018-03-20T07:13:50.000Z","volume":17500,"label":" ","price":5.88},{"type":"B","date":"2018-03-20T07:13:50.000Z","volume":11500,"label":" ","price":5.87},{"type":"B","date":"2018-03-20T07:14:08.000Z","volume":9000,"label":" ","price":5.87},{"type":"B","date":"2018-03-20T07:14:24.000Z","volume":10000,"label":" ","price":5.87},{"type":"B","date":"2018-03-20T07:15:00.000Z","volume":15500,"label":" ","price":5.87},{"type":"B","date":"2018-03-20T07:15:00.000Z","volume":1500,"label":" ","price":5.87},{"type":"B","date":"2018-03-20T07:15:37.000Z","volume":500,"label":" ","price":5.87},{"type":"B","date":"2018-03-20T07:15:37.000Z","volume":500,"label":" ","price":5.87},{"type":"B","date":"2018-03-20T07:15:37.000Z","volume":1000,"label":" ","price":5.87},{"type":"B","date":"2018-03-20T07:19:15.000Z","volume":10000,"label":" ","price":5.87},{"type":"A","date":"2018-03-20T07:19:26.000Z","volume":4000,"label":"Y","price":5.88},{"type":"A","date":"2018-03-20T07:19:26.000Z","volume":100500,"label":" ","price":5.88},{"type":"A","date":"2018-03-20T07:22:13.000Z","volume":10000,"label":" ","price":5.89},{"type":"A","date":"2018-03-20T07:23:08.000Z","volume":100000,"label":" ","price":5.89},{"type":"A","date":"2018-03-20T07:23:08.000Z","volume":9000,"label":" ","price":5.89},{"type":"A","date":"2018-03-20T07:23:09.000Z","volume":3500,"label":" ","price":5.89},{"type":"B","date":"2018-03-20T07:23:45.000Z","volume":6000,"label":" ","price":5.89},{"type":"B","date":"2018-03-20T07:23:45.000Z","volume":15000,"label":" ","price":5.89},{"type":"U","date":"2018-03-20T07:24:18.000Z","volume":500,"label":"X","price":5.89},{"type":"U","date":"2018-03-20T07:24:18.000Z","volume":500,"label":"X","price":5.89},{"type":"B","date":"2018-03-20T07:26:35.000Z","volume":10000,"label":" ","price":5.89},{"type":"A","date":"2018-03-20T07:27:10.000Z","volume":4000,"label":"Y","price":5.9},{"type":"A","date":"2018-03-20T07:27:10.000Z","volume":41500,"label":" ","price":5.9},{"type":"A","date":"2018-03-20T07:29:38.000Z","volume":10000,"label":" ","price":5.9},{"type":"B","date":"2018-03-20T07:32:55.000Z","volume":5000,"label":" ","price":5.89},{"type":"U","date":"2018-03-20T07:33:22.000Z","volume":500,"label":"X","price":5.895},{"type":"A","date":"2018-03-20T07:33:47.000Z","volume":1000,"label":" ","price":5.9},{"type":"A","date":"2018-03-20T07:34:04.000Z","volume":2000,"label":" ","price":5.9},{"type":"A","date":"2018-03-20T07:34:04.000Z","volume":10000,"label":" ","price":5.9},{"type":"A","date":"2018-03-20T07:34:08.000Z","volume":1500,"label":" ","price":5.9},{"type":"U","date":"2018-03-20T07:34:18.000Z","volume":500,"label":"X","price":5.898},{"type":"B","date":"2018-03-20T07:34:25.000Z","volume":10000,"label":" ","price":5.89},{"type":"A","date":"2018-03-20T07:34:45.000Z","volume":2500,"label":" ","price":5.9},{"type":"U","date":"2018-03-20T07:34:52.000Z","volume":3000,"label":"X","price":5.895},{"type":"A","date":"2018-03-20T07:34:53.000Z","volume":500,"label":" ","price":5.9},{"type":"A","date":"2018-03-20T07:35:23.000Z","volume":500,"label":" ","price":5.9},{"type":"A","date":"2018-03-20T07:35:23.000Z","volume":500,"label":" ","price":5.9},{"type":"A","date":"2018-03-20T07:35:30.000Z","volume":3000,"label":" ","price":5.9},{"type":"A","date":"2018-03-20T07:35:32.000Z","volume":1000,"label":" ","price":5.9},{"type":"A","date":"2018-03-20T07:35:38.000Z","volume":50000,"label":" ","price":5.9},{"type":"A","date":"2018-03-20T07:35:38.000Z","volume":2500,"label":" ","price":5.9},{"type":"A","date":"2018-03-20T07:36:01.000Z","volume":1000,"label":" ","price":5.9},{"type":"U","date":"2018-03-20T07:36:18.000Z","volume":500,"label":"X","price":5.899},{"type":"U","date":"2018-03-20T07:36:18.000Z","volume":500,"label":"X","price":5.899},{"type":"A","date":"2018-03-20T07:36:53.000Z","volume":3000,"label":" ","price":5.9},{"type":"A","date":"2018-03-20T07:37:04.000Z","volume":500,"label":" ","price":5.9},{"type":"A","date":"2018-03-20T07:37:04.000Z","volume":2000,"label":" ","price":5.9},{"type":"A","date":"2018-03-20T07:37:17.000Z","volume":1000,"label":" ","price":5.9},{"type":"A","date":"2018-03-20T07:37:32.000Z","volume":100000,"label":" ","price":5.9},{"type":"A","date":"2018-03-20T07:37:32.000Z","volume":6000,"label":" ","price":5.9},{"type":"A","date":"2018-03-20T07:37:32.000Z","volume":3500,"label":" ","price":5.9},{"type":"A","date":"2018-03-20T07:37:32.000Z","volume":1500,"label":" ","price":5.9},{"type":"A","date":"2018-03-20T07:37:32.000Z","volume":2500,"label":" ","price":5.9},{"type":"A","date":"2018-03-20T07:38:07.000Z","volume":2000,"label":" ","price":5.9},{"type":"A","date":"2018-03-20T07:38:46.000Z","volume":500,"label":" ","price":5.9},{"type":"A","date":"2018-03-20T07:39:10.000Z","volume":2000,"label":" ","price":5.9},{"type":"A","date":"2018-03-20T07:39:17.000Z","volume":1000,"label":" ","price":5.9},{"type":"B","date":"2018-03-20T07:39:24.000Z","volume":10000,"label":" ","price":5.89},{"type":"B","date":"2018-03-20T07:39:32.000Z","volume":20000,"label":" ","price":5.89},{"type":"A","date":"2018-03-20T07:39:32.000Z","volume":1500,"label":" ","price":5.9},{"type":"A","date":"2018-03-20T07:39:53.000Z","volume":500,"label":" ","price":5.9},{"type":"A","date":"2018-03-20T07:40:27.000Z","volume":500,"label":" ","price":5.9},{"type":"U","date":"2018-03-20T07:40:32.000Z","volume":500,"label":"X","price":5.9},{"type":"A","date":"2018-03-20T07:40:32.000Z","volume":1000,"label":" ","price":5.9},{"type":"A","date":"2018-03-20T07:40:56.000Z","volume":3000,"label":" ","price":5.9},{"type":"A","date":"2018-03-20T07:41:40.000Z","volume":1500,"label":" ","price":5.9},{"type":"A","date":"2018-03-20T07:41:47.000Z","volume":1000,"label":" ","price":5.9},{"type":"U","date":"2018-03-20T07:42:02.000Z","volume":500,"label":"X","price":5.9},{"type":"A","date":"2018-03-20T07:42:08.000Z","volume":500,"label":" ","price":5.9},{"type":"A","date":"2018-03-20T07:42:17.000Z","volume":500,"label":" ","price":5.9},{"type":"B","date":"2018-03-20T07:42:54.000Z","volume":78000,"label":" ","price":5.89},{"type":"U","date":"2018-03-20T07:43:16.000Z","volume":500,"label":"X","price":5.9},{"type":"B","date":"2018-03-20T07:43:40.000Z","volume":31500,"label":" ","price":5.89},{"type":"A","date":"2018-03-20T07:43:40.000Z","volume":500,"label":" ","price":5.89},{"type":"A","date":"2018-03-20T07:43:40.000Z","volume":4000,"label":" ","price":5.89},{"type":"A","date":"2018-03-20T07:44:30.000Z","volume":500,"label":" ","price":5.89},{"type":"A","date":"2018-03-20T07:45:25.000Z","volume":500,"label":" ","price":5.89},{"type":"B","date":"2018-03-20T07:48:19.000Z","volume":62500,"label":" ","price":5.88},{"type":"A","date":"2018-03-20T07:48:19.000Z","volume":500,"label":" ","price":5.88},{"type":"A","date":"2018-03-20T07:48:19.000Z","volume":1000,"label":" ","price":5.88},{"type":"A","date":"2018-03-20T07:48:19.000Z","volume":1500,"label":" ","price":5.88},{"type":"A","date":"2018-03-20T07:48:19.000Z","volume":500,"label":" ","price":5.88},{"type":"B","date":"2018-03-20T07:48:30.000Z","volume":3500,"label":" ","price":5.87},{"type":"U","date":"2018-03-20T07:48:44.000Z","volume":500,"label":"X","price":5.875},{"type":"B","date":"2018-03-20T07:48:46.000Z","volume":6000,"label":" ","price":5.86},{"type":"A","date":"2018-03-20T07:49:19.000Z","volume":5500,"label":" ","price":5.87},{"type":"B","date":"2018-03-20T07:49:43.000Z","volume":3500,"label":" ","price":5.86},{"type":"A","date":"2018-03-20T07:50:46.000Z","volume":50000,"label":" ","price":5.87},{"type":"A","date":"2018-03-20T07:52:02.000Z","volume":5000,"label":" ","price":5.87},{"type":"A","date":"2018-03-20T07:52:57.000Z","volume":41500,"label":" ","price":5.87},{"type":"A","date":"2018-03-20T07:54:07.000Z","volume":1000,"label":" ","price":5.88},{"type":"A","date":"2018-03-20T07:54:18.000Z","volume":1000,"label":" ","price":5.88},{"type":"A","date":"2018-03-20T07:55:02.000Z","volume":1000,"label":" ","price":5.88},{"type":"A","date":"2018-03-20T07:55:09.000Z","volume":4000,"label":" ","price":5.88},{"type":"A","date":"2018-03-20T07:55:23.000Z","volume":1000,"label":" ","price":5.88},{"type":"A","date":"2018-03-20T07:55:24.000Z","volume":1500,"label":" ","price":5.88},{"type":"A","date":"2018-03-20T07:55:25.000Z","volume":500,"label":" ","price":5.88},{"type":"A","date":"2018-03-20T07:55:37.000Z","volume":1000,"label":" ","price":5.88},{"type":"A","date":"2018-03-20T07:55:47.000Z","volume":500,"label":" ","price":5.88},{"type":"A","date":"2018-03-20T07:55:54.000Z","volume":1500,"label":" ","price":5.88},{"type":"A","date":"2018-03-20T07:56:02.000Z","volume":1000,"label":" ","price":5.88},{"type":"A","date":"2018-03-20T07:56:10.000Z","volume":1500,"label":" ","price":5.88},{"type":"A","date":"2018-03-20T07:56:30.000Z","volume":500,"label":" ","price":5.88},{"type":"B","date":"2018-03-20T07:56:33.000Z","volume":6000,"label":" ","price":5.87},{"type":"A","date":"2018-03-20T07:56:41.000Z","volume":1000,"label":" ","price":5.88},{"type":"A","date":"2018-03-20T07:56:43.000Z","volume":1500,"label":" ","price":5.88},{"type":"A","date":"2018-03-20T07:56:55.000Z","volume":500,"label":" ","price":5.88},{"type":"A","date":"2018-03-20T07:57:02.000Z","volume":1000,"label":" ","price":5.88},{"type":"A","date":"2018-03-20T07:57:14.000Z","volume":3000,"label":" ","price":5.88},{"type":"A","date":"2018-03-20T07:57:30.000Z","volume":2500,"label":" ","price":5.88},{"type":"A","date":"2018-03-20T07:57:32.000Z","volume":500,"label":" ","price":5.88},{"type":"A","date":"2018-03-20T07:57:32.000Z","volume":500,"label":" ","price":5.88},{"type":"A","date":"2018-03-20T07:57:32.000Z","volume":1500,"label":" ","price":5.88},{"type":"A","date":"2018-03-20T07:57:32.000Z","volume":1000,"label":" ","price":5.88},{"type":"A","date":"2018-03-20T07:57:37.000Z","volume":30000,"label":" ","price":5.88},{"type":"A","date":"2018-03-20T07:57:45.000Z","volume":1000,"label":" ","price":5.88},{"type":"A","date":"2018-03-20T07:58:01.000Z","volume":500,"label":" ","price":5.88},{"type":"A","date":"2018-03-20T07:58:12.000Z","volume":2500,"label":" ","price":5.88},{"type":"U","date":"2018-03-20T07:58:15.000Z","volume":500,"label":"X","price":5.875},{"type":"A","date":"2018-03-20T07:58:17.000Z","volume":500,"label":" ","price":5.88},{"type":"A","date":"2018-03-20T07:58:28.000Z","volume":500,"label":" ","price":5.88},{"type":"A","date":"2018-03-20T07:58:30.000Z","volume":1000,"label":" ","price":5.88},{"type":"A","date":"2018-03-20T07:58:31.000Z","volume":500,"label":" ","price":5.88},{"type":"A","date":"2018-03-20T07:58:31.000Z","volume":500,"label":" ","price":5.88},{"type":"A","date":"2018-03-20T07:58:32.000Z","volume":1000,"label":" ","price":5.88},{"type":"A","date":"2018-03-20T07:58:43.000Z","volume":1000,"label":" ","price":5.88},{"type":"A","date":"2018-03-20T07:58:45.000Z","volume":500,"label":" ","price":5.88},{"type":"A","date":"2018-03-20T07:58:45.000Z","volume":500,"label":" ","price":5.88},{"type":"A","date":"2018-03-20T07:58:49.000Z","volume":500,"label":" ","price":5.88},{"type":"A","date":"2018-03-20T07:58:49.000Z","volume":500,"label":" ","price":5.88},{"type":"B","date":"2018-03-20T07:58:50.000Z","volume":1500,"label":" ","price":5.87},{"type":"B","date":"2018-03-20T07:58:50.000Z","volume":1500,"label":" ","price":5.87},{"type":"B","date":"2018-03-20T07:58:50.000Z","volume":1500,"label":" ","price":5.87},{"type":"B","date":"2018-03-20T07:58:50.000Z","volume":1500,"label":" ","price":5.87},{"type":"A","date":"2018-03-20T07:58:50.000Z","volume":2500,"label":" ","price":5.88},{"type":"A","date":"2018-03-20T07:58:50.000Z","volume":500,"label":" ","price":5.88},{"type":"A","date":"2018-03-20T07:58:52.000Z","volume":500,"label":" ","price":5.88},{"type":"A","date":"2018-03-20T07:58:52.000Z","volume":500,"label":" ","price":5.88},{"type":"A","date":"2018-03-20T07:58:59.000Z","volume":2000,"label":" ","price":5.88},{"type":"A","date":"2018-03-20T07:59:01.000Z","volume":1500,"label":" ","price":5.88},{"type":"A","date":"2018-03-20T07:59:01.000Z","volume":2000,"label":" ","price":5.88},{"type":"A","date":"2018-03-20T07:59:01.000Z","volume":1500,"label":" ","price":5.88},{"type":"A","date":"2018-03-20T07:59:02.000Z","volume":1000,"label":" ","price":5.88},{"type":"B","date":"2018-03-20T07:59:02.000Z","volume":3000,"label":" ","price":5.87},{"type":"B","date":"2018-03-20T07:59:02.000Z","volume":4000,"label":" ","price":5.87},{"type":"B","date":"2018-03-20T07:59:02.000Z","volume":500,"label":" ","price":5.87},{"type":"A","date":"2018-03-20T07:59:05.000Z","volume":500,"label":" ","price":5.88},{"type":"A","date":"2018-03-20T07:59:05.000Z","volume":500,"label":" ","price":5.88},{"type":"B","date":"2018-03-20T07:59:06.000Z","volume":1000,"label":" ","price":5.87},{"type":"B","date":"2018-03-20T07:59:09.000Z","volume":500,"label":" ","price":5.87},{"type":"B","date":"2018-03-20T07:59:13.000Z","volume":1000,"label":" ","price":5.87},{"type":"A","date":"2018-03-20T07:59:18.000Z","volume":1500,"label":" ","price":5.88},{"type":"B","date":"2018-03-20T07:59:23.000Z","volume":1500,"label":" ","price":5.87},{"type":"A","date":"2018-03-20T07:59:23.000Z","volume":500,"label":" ","price":5.88},{"type":"A","date":"2018-03-20T07:59:26.000Z","volume":500,"label":" ","price":5.88},{"type":"A","date":"2018-03-20T07:59:27.000Z","volume":6500,"label":"Y","price":5.88},{"type":"A","date":"2018-03-20T07:59:30.000Z","volume":3000,"label":" ","price":5.88},{"type":"B","date":"2018-03-20T07:59:30.000Z","volume":1000,"label":" ","price":5.87},{"type":"A","date":"2018-03-20T07:59:30.000Z","volume":500,"label":" ","price":5.88},{"type":"B","date":"2018-03-20T07:59:31.000Z","volume":500,"label":" ","price":5.87},{"type":"A","date":"2018-03-20T07:59:32.000Z","volume":500,"label":" ","price":5.88},{"type":"A","date":"2018-03-20T07:59:37.000Z","volume":2000,"label":" ","price":5.88},{"type":"A","date":"2018-03-20T07:59:37.000Z","volume":2000,"label":"Y","price":5.88},{"type":"A","date":"2018-03-20T07:59:38.000Z","volume":500,"label":" ","price":5.88},{"type":"A","date":"2018-03-20T07:59:38.000Z","volume":500,"label":"Y","price":5.88},{"type":"B","date":"2018-03-20T07:59:39.000Z","volume":500,"label":" ","price":5.87},{"type":"A","date":"2018-03-20T07:59:44.000Z","volume":500,"label":" ","price":5.88},{"type":"A","date":"2018-03-20T07:59:55.000Z","volume":1000,"label":" ","price":5.88},{"type":"U","date":"2018-03-20T08:08:31.000Z","volume":105500,"label":"U","price":5.88}]