[{"type":"A","date":"2018-03-27T01:30:00.000Z","volume":5000,"label":" ","price":2.71},{"type":"B","date":"2018-03-27T01:30:01.000Z","volume":90000,"label":" ","price":2.7},{"type":"A","date":"2018-03-27T01:30:02.000Z","volume":1000,"label":" ","price":2.7},{"type":"B","date":"2018-03-27T01:30:03.000Z","volume":2000,"label":" ","price":2.69},{"type":"B","date":"2018-03-27T01:30:05.000Z","volume":58000,"label":" ","price":2.69},{"type":"B","date":"2018-03-27T01:30:05.000Z","volume":10000,"label":" ","price":2.66},{"type":"B","date":"2018-03-27T01:30:05.000Z","volume":2000,"label":" ","price":2.66},{"type":"A","date":"2018-03-27T01:30:10.000Z","volume":3000,"label":" ","price":2.67},{"type":"A","date":"2018-03-27T01:30:10.000Z","volume":7000,"label":" ","price":2.69},{"type":"B","date":"2018-03-27T01:30:16.000Z","volume":1000,"label":" ","price":2.67},{"type":"U","date":"2018-03-27T01:30:20.000Z","volume":20000,"label":" ","price":2.68},{"type":"B","date":"2018-03-27T01:30:20.000Z","volume":2000,"label":" ","price":2.67},{"type":"B","date":"2018-03-27T01:30:20.000Z","volume":1000,"label":" ","price":2.67},{"type":"A","date":"2018-03-27T01:30:22.000Z","volume":20000,"label":" ","price":2.68},{"type":"B","date":"2018-03-27T01:30:22.000Z","volume":1000,"label":" ","price":2.67},{"type":"A","date":"2018-03-27T01:30:27.000Z","volume":20000,"label":" ","price":2.68},{"type":"B","date":"2018-03-27T01:30:31.000Z","volume":3000,"label":" ","price":2.67},{"type":"B","date":"2018-03-27T01:30:31.000Z","volume":1000,"label":" ","price":2.67},{"type":"B","date":"2018-03-27T01:31:01.000Z","volume":1000,"label":" ","price":2.67},{"type":"A","date":"2018-03-27T01:31:13.000Z","volume":20000,"label":" ","price":2.68},{"type":"B","date":"2018-03-27T01:31:14.000Z","volume":2000,"label":" ","price":2.67},{"type":"B","date":"2018-03-27T01:31:25.000Z","volume":4000,"label":" ","price":2.67},{"type":"A","date":"2018-03-27T01:32:15.000Z","volume":10000,"label":" ","price":2.68},{"type":"B","date":"2018-03-27T01:32:35.000Z","volume":1000,"label":" ","price":2.67},{"type":"B","date":"2018-03-27T01:33:01.000Z","volume":19000,"label":" ","price":2.67},{"type":"B","date":"2018-03-27T01:33:04.000Z","volume":5000,"label":" ","price":2.66},{"type":"B","date":"2018-03-27T01:33:09.000Z","volume":5000,"label":" ","price":2.66},{"type":"B","date":"2018-03-27T01:33:14.000Z","volume":5000,"label":" ","price":2.66},{"type":"B","date":"2018-03-27T01:33:14.000Z","volume":1000,"label":" ","price":2.66},{"type":"B","date":"2018-03-27T01:33:16.000Z","volume":1000,"label":" ","price":2.66},{"type":"B","date":"2018-03-27T01:33:19.000Z","volume":4000,"label":" ","price":2.66},{"type":"B","date":"2018-03-27T01:33:21.000Z","volume":1000,"label":" ","price":2.66},{"type":"A","date":"2018-03-27T01:33:33.000Z","volume":20000,"label":" ","price":2.67},{"type":"B","date":"2018-03-27T01:33:59.000Z","volume":1000,"label":" ","price":2.66},{"type":"A","date":"2018-03-27T01:34:01.000Z","volume":10000,"label":" ","price":2.67},{"type":"B","date":"2018-03-27T01:34:11.000Z","volume":13000,"label":" ","price":2.66},{"type":"B","date":"2018-03-27T01:34:11.000Z","volume":25000,"label":" ","price":2.66},{"type":"B","date":"2018-03-27T01:34:11.000Z","volume":1000,"label":" ","price":2.65},{"type":"B","date":"2018-03-27T01:34:16.000Z","volume":2000,"label":" ","price":2.66},{"type":"B","date":"2018-03-27T01:34:24.000Z","volume":1000,"label":" ","price":2.66},{"type":"A","date":"2018-03-27T01:34:25.000Z","volume":6000,"label":" ","price":2.66},{"type":"B","date":"2018-03-27T01:34:26.000Z","volume":7000,"label":" ","price":2.65},{"type":"A","date":"2018-03-27T01:34:41.000Z","volume":17000,"label":" ","price":2.66},{"type":"A","date":"2018-03-27T01:34:42.000Z","volume":6000,"label":" ","price":2.66},{"type":"A","date":"2018-03-27T01:34:43.000Z","volume":8000,"label":" ","price":2.67},{"type":"B","date":"2018-03-27T01:35:17.000Z","volume":1000,"label":" ","price":2.66},{"type":"B","date":"2018-03-27T01:35:17.000Z","volume":13000,"label":" ","price":2.66},{"type":"A","date":"2018-03-27T01:35:24.000Z","volume":1000,"label":" ","price":2.67},{"type":"A","date":"2018-03-27T01:35:24.000Z","volume":9000,"label":" ","price":2.67},{"type":"U","date":"2018-03-27T01:36:37.000Z","volume":9000,"label":" ","price":2.67},{"type":"U","date":"2018-03-27T01:36:57.000Z","volume":5000,"label":" ","price":2.67},{"type":"A","date":"2018-03-27T01:37:24.000Z","volume":37000,"label":" ","price":2.67},{"type":"A","date":"2018-03-27T01:37:24.000Z","volume":32000,"label":" ","price":2.68},{"type":"A","date":"2018-03-27T01:37:24.000Z","volume":59000,"label":" ","price":2.69},{"type":"A","date":"2018-03-27T01:37:24.000Z","volume":1000,"label":" ","price":2.67},{"type":"A","date":"2018-03-27T01:38:09.000Z","volume":10000,"label":" ","price":2.69},{"type":"A","date":"2018-03-27T01:38:13.000Z","volume":10000,"label":" ","price":2.69},{"type":"A","date":"2018-03-27T01:38:15.000Z","volume":2000,"label":" ","price":2.69},{"type":"A","date":"2018-03-27T01:38:20.000Z","volume":5000,"label":" ","price":2.69},{"type":"A","date":"2018-03-27T01:38:20.000Z","volume":15000,"label":" ","price":2.69},{"type":"U","date":"2018-03-27T01:38:26.000Z","volume":30000,"label":" ","price":2.69},{"type":"U","date":"2018-03-27T01:38:42.000Z","volume":20000,"label":" ","price":2.69},{"type":"A","date":"2018-03-27T01:39:03.000Z","volume":1000,"label":" ","price":2.7},{"type":"U","date":"2018-03-27T01:39:09.000Z","volume":900,"label":"D","price":2.7},{"type":"B","date":"2018-03-27T01:39:17.000Z","volume":1000,"label":" ","price":2.68},{"type":"A","date":"2018-03-27T01:39:26.000Z","volume":20000,"label":" ","price":2.69},{"type":"B","date":"2018-03-27T01:40:19.000Z","volume":1000,"label":" ","price":2.68},{"type":"A","date":"2018-03-27T01:40:29.000Z","volume":20000,"label":" ","price":2.69},{"type":"A","date":"2018-03-27T01:40:48.000Z","volume":40000,"label":" ","price":2.69},{"type":"A","date":"2018-03-27T01:40:53.000Z","volume":13000,"label":" ","price":2.69},{"type":"A","date":"2018-03-27T01:40:55.000Z","volume":3000,"label":" ","price":2.69},{"type":"B","date":"2018-03-27T01:41:15.000Z","volume":1000,"label":" ","price":2.68},{"type":"B","date":"2018-03-27T01:42:26.000Z","volume":1000,"label":" ","price":2.68},{"type":"A","date":"2018-03-27T01:43:04.000Z","volume":20000,"label":" ","price":2.69},{"type":"A","date":"2018-03-27T01:43:43.000Z","volume":30000,"label":" ","price":2.69},{"type":"B","date":"2018-03-27T01:43:43.000Z","volume":1000,"label":" ","price":2.68},{"type":"A","date":"2018-03-27T01:43:46.000Z","volume":1000,"label":" ","price":2.69},{"type":"B","date":"2018-03-27T01:43:46.000Z","volume":1000,"label":" ","price":2.69},{"type":"B","date":"2018-03-27T01:43:48.000Z","volume":6000,"label":" ","price":2.69},{"type":"A","date":"2018-03-27T01:44:01.000Z","volume":12000,"label":" ","price":2.69},{"type":"A","date":"2018-03-27T01:44:49.000Z","volume":20000,"label":" ","price":2.69},{"type":"B","date":"2018-03-27T01:44:49.000Z","volume":1000,"label":" ","price":2.68},{"type":"B","date":"2018-03-27T01:45:31.000Z","volume":4000,"label":" ","price":2.68},{"type":"B","date":"2018-03-27T01:45:52.000Z","volume":99000,"label":" ","price":2.68},{"type":"B","date":"2018-03-27T01:45:52.000Z","volume":11000,"label":" ","price":2.67},{"type":"B","date":"2018-03-27T01:45:52.000Z","volume":1000,"label":" ","price":2.66},{"type":"B","date":"2018-03-27T01:45:57.000Z","volume":1000,"label":" ","price":2.66},{"type":"B","date":"2018-03-27T01:45:57.000Z","volume":4000,"label":" ","price":2.66},{"type":"B","date":"2018-03-27T01:46:00.000Z","volume":4000,"label":" ","price":2.66},{"type":"B","date":"2018-03-27T01:46:00.000Z","volume":1000,"label":" ","price":2.66},{"type":"A","date":"2018-03-27T01:46:07.000Z","volume":10000,"label":" ","price":2.66},{"type":"B","date":"2018-03-27T01:46:07.000Z","volume":1000,"label":" ","price":2.66},{"type":"B","date":"2018-03-27T01:46:08.000Z","volume":1000,"label":" ","price":2.66},{"type":"A","date":"2018-03-27T01:46:18.000Z","volume":14000,"label":" ","price":2.66},{"type":"B","date":"2018-03-27T01:46:18.000Z","volume":3000,"label":" ","price":2.66},{"type":"B","date":"2018-03-27T01:46:55.000Z","volume":22000,"label":" ","price":2.65},{"type":"A","date":"2018-03-27T01:47:01.000Z","volume":12000,"label":" ","price":2.66},{"type":"A","date":"2018-03-27T01:47:04.000Z","volume":10000,"label":" ","price":2.66},{"type":"B","date":"2018-03-27T01:47:08.000Z","volume":30000,"label":" ","price":2.65},{"type":"B","date":"2018-03-27T01:47:30.000Z","volume":2000,"label":" ","price":2.65},{"type":"B","date":"2018-03-27T01:47:31.000Z","volume":3000,"label":" ","price":2.65},{"type":"B","date":"2018-03-27T01:48:10.000Z","volume":2000,"label":" ","price":2.65},{"type":"B","date":"2018-03-27T01:48:11.000Z","volume":3000,"label":" ","price":2.65},{"type":"B","date":"2018-03-27T01:48:15.000Z","volume":3000,"label":" ","price":2.65},{"type":"B","date":"2018-03-27T01:48:16.000Z","volume":11000,"label":" ","price":2.64},{"type":"B","date":"2018-03-27T01:48:42.000Z","volume":1000,"label":" ","price":2.64},{"type":"B","date":"2018-03-27T01:49:41.000Z","volume":5000,"label":" ","price":2.64},{"type":"B","date":"2018-03-27T01:49:56.000Z","volume":5000,"label":" ","price":2.64},{"type":"A","date":"2018-03-27T01:49:57.000Z","volume":5000,"label":" ","price":2.64},{"type":"A","date":"2018-03-27T01:50:00.000Z","volume":15000,"label":" ","price":2.64},{"type":"A","date":"2018-03-27T01:50:00.000Z","volume":18000,"label":" ","price":2.64},{"type":"B","date":"2018-03-27T01:50:00.000Z","volume":1000,"label":" ","price":2.63},{"type":"B","date":"2018-03-27T01:50:43.000Z","volume":2000,"label":" ","price":2.64},{"type":"A","date":"2018-03-27T01:50:54.000Z","volume":20000,"label":" ","price":2.65},{"type":"A","date":"2018-03-27T01:50:54.000Z","volume":4000,"label":" ","price":2.65},{"type":"A","date":"2018-03-27T01:51:00.000Z","volume":3000,"label":" ","price":2.65},{"type":"A","date":"2018-03-27T01:51:05.000Z","volume":6000,"label":" ","price":2.65},{"type":"A","date":"2018-03-27T01:51:05.000Z","volume":2000,"label":" ","price":2.65},{"type":"A","date":"2018-03-27T01:51:30.000Z","volume":18000,"label":" ","price":2.66},{"type":"A","date":"2018-03-27T01:51:30.000Z","volume":22000,"label":" ","price":2.67},{"type":"B","date":"2018-03-27T01:51:30.000Z","volume":1000,"label":" ","price":2.65},{"type":"B","date":"2018-03-27T01:52:07.000Z","volume":22000,"label":" ","price":2.65},{"type":"B","date":"2018-03-27T01:52:08.000Z","volume":1000,"label":" ","price":2.64},{"type":"A","date":"2018-03-27T01:52:46.000Z","volume":20000,"label":" ","price":2.65},{"type":"B","date":"2018-03-27T01:52:46.000Z","volume":1000,"label":" ","price":2.64},{"type":"A","date":"2018-03-27T01:52:49.000Z","volume":8000,"label":" ","price":2.65},{"type":"B","date":"2018-03-27T01:53:20.000Z","volume":12000,"label":" ","price":2.65},{"type":"A","date":"2018-03-27T01:53:47.000Z","volume":6000,"label":" ","price":2.65},{"type":"A","date":"2018-03-27T01:54:07.000Z","volume":6000,"label":" ","price":2.65},{"type":"B","date":"2018-03-27T01:54:11.000Z","volume":1000,"label":" ","price":2.64},{"type":"B","date":"2018-03-27T01:54:37.000Z","volume":7000,"label":"Y","price":2.64},{"type":"B","date":"2018-03-27T01:54:37.000Z","volume":3000,"label":" ","price":2.63},{"type":"A","date":"2018-03-27T01:55:09.000Z","volume":14000,"label":" ","price":2.65},{"type":"A","date":"2018-03-27T01:55:09.000Z","volume":1000,"label":" ","price":2.65},{"type":"A","date":"2018-03-27T01:55:14.000Z","volume":45000,"label":" ","price":2.66},{"type":"B","date":"2018-03-27T01:55:14.000Z","volume":2000,"label":" ","price":2.64},{"type":"B","date":"2018-03-27T01:55:51.000Z","volume":1000,"label":" ","price":2.64},{"type":"B","date":"2018-03-27T01:55:53.000Z","volume":2000,"label":"Y","price":2.64},{"type":"B","date":"2018-03-27T01:55:55.000Z","volume":5000,"label":" ","price":2.64},{"type":"B","date":"2018-03-27T01:55:55.000Z","volume":51000,"label":" ","price":2.63},{"type":"B","date":"2018-03-27T01:55:55.000Z","volume":44000,"label":" ","price":2.63},{"type":"B","date":"2018-03-27T01:55:56.000Z","volume":5000,"label":" ","price":2.62},{"type":"A","date":"2018-03-27T01:56:01.000Z","volume":4000,"label":" ","price":2.63},{"type":"B","date":"2018-03-27T01:56:01.000Z","volume":1000,"label":" ","price":2.63},{"type":"B","date":"2018-03-27T01:56:01.000Z","volume":1000,"label":" ","price":2.63},{"type":"B","date":"2018-03-27T01:56:11.000Z","volume":4000,"label":" ","price":2.63},{"type":"B","date":"2018-03-27T01:59:47.000Z","volume":3000,"label":" ","price":2.63},{"type":"A","date":"2018-03-27T01:59:49.000Z","volume":7000,"label":" ","price":2.63},{"type":"A","date":"2018-03-27T02:00:56.000Z","volume":3000,"label":" ","price":2.64},{"type":"B","date":"2018-03-27T02:04:53.000Z","volume":1000,"label":" ","price":2.63},{"type":"B","date":"2018-03-27T02:05:20.000Z","volume":12000,"label":" ","price":2.63},{"type":"B","date":"2018-03-27T02:05:20.000Z","volume":83000,"label":" ","price":2.62},{"type":"B","date":"2018-03-27T02:05:20.000Z","volume":5000,"label":" ","price":2.62},{"type":"B","date":"2018-03-27T02:05:20.000Z","volume":1000,"label":" ","price":2.62},{"type":"B","date":"2018-03-27T02:05:20.000Z","volume":3000,"label":" ","price":2.62},{"type":"B","date":"2018-03-27T02:05:20.000Z","volume":1000,"label":" ","price":2.62},{"type":"B","date":"2018-03-27T02:06:34.000Z","volume":3000,"label":" ","price":2.61},{"type":"U","date":"2018-03-27T02:07:36.000Z","volume":10000,"label":" ","price":2.62},{"type":"A","date":"2018-03-27T02:09:35.000Z","volume":20000,"label":" ","price":2.63},{"type":"U","date":"2018-03-27T02:09:40.000Z","volume":1000,"label":"X","price":2.62},{"type":"A","date":"2018-03-27T02:12:35.000Z","volume":24000,"label":" ","price":2.63},{"type":"B","date":"2018-03-27T02:12:35.000Z","volume":1000,"label":" ","price":2.63},{"type":"B","date":"2018-03-27T02:12:45.000Z","volume":5000,"label":" ","price":2.63},{"type":"A","date":"2018-03-27T02:16:28.000Z","volume":10000,"label":" ","price":2.63},{"type":"B","date":"2018-03-27T02:16:30.000Z","volume":1000,"label":" ","price":2.62},{"type":"B","date":"2018-03-27T02:19:16.000Z","volume":18000,"label":" ","price":2.62},{"type":"B","date":"2018-03-27T02:19:16.000Z","volume":1000,"label":" ","price":2.62},{"type":"U","date":"2018-03-27T02:25:29.000Z","volume":2000,"label":" ","price":2.62},{"type":"B","date":"2018-03-27T02:25:37.000Z","volume":1000,"label":" ","price":2.62},{"type":"B","date":"2018-03-27T02:26:12.000Z","volume":1000,"label":" ","price":2.62},{"type":"A","date":"2018-03-27T02:28:08.000Z","volume":20000,"label":" ","price":2.63},{"type":"B","date":"2018-03-27T02:28:20.000Z","volume":1000,"label":" ","price":2.62},{"type":"A","date":"2018-03-27T02:30:56.000Z","volume":2000,"label":" ","price":2.63},{"type":"A","date":"2018-03-27T02:31:33.000Z","volume":10000,"label":" ","price":2.63},{"type":"A","date":"2018-03-27T02:34:13.000Z","volume":2000,"label":" ","price":2.63},{"type":"A","date":"2018-03-27T02:34:50.000Z","volume":2000,"label":"Y","price":2.63},{"type":"A","date":"2018-03-27T02:34:50.000Z","volume":18000,"label":" ","price":2.63},{"type":"A","date":"2018-03-27T02:34:50.000Z","volume":1000,"label":" ","price":2.63},{"type":"A","date":"2018-03-27T02:37:09.000Z","volume":1000,"label":" ","price":2.63},{"type":"A","date":"2018-03-27T02:37:20.000Z","volume":11000,"label":" ","price":2.63},{"type":"A","date":"2018-03-27T02:37:20.000Z","volume":1000,"label":" ","price":2.63},{"type":"A","date":"2018-03-27T02:37:47.000Z","volume":12000,"label":" ","price":2.63},{"type":"B","date":"2018-03-27T02:37:47.000Z","volume":1000,"label":" ","price":2.63},{"type":"B","date":"2018-03-27T02:37:48.000Z","volume":1000,"label":" ","price":2.63},{"type":"B","date":"2018-03-27T02:38:19.000Z","volume":1000,"label":" ","price":2.63},{"type":"B","date":"2018-03-27T02:39:03.000Z","volume":2000,"label":" ","price":2.63},{"type":"B","date":"2018-03-27T02:39:39.000Z","volume":1000,"label":" ","price":2.63},{"type":"B","date":"2018-03-27T02:40:14.000Z","volume":1000,"label":" ","price":2.63},{"type":"A","date":"2018-03-27T02:40:33.000Z","volume":50000,"label":" ","price":2.64},{"type":"A","date":"2018-03-27T02:40:50.000Z","volume":30000,"label":" ","price":2.64},{"type":"A","date":"2018-03-27T02:40:50.000Z","volume":3000,"label":" ","price":2.64},{"type":"A","date":"2018-03-27T02:41:25.000Z","volume":1000,"label":" ","price":2.65},{"type":"A","date":"2018-03-27T02:42:07.000Z","volume":10000,"label":" ","price":2.65},{"type":"A","date":"2018-03-27T02:42:34.000Z","volume":10000,"label":" ","price":2.65},{"type":"B","date":"2018-03-27T02:42:46.000Z","volume":1000,"label":" ","price":2.64},{"type":"B","date":"2018-03-27T02:43:18.000Z","volume":7000,"label":" ","price":2.63},{"type":"A","date":"2018-03-27T02:44:27.000Z","volume":30000,"label":" ","price":2.64},{"type":"B","date":"2018-03-27T02:45:09.000Z","volume":2000,"label":" ","price":2.63},{"type":"B","date":"2018-03-27T02:48:51.000Z","volume":10000,"label":" ","price":2.63},{"type":"B","date":"2018-03-27T02:48:51.000Z","volume":1000,"label":" ","price":2.63},{"type":"B","date":"2018-03-27T02:50:45.000Z","volume":4000,"label":" ","price":2.63},{"type":"B","date":"2018-03-27T02:50:45.000Z","volume":1000,"label":" ","price":2.63},{"type":"B","date":"2018-03-27T02:52:48.000Z","volume":6000,"label":" ","price":2.63},{"type":"B","date":"2018-03-27T02:52:52.000Z","volume":1000,"label":" ","price":2.63},{"type":"B","date":"2018-03-27T02:53:09.000Z","volume":2000,"label":" ","price":2.63},{"type":"B","date":"2018-03-27T02:54:03.000Z","volume":2000,"label":" ","price":2.63},{"type":"B","date":"2018-03-27T02:54:49.000Z","volume":1000,"label":" ","price":2.63},{"type":"B","date":"2018-03-27T02:55:44.000Z","volume":1000,"label":" ","price":2.63},{"type":"B","date":"2018-03-27T02:56:20.000Z","volume":1000,"label":" ","price":2.63},{"type":"B","date":"2018-03-27T02:57:35.000Z","volume":5000,"label":"Y","price":2.63},{"type":"B","date":"2018-03-27T02:57:35.000Z","volume":11000,"label":" ","price":2.63},{"type":"B","date":"2018-03-27T02:57:35.000Z","volume":1000,"label":" ","price":2.62},{"type":"A","date":"2018-03-27T02:57:37.000Z","volume":18000,"label":" ","price":2.63},{"type":"B","date":"2018-03-27T02:57:37.000Z","volume":1000,"label":" ","price":2.63},{"type":"B","date":"2018-03-27T02:57:37.000Z","volume":1000,"label":" ","price":2.63},{"type":"A","date":"2018-03-27T03:00:57.000Z","volume":1000,"label":" ","price":2.64},{"type":"A","date":"2018-03-27T03:01:21.000Z","volume":10000,"label":" ","price":2.64},{"type":"B","date":"2018-03-27T03:09:26.000Z","volume":54000,"label":" ","price":2.63},{"type":"B","date":"2018-03-27T03:09:27.000Z","volume":1000,"label":" ","price":2.62},{"type":"B","date":"2018-03-27T03:10:12.000Z","volume":1000,"label":" ","price":2.62},{"type":"A","date":"2018-03-27T03:14:26.000Z","volume":4000,"label":"Y","price":2.63},{"type":"A","date":"2018-03-27T03:14:26.000Z","volume":110000,"label":" ","price":2.63},{"type":"B","date":"2018-03-27T03:14:26.000Z","volume":2000,"label":" ","price":2.63},{"type":"B","date":"2018-03-27T03:15:10.000Z","volume":3000,"label":" ","price":2.63},{"type":"A","date":"2018-03-27T03:17:45.000Z","volume":100000,"label":" ","price":2.64},{"type":"A","date":"2018-03-27T03:17:45.000Z","volume":5000,"label":" ","price":2.64},{"type":"B","date":"2018-03-27T03:18:11.000Z","volume":2000,"label":" ","price":2.63},{"type":"A","date":"2018-03-27T03:20:59.000Z","volume":10000,"label":" ","price":2.64},{"type":"A","date":"2018-03-27T03:22:20.000Z","volume":30000,"label":" ","price":2.64},{"type":"B","date":"2018-03-27T03:22:20.000Z","volume":1000,"label":" ","price":2.63},{"type":"U","date":"2018-03-27T03:23:46.000Z","volume":1000,"label":"X","price":2.64},{"type":"U","date":"2018-03-27T03:23:46.000Z","volume":1000,"label":"X","price":2.64},{"type":"U","date":"2018-03-27T03:23:46.000Z","volume":1000,"label":"X","price":2.64},{"type":"A","date":"2018-03-27T03:25:41.000Z","volume":30000,"label":" ","price":2.64},{"type":"B","date":"2018-03-27T03:25:41.000Z","volume":1000,"label":" ","price":2.63},{"type":"A","date":"2018-03-27T03:26:35.000Z","volume":13000,"label":" ","price":2.64},{"type":"B","date":"2018-03-27T03:26:35.000Z","volume":1000,"label":" ","price":2.63},{"type":"A","date":"2018-03-27T03:28:13.000Z","volume":25000,"label":" ","price":2.64},{"type":"A","date":"2018-03-27T03:28:20.000Z","volume":70000,"label":" ","price":2.64},{"type":"A","date":"2018-03-27T03:28:20.000Z","volume":10000,"label":" ","price":2.64},{"type":"B","date":"2018-03-27T03:28:20.000Z","volume":2000,"label":" ","price":2.63},{"type":"B","date":"2018-03-27T03:29:15.000Z","volume":1000,"label":" ","price":2.64},{"type":"A","date":"2018-03-27T03:30:41.000Z","volume":21000,"label":" ","price":2.65},{"type":"A","date":"2018-03-27T03:31:05.000Z","volume":1000,"label":" ","price":2.65},{"type":"A","date":"2018-03-27T03:32:01.000Z","volume":23000,"label":" ","price":2.65},{"type":"B","date":"2018-03-27T03:32:05.000Z","volume":1000,"label":" ","price":2.64},{"type":"B","date":"2018-03-27T03:32:05.000Z","volume":1000,"label":" ","price":2.64},{"type":"A","date":"2018-03-27T03:33:00.000Z","volume":50000,"label":" ","price":2.65},{"type":"B","date":"2018-03-27T03:33:00.000Z","volume":1000,"label":" ","price":2.64},{"type":"B","date":"2018-03-27T03:33:12.000Z","volume":1000,"label":" ","price":2.64},{"type":"A","date":"2018-03-27T03:33:45.000Z","volume":29000,"label":" ","price":2.65},{"type":"U","date":"2018-03-27T03:33:46.000Z","volume":1000,"label":"X","price":2.644},{"type":"U","date":"2018-03-27T03:33:46.000Z","volume":1000,"label":"X","price":2.644},{"type":"U","date":"2018-03-27T03:33:46.000Z","volume":1000,"label":"X","price":2.644},{"type":"U","date":"2018-03-27T03:34:46.000Z","volume":1000,"label":"X","price":2.65},{"type":"A","date":"2018-03-27T03:34:49.000Z","volume":40000,"label":" ","price":2.65},{"type":"A","date":"2018-03-27T03:34:49.000Z","volume":1000,"label":" ","price":2.65},{"type":"U","date":"2018-03-27T03:35:15.000Z","volume":1000,"label":"X","price":2.645},{"type":"B","date":"2018-03-27T03:35:52.000Z","volume":3000,"label":" ","price":2.65},{"type":"B","date":"2018-03-27T03:35:53.000Z","volume":1000,"label":" ","price":2.65},{"type":"A","date":"2018-03-27T03:36:10.000Z","volume":28000,"label":" ","price":2.66},{"type":"B","date":"2018-03-27T03:36:13.000Z","volume":1000,"label":" ","price":2.65},{"type":"B","date":"2018-03-27T03:36:24.000Z","volume":6000,"label":" ","price":2.65},{"type":"B","date":"2018-03-27T03:37:52.000Z","volume":3000,"label":" ","price":2.65},{"type":"B","date":"2018-03-27T03:38:28.000Z","volume":3000,"label":" ","price":2.65},{"type":"A","date":"2018-03-27T03:39:06.000Z","volume":13000,"label":" ","price":2.66},{"type":"B","date":"2018-03-27T03:39:14.000Z","volume":1000,"label":" ","price":2.65},{"type":"A","date":"2018-03-27T03:40:28.000Z","volume":28000,"label":" ","price":2.66},{"type":"A","date":"2018-03-27T03:41:37.000Z","volume":1000,"label":" ","price":2.66},{"type":"A","date":"2018-03-27T03:41:59.000Z","volume":15000,"label":" ","price":2.66},{"type":"A","date":"2018-03-27T03:43:10.000Z","volume":19000,"label":" ","price":2.66},{"type":"B","date":"2018-03-27T03:43:10.000Z","volume":1000,"label":" ","price":2.65},{"type":"A","date":"2018-03-27T03:44:35.000Z","volume":23000,"label":" ","price":2.66},{"type":"A","date":"2018-03-27T03:44:35.000Z","volume":80000,"label":" ","price":2.66},{"type":"B","date":"2018-03-27T03:44:35.000Z","volume":1000,"label":" ","price":2.65},{"type":"B","date":"2018-03-27T03:44:35.000Z","volume":1000,"label":"Y","price":2.66},{"type":"U","date":"2018-03-27T03:44:35.000Z","volume":3000,"label":" ","price":2.66},{"type":"B","date":"2018-03-27T03:44:39.000Z","volume":3000,"label":" ","price":2.66},{"type":"U","date":"2018-03-27T03:44:46.000Z","volume":1000,"label":"X","price":2.658},{"type":"U","date":"2018-03-27T03:44:46.000Z","volume":1000,"label":"X","price":2.658},{"type":"U","date":"2018-03-27T03:44:46.000Z","volume":1000,"label":"X","price":2.658},{"type":"A","date":"2018-03-27T03:46:14.000Z","volume":13000,"label":" ","price":2.66},{"type":"A","date":"2018-03-27T03:47:11.000Z","volume":27000,"label":" ","price":2.66},{"type":"B","date":"2018-03-27T03:47:16.000Z","volume":1000,"label":" ","price":2.66},{"type":"B","date":"2018-03-27T03:47:17.000Z","volume":6000,"label":" ","price":2.66},{"type":"U","date":"2018-03-27T03:47:46.000Z","volume":1000,"label":"X","price":2.66},{"type":"A","date":"2018-03-27T03:47:50.000Z","volume":4000,"label":" ","price":2.67},{"type":"B","date":"2018-03-27T03:47:55.000Z","volume":3000,"label":"Y","price":2.65},{"type":"B","date":"2018-03-27T03:47:55.000Z","volume":37000,"label":" ","price":2.65},{"type":"B","date":"2018-03-27T03:48:00.000Z","volume":20000,"label":" ","price":2.65},{"type":"B","date":"2018-03-27T03:48:05.000Z","volume":1000,"label":" ","price":2.64},{"type":"B","date":"2018-03-27T03:48:17.000Z","volume":1000,"label":" ","price":2.64},{"type":"A","date":"2018-03-27T03:52:15.000Z","volume":24000,"label":" ","price":2.65},{"type":"B","date":"2018-03-27T03:52:15.000Z","volume":1000,"label":" ","price":2.64},{"type":"A","date":"2018-03-27T03:53:27.000Z","volume":32000,"label":" ","price":2.65},{"type":"B","date":"2018-03-27T03:53:27.000Z","volume":1000,"label":" ","price":2.64},{"type":"A","date":"2018-03-27T03:53:37.000Z","volume":18000,"label":" ","price":2.65},{"type":"B","date":"2018-03-27T03:53:37.000Z","volume":1000,"label":" ","price":2.64},{"type":"B","date":"2018-03-27T03:54:28.000Z","volume":1000,"label":"Y","price":2.64},{"type":"B","date":"2018-03-27T03:54:28.000Z","volume":100000,"label":" ","price":2.64},{"type":"B","date":"2018-03-27T03:54:29.000Z","volume":2000,"label":" ","price":2.63},{"type":"A","date":"2018-03-27T03:54:31.000Z","volume":99000,"label":" ","price":2.64},{"type":"A","date":"2018-03-27T03:54:31.000Z","volume":12000,"label":" ","price":2.64},{"type":"B","date":"2018-03-27T03:54:31.000Z","volume":6000,"label":" ","price":2.63},{"type":"A","date":"2018-03-27T03:54:31.000Z","volume":3000,"label":" ","price":2.64},{"type":"A","date":"2018-03-27T03:54:41.000Z","volume":11000,"label":" ","price":2.64},{"type":"A","date":"2018-03-27T03:54:47.000Z","volume":5000,"label":" ","price":2.64},{"type":"U","date":"2018-03-27T03:57:46.000Z","volume":1000,"label":"X","price":2.644},{"type":"U","date":"2018-03-27T03:57:46.000Z","volume":1000,"label":"X","price":2.644},{"type":"U","date":"2018-03-27T03:57:46.000Z","volume":1000,"label":"X","price":2.644},{"type":"A","date":"2018-03-27T03:59:57.000Z","volume":34000,"label":" ","price":2.65},{"type":"A","date":"2018-03-27T05:00:03.000Z","volume":10000,"label":" ","price":2.65},{"type":"A","date":"2018-03-27T05:00:09.000Z","volume":32000,"label":" ","price":2.65},{"type":"A","date":"2018-03-27T05:00:11.000Z","volume":27000,"label":" ","price":2.65},{"type":"B","date":"2018-03-27T05:00:12.000Z","volume":1000,"label":" ","price":2.64},{"type":"A","date":"2018-03-27T05:00:13.000Z","volume":1000,"label":" ","price":2.65},{"type":"U","date":"2018-03-27T05:02:03.000Z","volume":1000,"label":"X","price":2.65},{"type":"B","date":"2018-03-27T05:03:34.000Z","volume":100000,"label":" ","price":2.65},{"type":"B","date":"2018-03-27T05:03:34.000Z","volume":9000,"label":" ","price":2.65},{"type":"B","date":"2018-03-27T05:03:40.000Z","volume":3000,"label":" ","price":2.64},{"type":"A","date":"2018-03-27T05:07:42.000Z","volume":35000,"label":" ","price":2.65},{"type":"B","date":"2018-03-27T05:07:42.000Z","volume":2000,"label":" ","price":2.64},{"type":"A","date":"2018-03-27T05:11:22.000Z","volume":73000,"label":" ","price":2.65},{"type":"B","date":"2018-03-27T05:11:22.000Z","volume":1000,"label":" ","price":2.64},{"type":"U","date":"2018-03-27T05:12:03.000Z","volume":1000,"label":"X","price":2.65},{"type":"U","date":"2018-03-27T05:12:03.000Z","volume":1000,"label":"X","price":2.65},{"type":"U","date":"2018-03-27T05:12:03.000Z","volume":1000,"label":"X","price":2.65},{"type":"B","date":"2018-03-27T05:12:18.000Z","volume":2000,"label":" ","price":2.64},{"type":"A","date":"2018-03-27T05:17:19.000Z","volume":34000,"label":" ","price":2.65},{"type":"A","date":"2018-03-27T05:18:54.000Z","volume":15000,"label":" ","price":2.65},{"type":"B","date":"2018-03-27T05:19:22.000Z","volume":34000,"label":" ","price":2.64},{"type":"B","date":"2018-03-27T05:19:22.000Z","volume":56000,"label":" ","price":2.63},{"type":"B","date":"2018-03-27T05:19:23.000Z","volume":1000,"label":" ","price":2.63},{"type":"U","date":"2018-03-27T05:20:16.000Z","volume":1000,"label":" ","price":2.64},{"type":"B","date":"2018-03-27T05:20:16.000Z","volume":2000,"label":" ","price":2.64},{"type":"U","date":"2018-03-27T05:20:35.000Z","volume":2000,"label":"X","price":2.639},{"type":"U","date":"2018-03-27T05:20:35.000Z","volume":1000,"label":"X","price":2.639},{"type":"U","date":"2018-03-27T05:20:35.000Z","volume":1000,"label":"X","price":2.639},{"type":"A","date":"2018-03-27T05:23:20.000Z","volume":50000,"label":" ","price":2.65},{"type":"B","date":"2018-03-27T05:23:20.000Z","volume":1000,"label":" ","price":2.64},{"type":"A","date":"2018-03-27T05:24:16.000Z","volume":25000,"label":" ","price":2.65},{"type":"B","date":"2018-03-27T05:24:16.000Z","volume":1000,"label":" ","price":2.64},{"type":"B","date":"2018-03-27T05:24:55.000Z","volume":1000,"label":" ","price":2.64},{"type":"B","date":"2018-03-27T05:25:09.000Z","volume":1000,"label":" ","price":2.64},{"type":"A","date":"2018-03-27T05:25:28.000Z","volume":88000,"label":" ","price":2.65},{"type":"B","date":"2018-03-27T05:25:28.000Z","volume":2000,"label":" ","price":2.64},{"type":"U","date":"2018-03-27T05:25:52.000Z","volume":1000,"label":" ","price":2.65},{"type":"U","date":"2018-03-27T05:25:52.000Z","volume":44000,"label":" ","price":2.65},{"type":"B","date":"2018-03-27T05:25:52.000Z","volume":5000,"label":" ","price":2.65},{"type":"B","date":"2018-03-27T05:25:52.000Z","volume":1000,"label":" ","price":2.64},{"type":"B","date":"2018-03-27T05:26:19.000Z","volume":2000,"label":" ","price":2.64},{"type":"A","date":"2018-03-27T05:28:07.000Z","volume":50000,"label":" ","price":2.65},{"type":"B","date":"2018-03-27T05:28:07.000Z","volume":1000,"label":" ","price":2.64},{"type":"B","date":"2018-03-27T05:28:12.000Z","volume":65000,"label":" ","price":2.64},{"type":"A","date":"2018-03-27T05:28:12.000Z","volume":35000,"label":" ","price":2.64},{"type":"B","date":"2018-03-27T05:28:12.000Z","volume":1000,"label":" ","price":2.64},{"type":"B","date":"2018-03-27T05:28:12.000Z","volume":1000,"label":" ","price":2.64},{"type":"B","date":"2018-03-27T05:28:20.000Z","volume":5000,"label":" ","price":2.64},{"type":"A","date":"2018-03-27T05:28:28.000Z","volume":1000,"label":" ","price":2.65},{"type":"B","date":"2018-03-27T05:28:44.000Z","volume":43000,"label":" ","price":2.64},{"type":"A","date":"2018-03-27T05:28:44.000Z","volume":57000,"label":" ","price":2.64},{"type":"A","date":"2018-03-27T05:28:51.000Z","volume":4000,"label":" ","price":2.65},{"type":"A","date":"2018-03-27T05:28:52.000Z","volume":50000,"label":" ","price":2.65},{"type":"B","date":"2018-03-27T05:29:20.000Z","volume":4000,"label":" ","price":2.64},{"type":"U","date":"2018-03-27T05:29:32.000Z","volume":1000,"label":"X","price":2.646},{"type":"B","date":"2018-03-27T05:29:36.000Z","volume":1000,"label":" ","price":2.64},{"type":"B","date":"2018-03-27T05:30:17.000Z","volume":1000,"label":" ","price":2.64},{"type":"A","date":"2018-03-27T05:32:46.000Z","volume":2000,"label":" ","price":2.65},{"type":"A","date":"2018-03-27T05:37:37.000Z","volume":1000,"label":" ","price":2.65},{"type":"B","date":"2018-03-27T05:37:40.000Z","volume":2000,"label":" ","price":2.64},{"type":"B","date":"2018-03-27T05:38:57.000Z","volume":6000,"label":" ","price":2.64},{"type":"U","date":"2018-03-27T05:39:32.000Z","volume":1000,"label":"X","price":2.642},{"type":"U","date":"2018-03-27T05:39:32.000Z","volume":1000,"label":"X","price":2.642},{"type":"U","date":"2018-03-27T05:39:32.000Z","volume":1000,"label":"X","price":2.642},{"type":"B","date":"2018-03-27T05:50:57.000Z","volume":1000,"label":" ","price":2.64},{"type":"A","date":"2018-03-27T05:52:18.000Z","volume":194000,"label":" ","price":2.65},{"type":"A","date":"2018-03-27T05:52:18.000Z","volume":6000,"label":" ","price":2.66},{"type":"B","date":"2018-03-27T05:52:18.000Z","volume":2000,"label":" ","price":2.64},{"type":"B","date":"2018-03-27T05:52:37.000Z","volume":6000,"label":" ","price":2.64},{"type":"B","date":"2018-03-27T05:52:37.000Z","volume":1000,"label":" ","price":2.64},{"type":"A","date":"2018-03-27T05:52:45.000Z","volume":85000,"label":" ","price":2.65},{"type":"B","date":"2018-03-27T05:52:45.000Z","volume":1000,"label":" ","price":2.65},{"type":"B","date":"2018-03-27T05:52:51.000Z","volume":15000,"label":" ","price":2.65},{"type":"B","date":"2018-03-27T05:52:52.000Z","volume":4000,"label":" ","price":2.65},{"type":"B","date":"2018-03-27T05:52:52.000Z","volume":2000,"label":" ","price":2.65},{"type":"U","date":"2018-03-27T05:53:32.000Z","volume":3000,"label":"X","price":2.65},{"type":"U","date":"2018-03-27T05:53:32.000Z","volume":1000,"label":"X","price":2.65},{"type":"U","date":"2018-03-27T05:53:32.000Z","volume":1000,"label":"X","price":2.65},{"type":"A","date":"2018-03-27T05:55:22.000Z","volume":200000,"label":" ","price":2.66},{"type":"B","date":"2018-03-27T05:55:22.000Z","volume":6000,"label":" ","price":2.64},{"type":"A","date":"2018-03-27T06:03:44.000Z","volume":62000,"label":" ","price":2.66},{"type":"B","date":"2018-03-27T06:03:52.000Z","volume":1000,"label":" ","price":2.65},{"type":"A","date":"2018-03-27T06:05:08.000Z","volume":49000,"label":" ","price":2.66},{"type":"B","date":"2018-03-27T06:05:08.000Z","volume":2000,"label":" ","price":2.65},{"type":"A","date":"2018-03-27T06:05:08.000Z","volume":1000,"label":" ","price":2.66},{"type":"A","date":"2018-03-27T06:05:22.000Z","volume":9000,"label":" ","price":2.66},{"type":"U","date":"2018-03-27T06:05:32.000Z","volume":2000,"label":"X","price":2.66},{"type":"U","date":"2018-03-27T06:05:32.000Z","volume":1000,"label":"X","price":2.66},{"type":"U","date":"2018-03-27T06:05:32.000Z","volume":1000,"label":"X","price":2.66},{"type":"A","date":"2018-03-27T06:05:39.000Z","volume":4000,"label":" ","price":2.66},{"type":"A","date":"2018-03-27T06:05:45.000Z","volume":1000,"label":" ","price":2.66},{"type":"A","date":"2018-03-27T06:06:09.000Z","volume":2000,"label":" ","price":2.66},{"type":"A","date":"2018-03-27T06:06:20.000Z","volume":5000,"label":" ","price":2.66},{"type":"A","date":"2018-03-27T06:06:37.000Z","volume":7000,"label":" ","price":2.66},{"type":"A","date":"2018-03-27T06:06:39.000Z","volume":5000,"label":" ","price":2.66},{"type":"A","date":"2018-03-27T06:06:44.000Z","volume":1000,"label":" ","price":2.66},{"type":"A","date":"2018-03-27T06:06:44.000Z","volume":1000,"label":" ","price":2.66},{"type":"A","date":"2018-03-27T06:09:11.000Z","volume":1000,"label":" ","price":2.66},{"type":"A","date":"2018-03-27T06:09:22.000Z","volume":3000,"label":" ","price":2.66},{"type":"A","date":"2018-03-27T06:11:04.000Z","volume":20000,"label":" ","price":2.67},{"type":"B","date":"2018-03-27T06:11:12.000Z","volume":2000,"label":" ","price":2.66},{"type":"B","date":"2018-03-27T06:11:58.000Z","volume":1000,"label":" ","price":2.66},{"type":"B","date":"2018-03-27T06:15:24.000Z","volume":22000,"label":" ","price":2.66},{"type":"B","date":"2018-03-27T06:15:26.000Z","volume":6000,"label":" ","price":2.66},{"type":"B","date":"2018-03-27T06:15:29.000Z","volume":1000,"label":" ","price":2.66},{"type":"U","date":"2018-03-27T06:15:32.000Z","volume":1000,"label":"X","price":2.662},{"type":"B","date":"2018-03-27T06:17:09.000Z","volume":22000,"label":" ","price":2.66},{"type":"B","date":"2018-03-27T06:17:09.000Z","volume":194000,"label":" ","price":2.65},{"type":"B","date":"2018-03-27T06:17:09.000Z","volume":4000,"label":" ","price":2.65},{"type":"A","date":"2018-03-27T06:17:09.000Z","volume":13000,"label":" ","price":2.66},{"type":"B","date":"2018-03-27T06:17:09.000Z","volume":8000,"label":" ","price":2.64},{"type":"A","date":"2018-03-27T06:17:09.000Z","volume":1000,"label":" ","price":2.66},{"type":"A","date":"2018-03-27T06:17:09.000Z","volume":7000,"label":" ","price":2.65},{"type":"A","date":"2018-03-27T06:17:09.000Z","volume":5000,"label":" ","price":2.65},{"type":"A","date":"2018-03-27T06:17:10.000Z","volume":3000,"label":" ","price":2.65},{"type":"A","date":"2018-03-27T06:17:20.000Z","volume":5000,"label":" ","price":2.66},{"type":"A","date":"2018-03-27T06:17:20.000Z","volume":1000,"label":" ","price":2.66},{"type":"A","date":"2018-03-27T06:17:21.000Z","volume":6000,"label":" ","price":2.66},{"type":"A","date":"2018-03-27T06:17:21.000Z","volume":1000,"label":" ","price":2.66},{"type":"A","date":"2018-03-27T06:17:22.000Z","volume":2000,"label":" ","price":2.66},{"type":"A","date":"2018-03-27T06:17:23.000Z","volume":3000,"label":" ","price":2.66},{"type":"A","date":"2018-03-27T06:17:24.000Z","volume":2000,"label":" ","price":2.66},{"type":"B","date":"2018-03-27T06:17:27.000Z","volume":3000,"label":"Y","price":2.65},{"type":"A","date":"2018-03-27T06:17:27.000Z","volume":18000,"label":" ","price":2.66},{"type":"A","date":"2018-03-27T06:17:27.000Z","volume":3000,"label":" ","price":2.66},{"type":"A","date":"2018-03-27T06:17:27.000Z","volume":34000,"label":" ","price":2.66},{"type":"A","date":"2018-03-27T06:17:27.000Z","volume":5000,"label":" ","price":2.66},{"type":"B","date":"2018-03-27T06:17:27.000Z","volume":6000,"label":"Y","price":2.65},{"type":"A","date":"2018-03-27T06:17:29.000Z","volume":1000,"label":" ","price":2.66},{"type":"A","date":"2018-03-27T06:17:30.000Z","volume":1000,"label":" ","price":2.66},{"type":"A","date":"2018-03-27T06:17:30.000Z","volume":1000,"label":" ","price":2.66},{"type":"A","date":"2018-03-27T06:17:31.000Z","volume":1000,"label":" ","price":2.66},{"type":"A","date":"2018-03-27T06:17:33.000Z","volume":7000,"label":" ","price":2.66},{"type":"A","date":"2018-03-27T06:17:33.000Z","volume":2000,"label":" ","price":2.66},{"type":"A","date":"2018-03-27T06:17:38.000Z","volume":2000,"label":" ","price":2.66},{"type":"A","date":"2018-03-27T06:17:39.000Z","volume":1000,"label":" ","price":2.66},{"type":"A","date":"2018-03-27T06:17:39.000Z","volume":1000,"label":" ","price":2.66},{"type":"A","date":"2018-03-27T06:17:40.000Z","volume":3000,"label":" ","price":2.66},{"type":"A","date":"2018-03-27T06:17:42.000Z","volume":7000,"label":" ","price":2.66},{"type":"U","date":"2018-03-27T06:18:35.000Z","volume":1000,"label":"X","price":2.654},{"type":"U","date":"2018-03-27T06:18:35.000Z","volume":1000,"label":"X","price":2.654},{"type":"U","date":"2018-03-27T06:18:35.000Z","volume":1000,"label":"X","price":2.654},{"type":"B","date":"2018-03-27T06:22:55.000Z","volume":1000,"label":" ","price":2.65},{"type":"A","date":"2018-03-27T06:23:25.000Z","volume":59000,"label":" ","price":2.66},{"type":"B","date":"2018-03-27T06:23:25.000Z","volume":1000,"label":" ","price":2.65},{"type":"A","date":"2018-03-27T06:33:39.000Z","volume":1000,"label":" ","price":2.66},{"type":"A","date":"2018-03-27T06:33:39.000Z","volume":1000,"label":" ","price":2.66},{"type":"A","date":"2018-03-27T06:33:39.000Z","volume":2000,"label":" ","price":2.66},{"type":"A","date":"2018-03-27T06:33:39.000Z","volume":1000,"label":" ","price":2.66},{"type":"A","date":"2018-03-27T06:33:44.000Z","volume":2000,"label":" ","price":2.66},{"type":"A","date":"2018-03-27T06:33:44.000Z","volume":1000,"label":" ","price":2.66},{"type":"A","date":"2018-03-27T06:33:45.000Z","volume":2000,"label":" ","price":2.66},{"type":"A","date":"2018-03-27T06:33:49.000Z","volume":9000,"label":" ","price":2.66},{"type":"A","date":"2018-03-27T06:33:49.000Z","volume":5000,"label":" ","price":2.66},{"type":"A","date":"2018-03-27T06:33:50.000Z","volume":1000,"label":" ","price":2.66},{"type":"A","date":"2018-03-27T06:33:50.000Z","volume":1000,"label":" ","price":2.66},{"type":"A","date":"2018-03-27T06:33:51.000Z","volume":6000,"label":" ","price":2.66},{"type":"A","date":"2018-03-27T06:33:52.000Z","volume":25000,"label":" ","price":2.66},{"type":"A","date":"2018-03-27T06:33:52.000Z","volume":2000,"label":" ","price":2.66},{"type":"A","date":"2018-03-27T06:33:53.000Z","volume":4000,"label":" ","price":2.66},{"type":"A","date":"2018-03-27T06:33:53.000Z","volume":1000,"label":" ","price":2.66},{"type":"U","date":"2018-03-27T06:33:53.000Z","volume":1000,"label":"X","price":2.66},{"type":"A","date":"2018-03-27T06:33:53.000Z","volume":3000,"label":" ","price":2.66},{"type":"A","date":"2018-03-27T06:34:12.000Z","volume":36000,"label":" ","price":2.66},{"type":"A","date":"2018-03-27T06:34:22.000Z","volume":12000,"label":" ","price":2.66},{"type":"B","date":"2018-03-27T06:34:24.000Z","volume":1000,"label":" ","price":2.66},{"type":"B","date":"2018-03-27T06:34:24.000Z","volume":6000,"label":" ","price":2.66},{"type":"B","date":"2018-03-27T06:34:24.000Z","volume":10000,"label":" ","price":2.66},{"type":"B","date":"2018-03-27T06:34:24.000Z","volume":21000,"label":" ","price":2.66},{"type":"A","date":"2018-03-27T06:34:37.000Z","volume":20000,"label":" ","price":2.66},{"type":"A","date":"2018-03-27T06:34:55.000Z","volume":3000,"label":" ","price":2.66},{"type":"U","date":"2018-03-27T06:35:14.000Z","volume":1000,"label":"X","price":2.66},{"type":"U","date":"2018-03-27T06:35:14.000Z","volume":1000,"label":"X","price":2.66},{"type":"A","date":"2018-03-27T06:35:37.000Z","volume":45000,"label":" ","price":2.66},{"type":"B","date":"2018-03-27T06:35:39.000Z","volume":1000,"label":" ","price":2.66},{"type":"B","date":"2018-03-27T06:35:45.000Z","volume":1000,"label":" ","price":2.66},{"type":"B","date":"2018-03-27T06:36:29.000Z","volume":1000,"label":" ","price":2.66},{"type":"B","date":"2018-03-27T06:38:11.000Z","volume":33000,"label":" ","price":2.66},{"type":"A","date":"2018-03-27T06:38:11.000Z","volume":112000,"label":" ","price":2.66},{"type":"A","date":"2018-03-27T06:38:11.000Z","volume":1000,"label":" ","price":2.66},{"type":"A","date":"2018-03-27T06:38:13.000Z","volume":17000,"label":" ","price":2.66},{"type":"A","date":"2018-03-27T06:38:13.000Z","volume":5000,"label":" ","price":2.66},{"type":"B","date":"2018-03-27T06:38:14.000Z","volume":2000,"label":" ","price":2.65},{"type":"B","date":"2018-03-27T06:38:51.000Z","volume":2000,"label":" ","price":2.66},{"type":"B","date":"2018-03-27T06:38:51.000Z","volume":7000,"label":" ","price":2.66},{"type":"B","date":"2018-03-27T06:38:52.000Z","volume":1000,"label":" ","price":2.66},{"type":"B","date":"2018-03-27T06:39:14.000Z","volume":2000,"label":" ","price":2.66},{"type":"B","date":"2018-03-27T06:39:18.000Z","volume":1000,"label":" ","price":2.66},{"type":"B","date":"2018-03-27T06:40:25.000Z","volume":6000,"label":" ","price":2.66},{"type":"B","date":"2018-03-27T06:40:25.000Z","volume":1000,"label":" ","price":2.66},{"type":"B","date":"2018-03-27T06:43:01.000Z","volume":6000,"label":" ","price":2.66},{"type":"B","date":"2018-03-27T06:43:03.000Z","volume":1000,"label":" ","price":2.66},{"type":"A","date":"2018-03-27T06:43:05.000Z","volume":50000,"label":" ","price":2.67},{"type":"B","date":"2018-03-27T06:43:05.000Z","volume":1000,"label":" ","price":2.66},{"type":"B","date":"2018-03-27T06:43:06.000Z","volume":1000,"label":" ","price":2.66},{"type":"B","date":"2018-03-27T06:43:07.000Z","volume":1000,"label":" ","price":2.66},{"type":"A","date":"2018-03-27T06:43:11.000Z","volume":30000,"label":" ","price":2.67},{"type":"B","date":"2018-03-27T06:43:12.000Z","volume":1000,"label":" ","price":2.66},{"type":"B","date":"2018-03-27T06:44:49.000Z","volume":6000,"label":" ","price":2.66},{"type":"A","date":"2018-03-27T06:44:52.000Z","volume":2000,"label":" ","price":2.67},{"type":"U","date":"2018-03-27T06:45:14.000Z","volume":2000,"label":"X","price":2.662},{"type":"U","date":"2018-03-27T06:45:14.000Z","volume":1000,"label":"X","price":2.662},{"type":"A","date":"2018-03-27T06:47:24.000Z","volume":170000,"label":" ","price":2.67},{"type":"A","date":"2018-03-27T06:47:24.000Z","volume":9000,"label":" ","price":2.67},{"type":"B","date":"2018-03-27T06:47:24.000Z","volume":4000,"label":" ","price":2.66},{"type":"A","date":"2018-03-27T06:47:24.000Z","volume":4000,"label":" ","price":2.67},{"type":"B","date":"2018-03-27T06:47:24.000Z","volume":1000,"label":"Y","price":2.67},{"type":"B","date":"2018-03-27T06:47:31.000Z","volume":6000,"label":" ","price":2.67},{"type":"B","date":"2018-03-27T06:47:31.000Z","volume":1000,"label":"Y","price":2.67},{"type":"B","date":"2018-03-27T06:47:35.000Z","volume":14000,"label":" ","price":2.67},{"type":"B","date":"2018-03-27T06:47:36.000Z","volume":1000,"label":"Y","price":2.67},{"type":"B","date":"2018-03-27T06:47:39.000Z","volume":3000,"label":" ","price":2.67},{"type":"B","date":"2018-03-27T06:47:40.000Z","volume":1000,"label":"Y","price":2.67},{"type":"B","date":"2018-03-27T06:47:42.000Z","volume":37000,"label":" ","price":2.67},{"type":"B","date":"2018-03-27T06:47:44.000Z","volume":1000,"label":" ","price":2.66},{"type":"U","date":"2018-03-27T06:51:53.000Z","volume":2000,"label":"X","price":2.67},{"type":"U","date":"2018-03-27T06:51:53.000Z","volume":2000,"label":"X","price":2.67},{"type":"U","date":"2018-03-27T06:51:53.000Z","volume":1000,"label":"X","price":2.67},{"type":"B","date":"2018-03-27T06:51:53.000Z","volume":1000,"label":" ","price":2.66},{"type":"B","date":"2018-03-27T06:56:22.000Z","volume":200000,"label":" ","price":2.66},{"type":"B","date":"2018-03-27T06:56:23.000Z","volume":22000,"label":"Y","price":2.66},{"type":"B","date":"2018-03-27T06:56:23.000Z","volume":2000,"label":" ","price":2.67},{"type":"B","date":"2018-03-27T06:56:24.000Z","volume":3000,"label":"Y","price":2.67},{"type":"B","date":"2018-03-27T06:56:27.000Z","volume":1000,"label":" ","price":2.67},{"type":"A","date":"2018-03-27T06:56:27.000Z","volume":63000,"label":" ","price":2.67},{"type":"A","date":"2018-03-27T06:56:27.000Z","volume":5000,"label":" ","price":2.67},{"type":"B","date":"2018-03-27T06:56:27.000Z","volume":11000,"label":" ","price":2.66},{"type":"A","date":"2018-03-27T06:56:28.000Z","volume":2000,"label":" ","price":2.67},{"type":"B","date":"2018-03-27T06:56:28.000Z","volume":1000,"label":" ","price":2.66},{"type":"A","date":"2018-03-27T06:56:28.000Z","volume":5000,"label":" ","price":2.67},{"type":"A","date":"2018-03-27T06:56:28.000Z","volume":1000,"label":" ","price":2.67},{"type":"A","date":"2018-03-27T06:56:29.000Z","volume":3000,"label":"Y","price":2.67},{"type":"A","date":"2018-03-27T06:56:29.000Z","volume":2000,"label":" ","price":2.67},{"type":"A","date":"2018-03-27T06:56:29.000Z","volume":26000,"label":" ","price":2.67},{"type":"A","date":"2018-03-27T06:56:29.000Z","volume":5000,"label":" ","price":2.67},{"type":"A","date":"2018-03-27T06:56:30.000Z","volume":2000,"label":" ","price":2.67},{"type":"B","date":"2018-03-27T06:56:32.000Z","volume":4000,"label":"Y","price":2.67},{"type":"B","date":"2018-03-27T06:56:46.000Z","volume":10000,"label":" ","price":2.67},{"type":"B","date":"2018-03-27T06:56:46.000Z","volume":90000,"label":" ","price":2.66},{"type":"B","date":"2018-03-27T06:56:46.000Z","volume":10000,"label":" ","price":2.66},{"type":"B","date":"2018-03-27T06:56:49.000Z","volume":1000,"label":"Y","price":2.67},{"type":"B","date":"2018-03-27T06:56:51.000Z","volume":4000,"label":" ","price":2.67},{"type":"B","date":"2018-03-27T06:56:51.000Z","volume":10000,"label":" ","price":2.67},{"type":"B","date":"2018-03-27T06:56:53.000Z","volume":2000,"label":"Y","price":2.67},{"type":"B","date":"2018-03-27T06:56:56.000Z","volume":20000,"label":" ","price":2.67},{"type":"A","date":"2018-03-27T06:56:59.000Z","volume":68000,"label":" ","price":2.67},{"type":"A","date":"2018-03-27T06:56:59.000Z","volume":5000,"label":" ","price":2.67},{"type":"A","date":"2018-03-27T06:56:59.000Z","volume":7000,"label":" ","price":2.67},{"type":"A","date":"2018-03-27T06:57:00.000Z","volume":3000,"label":"Y","price":2.67},{"type":"A","date":"2018-03-27T06:57:00.000Z","volume":2000,"label":" ","price":2.67},{"type":"B","date":"2018-03-27T06:57:06.000Z","volume":4000,"label":" ","price":2.67},{"type":"B","date":"2018-03-27T06:57:09.000Z","volume":1000,"label":"Y","price":2.67},{"type":"B","date":"2018-03-27T06:57:13.000Z","volume":1000,"label":" ","price":2.67},{"type":"U","date":"2018-03-27T06:57:26.000Z","volume":2000,"label":"X","price":2.664},{"type":"U","date":"2018-03-27T06:57:26.000Z","volume":1000,"label":"X","price":2.664},{"type":"U","date":"2018-03-27T06:57:26.000Z","volume":1000,"label":"X","price":2.664},{"type":"B","date":"2018-03-27T06:57:45.000Z","volume":2000,"label":" ","price":2.67},{"type":"B","date":"2018-03-27T06:58:42.000Z","volume":5000,"label":" ","price":2.67},{"type":"B","date":"2018-03-27T06:58:42.000Z","volume":1000,"label":"Y","price":2.67},{"type":"B","date":"2018-03-27T07:01:31.000Z","volume":1000,"label":" ","price":2.67},{"type":"B","date":"2018-03-27T07:04:45.000Z","volume":1000,"label":" ","price":2.67},{"type":"A","date":"2018-03-27T07:08:01.000Z","volume":13000,"label":" ","price":2.68},{"type":"B","date":"2018-03-27T07:08:03.000Z","volume":6000,"label":" ","price":2.67},{"type":"B","date":"2018-03-27T07:08:12.000Z","volume":7000,"label":" ","price":2.67},{"type":"U","date":"2018-03-27T07:08:36.000Z","volume":1000,"label":"X","price":2.674},{"type":"B","date":"2018-03-27T07:09:24.000Z","volume":91000,"label":"Y","price":2.67},{"type":"B","date":"2018-03-27T07:09:24.000Z","volume":26000,"label":" ","price":2.67},{"type":"B","date":"2018-03-27T07:09:24.000Z","volume":6000,"label":" ","price":2.67},{"type":"B","date":"2018-03-27T07:09:24.000Z","volume":5000,"label":"Y","price":2.67},{"type":"B","date":"2018-03-27T07:09:26.000Z","volume":4000,"label":"Y","price":2.67},{"type":"B","date":"2018-03-27T07:09:26.000Z","volume":1000,"label":" ","price":2.67},{"type":"B","date":"2018-03-27T07:09:31.000Z","volume":8000,"label":" ","price":2.66},{"type":"B","date":"2018-03-27T07:09:31.000Z","volume":1000,"label":" ","price":2.66},{"type":"A","date":"2018-03-27T07:09:34.000Z","volume":1000,"label":" ","price":2.67},{"type":"B","date":"2018-03-27T07:10:39.000Z","volume":41000,"label":" ","price":2.66},{"type":"B","date":"2018-03-27T07:10:40.000Z","volume":2000,"label":"Y","price":2.66},{"type":"B","date":"2018-03-27T07:10:44.000Z","volume":2000,"label":"Y","price":2.66},{"type":"B","date":"2018-03-27T07:10:44.000Z","volume":5000,"label":" ","price":2.66},{"type":"B","date":"2018-03-27T07:10:49.000Z","volume":1000,"label":" ","price":2.66},{"type":"U","date":"2018-03-27T07:11:47.000Z","volume":1000,"label":"X","price":2.667},{"type":"U","date":"2018-03-27T07:11:47.000Z","volume":1000,"label":"X","price":2.667},{"type":"U","date":"2018-03-27T07:11:47.000Z","volume":1000,"label":"X","price":2.667},{"type":"B","date":"2018-03-27T07:14:23.000Z","volume":3000,"label":" ","price":2.66},{"type":"A","date":"2018-03-27T07:15:18.000Z","volume":50000,"label":" ","price":2.67},{"type":"B","date":"2018-03-27T07:16:03.000Z","volume":159000,"label":" ","price":2.66},{"type":"B","date":"2018-03-27T07:16:07.000Z","volume":11000,"label":" ","price":2.65},{"type":"B","date":"2018-03-27T07:16:46.000Z","volume":2000,"label":" ","price":2.65},{"type":"B","date":"2018-03-27T07:18:14.000Z","volume":2000,"label":" ","price":2.65},{"type":"B","date":"2018-03-27T07:18:22.000Z","volume":2000,"label":" ","price":2.65},{"type":"A","date":"2018-03-27T07:18:36.000Z","volume":50000,"label":" ","price":2.66},{"type":"B","date":"2018-03-27T07:20:40.000Z","volume":15000,"label":" ","price":2.65},{"type":"B","date":"2018-03-27T07:20:42.000Z","volume":2000,"label":" ","price":2.65},{"type":"B","date":"2018-03-27T07:21:31.000Z","volume":100000,"label":" ","price":2.65},{"type":"B","date":"2018-03-27T07:21:31.000Z","volume":10000,"label":" ","price":2.65},{"type":"B","date":"2018-03-27T07:21:32.000Z","volume":1000,"label":" ","price":2.65},{"type":"B","date":"2018-03-27T07:21:42.000Z","volume":6000,"label":" ","price":2.65},{"type":"B","date":"2018-03-27T07:21:47.000Z","volume":1000,"label":" ","price":2.64},{"type":"A","date":"2018-03-27T07:22:03.000Z","volume":80000,"label":" ","price":2.65},{"type":"A","date":"2018-03-27T07:22:24.000Z","volume":196000,"label":" ","price":2.65},{"type":"A","date":"2018-03-27T07:22:27.000Z","volume":14000,"label":"Y","price":2.65},{"type":"A","date":"2018-03-27T07:22:27.000Z","volume":3000,"label":" ","price":2.65},{"type":"B","date":"2018-03-27T07:23:25.000Z","volume":19000,"label":"Y","price":2.64},{"type":"B","date":"2018-03-27T07:23:25.000Z","volume":30000,"label":" ","price":2.64},{"type":"A","date":"2018-03-27T07:23:31.000Z","volume":3000,"label":" ","price":2.65},{"type":"A","date":"2018-03-27T07:28:02.000Z","volume":100000,"label":" ","price":2.65},{"type":"A","date":"2018-03-27T07:28:25.000Z","volume":8000,"label":" ","price":2.65},{"type":"A","date":"2018-03-27T07:28:31.000Z","volume":4000,"label":" ","price":2.65},{"type":"A","date":"2018-03-27T07:28:32.000Z","volume":10000,"label":" ","price":2.65},{"type":"A","date":"2018-03-27T07:28:41.000Z","volume":10000,"label":" ","price":2.65},{"type":"A","date":"2018-03-27T07:28:52.000Z","volume":26000,"label":" ","price":2.65},{"type":"U","date":"2018-03-27T07:29:24.000Z","volume":2000,"label":"X","price":2.648},{"type":"U","date":"2018-03-27T07:29:24.000Z","volume":1000,"label":"X","price":2.648},{"type":"U","date":"2018-03-27T07:29:24.000Z","volume":1000,"label":"X","price":2.648},{"type":"B","date":"2018-03-27T07:38:15.000Z","volume":6000,"label":" ","price":2.65},{"type":"U","date":"2018-03-27T07:39:24.000Z","volume":1000,"label":"X","price":2.65},{"type":"U","date":"2018-03-27T07:39:24.000Z","volume":1000,"label":"X","price":2.65},{"type":"U","date":"2018-03-27T07:39:24.000Z","volume":1000,"label":"X","price":2.65},{"type":"A","date":"2018-03-27T07:46:20.000Z","volume":20000,"label":" ","price":2.66},{"type":"A","date":"2018-03-27T07:46:24.000Z","volume":46000,"label":" ","price":2.66},{"type":"U","date":"2018-03-27T07:46:24.000Z","volume":2000,"label":"X","price":2.66},{"type":"U","date":"2018-03-27T07:46:24.000Z","volume":1000,"label":"X","price":2.66},{"type":"U","date":"2018-03-27T07:46:24.000Z","volume":1000,"label":"X","price":2.66},{"type":"B","date":"2018-03-27T07:46:27.000Z","volume":1000,"label":" ","price":2.65},{"type":"U","date":"2018-03-27T07:48:24.000Z","volume":1000,"label":"X","price":2.66},{"type":"A","date":"2018-03-27T07:48:29.000Z","volume":50000,"label":" ","price":2.66},{"type":"B","date":"2018-03-27T07:48:29.000Z","volume":1000,"label":" ","price":2.65},{"type":"U","date":"2018-03-27T07:49:32.000Z","volume":2000,"label":"X","price":2.655},{"type":"A","date":"2018-03-27T07:50:02.000Z","volume":2000,"label":"Y","price":2.66},{"type":"B","date":"2018-03-27T07:50:34.000Z","volume":20000,"label":" ","price":2.65},{"type":"A","date":"2018-03-27T07:51:02.000Z","volume":2000,"label":"Y","price":2.66},{"type":"A","date":"2018-03-27T07:51:32.000Z","volume":2000,"label":"Y","price":2.66},{"type":"B","date":"2018-03-27T07:51:57.000Z","volume":27000,"label":" ","price":2.65},{"type":"B","date":"2018-03-27T07:51:57.000Z","volume":7000,"label":" ","price":2.65},{"type":"B","date":"2018-03-27T07:52:02.000Z","volume":1000,"label":" ","price":2.65},{"type":"A","date":"2018-03-27T07:52:32.000Z","volume":1000,"label":"Y","price":2.66},{"type":"A","date":"2018-03-27T07:52:32.000Z","volume":1000,"label":" ","price":2.66},{"type":"B","date":"2018-03-27T07:52:43.000Z","volume":50000,"label":" ","price":2.65},{"type":"B","date":"2018-03-27T07:52:43.000Z","volume":1000,"label":" ","price":2.65},{"type":"B","date":"2018-03-27T07:53:04.000Z","volume":100000,"label":" ","price":2.65},{"type":"B","date":"2018-03-27T07:53:04.000Z","volume":2000,"label":" ","price":2.65},{"type":"B","date":"2018-03-27T07:53:31.000Z","volume":1000,"label":" ","price":2.65},{"type":"B","date":"2018-03-27T07:53:41.000Z","volume":85000,"label":" ","price":2.65},{"type":"B","date":"2018-03-27T07:55:15.000Z","volume":26000,"label":" ","price":2.65},{"type":"B","date":"2018-03-27T07:55:26.000Z","volume":42000,"label":" ","price":2.65},{"type":"B","date":"2018-03-27T07:55:29.000Z","volume":1000,"label":" ","price":2.65},{"type":"B","date":"2018-03-27T07:55:59.000Z","volume":12000,"label":" ","price":2.65},{"type":"B","date":"2018-03-27T07:56:01.000Z","volume":10000,"label":" ","price":2.65},{"type":"B","date":"2018-03-27T07:56:41.000Z","volume":13000,"label":" ","price":2.65},{"type":"B","date":"2018-03-27T07:56:42.000Z","volume":4000,"label":"Y","price":2.64},{"type":"B","date":"2018-03-27T07:57:14.000Z","volume":1000,"label":"Y","price":2.64},{"type":"B","date":"2018-03-27T07:57:22.000Z","volume":13000,"label":"Y","price":2.64},{"type":"B","date":"2018-03-27T07:58:27.000Z","volume":10000,"label":" ","price":2.64},{"type":"B","date":"2018-03-27T07:58:29.000Z","volume":26000,"label":"Y","price":2.64},{"type":"A","date":"2018-03-27T07:59:09.000Z","volume":1000,"label":" ","price":2.65},{"type":"B","date":"2018-03-27T07:59:13.000Z","volume":15000,"label":"Y","price":2.64},{"type":"U","date":"2018-03-27T07:59:17.000Z","volume":1000,"label":"X","price":2.645},{"type":"U","date":"2018-03-27T07:59:22.000Z","volume":1000,"label":"X","price":2.645},{"type":"U","date":"2018-03-27T07:59:28.000Z","volume":1000,"label":"X","price":2.645},{"type":"A","date":"2018-03-27T07:59:29.000Z","volume":1000,"label":" ","price":2.65},{"type":"U","date":"2018-03-27T08:08:29.000Z","volume":223000,"label":"U","price":2.64}]