[{"type":"U","date":"2018-04-13T01:20:00.000Z","volume":90000,"label":"U","price":0.255},{"type":"A","date":"2018-04-13T01:36:13.000Z","volume":120000,"label":" ","price":0.255},{"type":"B","date":"2018-04-13T01:39:28.000Z","volume":930000,"label":" ","price":0.255},{"type":"A","date":"2018-04-13T01:40:35.000Z","volume":120000,"label":" ","price":0.255},{"type":"A","date":"2018-04-13T01:41:44.000Z","volume":420000,"label":" ","price":0.26},{"type":"A","date":"2018-04-13T01:41:44.000Z","volume":60000,"label":" ","price":0.265},{"type":"A","date":"2018-04-13T01:41:44.000Z","volume":60000,"label":" ","price":0.27},{"type":"A","date":"2018-04-13T01:41:44.000Z","volume":390000,"label":" ","price":0.275},{"type":"A","date":"2018-04-13T01:41:44.000Z","volume":60000,"label":" ","price":0.28},{"type":"A","date":"2018-04-13T01:41:58.000Z","volume":180000,"label":" ","price":0.28},{"type":"A","date":"2018-04-13T01:41:58.000Z","volume":780000,"label":" ","price":0.285},{"type":"A","date":"2018-04-13T01:41:58.000Z","volume":120000,"label":" ","price":0.29},{"type":"A","date":"2018-04-13T01:42:56.000Z","volume":300000,"label":" ","price":0.285},{"type":"A","date":"2018-04-13T01:42:56.000Z","volume":300000,"label":" ","price":0.29},{"type":"A","date":"2018-04-13T01:43:20.000Z","volume":210000,"label":" ","price":0.28},{"type":"A","date":"2018-04-13T01:43:20.000Z","volume":1050000,"label":" ","price":0.29},{"type":"A","date":"2018-04-13T01:43:20.000Z","volume":1740000,"label":" ","price":0.295},{"type":"A","date":"2018-04-13T01:44:36.000Z","volume":120000,"label":" ","price":0.285},{"type":"A","date":"2018-04-13T01:44:36.000Z","volume":300000,"label":" ","price":0.29},{"type":"A","date":"2018-04-13T01:44:36.000Z","volume":780000,"label":" ","price":0.295},{"type":"A","date":"2018-04-13T01:44:48.000Z","volume":270000,"label":" ","price":0.295},{"type":"A","date":"2018-04-13T01:45:04.000Z","volume":180000,"label":" ","price":0.295},{"type":"A","date":"2018-04-13T01:45:41.000Z","volume":180000,"label":" ","price":0.295},{"type":"A","date":"2018-04-13T01:53:20.000Z","volume":30000,"label":" ","price":0.29},{"type":"B","date":"2018-04-13T01:55:42.000Z","volume":60000,"label":" ","price":0.28},{"type":"B","date":"2018-04-13T01:56:02.000Z","volume":30000,"label":" ","price":0.275},{"type":"B","date":"2018-04-13T01:56:02.000Z","volume":60000,"label":" ","price":0.27},{"type":"B","date":"2018-04-13T02:01:26.000Z","volume":60000,"label":" ","price":0.27},{"type":"B","date":"2018-04-13T02:10:05.000Z","volume":30000,"label":" ","price":0.275},{"type":"A","date":"2018-04-13T02:10:13.000Z","volume":30000,"label":" ","price":0.275},{"type":"A","date":"2018-04-13T02:29:07.000Z","volume":120000,"label":" ","price":0.27},{"type":"A","date":"2018-04-13T02:29:08.000Z","volume":60000,"label":" ","price":0.27},{"type":"B","date":"2018-04-13T03:39:57.000Z","volume":30000,"label":" ","price":0.265},{"type":"B","date":"2018-04-13T05:21:52.000Z","volume":90000,"label":" ","price":0.265},{"type":"B","date":"2018-04-13T05:36:31.000Z","volume":300000,"label":" ","price":0.265},{"type":"A","date":"2018-04-13T06:00:07.000Z","volume":30000,"label":" ","price":0.265},{"type":"A","date":"2018-04-13T06:03:47.000Z","volume":60000,"label":" ","price":0.27},{"type":"B","date":"2018-04-13T06:12:09.000Z","volume":30000,"label":" ","price":0.265},{"type":"B","date":"2018-04-13T06:33:13.000Z","volume":30000,"label":" ","price":0.265},{"type":"B","date":"2018-04-13T06:33:13.000Z","volume":60000,"label":" ","price":0.26},{"type":"A","date":"2018-04-13T06:35:00.000Z","volume":30000,"label":" ","price":0.27},{"type":"A","date":"2018-04-13T06:35:00.000Z","volume":90000,"label":" ","price":0.275},{"type":"A","date":"2018-04-13T06:35:00.000Z","volume":480000,"label":" ","price":0.28},{"type":"A","date":"2018-04-13T06:35:00.000Z","volume":600000,"label":" ","price":0.285},{"type":"A","date":"2018-04-13T06:35:14.000Z","volume":30000,"label":" ","price":0.28},{"type":"A","date":"2018-04-13T06:35:14.000Z","volume":1200000,"label":" ","price":0.285},{"type":"A","date":"2018-04-13T06:35:14.000Z","volume":270000,"label":" ","price":0.29},{"type":"A","date":"2018-04-13T06:36:12.000Z","volume":1080000,"label":" ","price":0.29},{"type":"A","date":"2018-04-13T06:36:12.000Z","volume":720000,"label":" ","price":0.295},{"type":"A","date":"2018-04-13T06:36:43.000Z","volume":2490000,"label":" ","price":0.295},{"type":"A","date":"2018-04-13T06:36:43.000Z","volume":30000,"label":" ","price":0.3},{"type":"A","date":"2018-04-13T06:37:36.000Z","volume":60000,"label":" ","price":0.295},{"type":"A","date":"2018-04-13T06:37:36.000Z","volume":60000,"label":" ","price":0.3},{"type":"B","date":"2018-04-13T06:40:54.000Z","volume":180000,"label":" ","price":0.275},{"type":"B","date":"2018-04-13T06:40:54.000Z","volume":600000,"label":" ","price":0.27},{"type":"B","date":"2018-04-13T06:40:54.000Z","volume":720000,"label":" ","price":0.265},{"type":"B","date":"2018-04-13T06:42:41.000Z","volume":1020000,"label":" ","price":0.265},{"type":"B","date":"2018-04-13T06:42:41.000Z","volume":1980000,"label":" ","price":0.26},{"type":"B","date":"2018-04-13T06:43:44.000Z","volume":690000,"label":" ","price":0.26},{"type":"B","date":"2018-04-13T06:43:44.000Z","volume":2610000,"label":" ","price":0.255},{"type":"A","date":"2018-04-13T06:44:43.000Z","volume":30000,"label":" ","price":0.26},{"type":"B","date":"2018-04-13T06:45:15.000Z","volume":30000,"label":" ","price":0.26},{"type":"A","date":"2018-04-13T06:46:48.000Z","volume":90000,"label":" ","price":0.265},{"type":"A","date":"2018-04-13T06:48:14.000Z","volume":150000,"label":" ","price":0.265},{"type":"B","date":"2018-04-13T06:49:37.000Z","volume":600000,"label":" ","price":0.26},{"type":"B","date":"2018-04-13T06:49:37.000Z","volume":1020000,"label":" ","price":0.255},{"type":"B","date":"2018-04-13T06:50:01.000Z","volume":90000,"label":" ","price":0.255},{"type":"B","date":"2018-04-13T06:50:12.000Z","volume":120000,"label":" ","price":0.255},{"type":"A","date":"2018-04-13T07:00:09.000Z","volume":120000,"label":" ","price":0.26},{"type":"A","date":"2018-04-13T07:00:09.000Z","volume":540000,"label":" ","price":0.265},{"type":"A","date":"2018-04-13T07:00:09.000Z","volume":420000,"label":" ","price":0.27},{"type":"A","date":"2018-04-13T07:00:09.000Z","volume":750000,"label":" ","price":0.275},{"type":"A","date":"2018-04-13T07:00:09.000Z","volume":1170000,"label":" ","price":0.28},{"type":"A","date":"2018-04-13T07:00:51.000Z","volume":390000,"label":" ","price":0.28},{"type":"A","date":"2018-04-13T07:00:51.000Z","volume":390000,"label":" ","price":0.285},{"type":"A","date":"2018-04-13T07:00:51.000Z","volume":2580000,"label":" ","price":0.29},{"type":"A","date":"2018-04-13T07:00:51.000Z","volume":240000,"label":" ","price":0.295},{"type":"A","date":"2018-04-13T07:01:11.000Z","volume":2520000,"label":" ","price":0.295},{"type":"A","date":"2018-04-13T07:01:11.000Z","volume":30000,"label":" ","price":0.3},{"type":"A","date":"2018-04-13T07:10:43.000Z","volume":120000,"label":" ","price":0.28},{"type":"A","date":"2018-04-13T07:10:43.000Z","volume":30000,"label":" ","price":0.285},{"type":"A","date":"2018-04-13T07:10:43.000Z","volume":600000,"label":" ","price":0.29},{"type":"A","date":"2018-04-13T07:10:43.000Z","volume":240000,"label":" ","price":0.295},{"type":"A","date":"2018-04-13T07:10:59.000Z","volume":3390000,"label":" ","price":0.295},{"type":"A","date":"2018-04-13T07:10:59.000Z","volume":210000,"label":" ","price":0.3},{"type":"A","date":"2018-04-13T07:42:51.000Z","volume":90000,"label":" ","price":0.29},{"type":"A","date":"2018-04-13T07:50:18.000Z","volume":60000,"label":" ","price":0.29},{"type":"A","date":"2018-04-13T07:52:06.000Z","volume":90000,"label":" ","price":0.29},{"type":"B","date":"2018-04-13T07:55:15.000Z","volume":30000,"label":" ","price":0.28},{"type":"B","date":"2018-04-13T07:58:00.000Z","volume":30000,"label":" ","price":0.28}]