[{"type":"U","date":"2018-03-20T01:20:00.000Z","volume":78000,"label":"U","price":6.93},{"type":"A","date":"2018-03-20T01:30:07.000Z","volume":2000,"label":" ","price":6.99},{"type":"B","date":"2018-03-20T01:30:17.000Z","volume":4800,"label":" ","price":7},{"type":"B","date":"2018-03-20T01:30:17.000Z","volume":4000,"label":" ","price":7},{"type":"B","date":"2018-03-20T01:30:18.000Z","volume":400,"label":"Y","price":6.94},{"type":"B","date":"2018-03-20T01:30:18.000Z","volume":400,"label":" ","price":6.94},{"type":"B","date":"2018-03-20T01:30:18.000Z","volume":400,"label":" ","price":6.93},{"type":"B","date":"2018-03-20T01:34:59.000Z","volume":4800,"label":" ","price":6.99},{"type":"B","date":"2018-03-20T01:35:21.000Z","volume":800,"label":" ","price":6.96},{"type":"B","date":"2018-03-20T01:36:59.000Z","volume":4000,"label":" ","price":6.96},{"type":"B","date":"2018-03-20T01:36:59.000Z","volume":800,"label":" ","price":6.96},{"type":"A","date":"2018-03-20T01:38:05.000Z","volume":6000,"label":" ","price":6.97},{"type":"A","date":"2018-03-20T01:38:05.000Z","volume":13600,"label":" ","price":6.97},{"type":"B","date":"2018-03-20T01:38:05.000Z","volume":1600,"label":"Y","price":6.96},{"type":"A","date":"2018-03-20T01:38:53.000Z","volume":22000,"label":" ","price":6.98},{"type":"A","date":"2018-03-20T01:38:53.000Z","volume":10400,"label":" ","price":6.99},{"type":"A","date":"2018-03-20T01:38:53.000Z","volume":1200,"label":" ","price":6.98},{"type":"A","date":"2018-03-20T01:38:54.000Z","volume":1200,"label":" ","price":7},{"type":"A","date":"2018-03-20T01:38:54.000Z","volume":400,"label":" ","price":7},{"type":"B","date":"2018-03-20T01:39:01.000Z","volume":3600,"label":" ","price":7.01},{"type":"A","date":"2018-03-20T01:39:01.000Z","volume":800,"label":" ","price":7.02},{"type":"B","date":"2018-03-20T01:39:42.000Z","volume":3200,"label":" ","price":7},{"type":"B","date":"2018-03-20T01:41:41.000Z","volume":3600,"label":" ","price":6.99},{"type":"A","date":"2018-03-20T01:41:46.000Z","volume":16000,"label":" ","price":7},{"type":"B","date":"2018-03-20T01:42:40.000Z","volume":18800,"label":" ","price":6.99},{"type":"B","date":"2018-03-20T01:42:40.000Z","volume":14000,"label":" ","price":6.98},{"type":"B","date":"2018-03-20T01:42:40.000Z","volume":17200,"label":" ","price":6.97},{"type":"B","date":"2018-03-20T01:42:40.000Z","volume":1200,"label":" ","price":6.99},{"type":"A","date":"2018-03-20T01:42:40.000Z","volume":800,"label":"Y","price":7},{"type":"A","date":"2018-03-20T01:42:40.000Z","volume":4400,"label":" ","price":7},{"type":"B","date":"2018-03-20T01:42:40.000Z","volume":3600,"label":" ","price":6.97},{"type":"A","date":"2018-03-20T01:42:54.000Z","volume":2800,"label":" ","price":7},{"type":"A","date":"2018-03-20T01:42:54.000Z","volume":2000,"label":"Y","price":7},{"type":"A","date":"2018-03-20T01:42:54.000Z","volume":2800,"label":" ","price":7},{"type":"B","date":"2018-03-20T01:42:54.000Z","volume":2000,"label":" ","price":6.97},{"type":"A","date":"2018-03-20T01:43:36.000Z","volume":4000,"label":"Y","price":7},{"type":"A","date":"2018-03-20T01:43:36.000Z","volume":8800,"label":" ","price":7},{"type":"B","date":"2018-03-20T01:43:37.000Z","volume":1200,"label":" ","price":6.98},{"type":"B","date":"2018-03-20T01:43:46.000Z","volume":800,"label":" ","price":6.98},{"type":"B","date":"2018-03-20T01:43:46.000Z","volume":5200,"label":" ","price":6.98},{"type":"A","date":"2018-03-20T01:43:51.000Z","volume":2400,"label":"Y","price":7},{"type":"A","date":"2018-03-20T01:43:51.000Z","volume":2000,"label":" ","price":7},{"type":"A","date":"2018-03-20T01:43:54.000Z","volume":2000,"label":" ","price":7},{"type":"A","date":"2018-03-20T01:44:30.000Z","volume":8000,"label":" ","price":7},{"type":"A","date":"2018-03-20T01:44:30.000Z","volume":4000,"label":" ","price":7},{"type":"U","date":"2018-03-20T01:44:31.000Z","volume":2400,"label":" ","price":7},{"type":"A","date":"2018-03-20T01:45:18.000Z","volume":1600,"label":"Y","price":7.01},{"type":"A","date":"2018-03-20T01:45:18.000Z","volume":8000,"label":" ","price":7.01},{"type":"B","date":"2018-03-20T01:45:18.000Z","volume":800,"label":" ","price":7},{"type":"B","date":"2018-03-20T01:45:21.000Z","volume":12000,"label":" ","price":7},{"type":"B","date":"2018-03-20T01:45:21.000Z","volume":2400,"label":" ","price":7},{"type":"B","date":"2018-03-20T01:45:21.000Z","volume":800,"label":" ","price":7},{"type":"B","date":"2018-03-20T01:45:21.000Z","volume":1200,"label":" ","price":7},{"type":"B","date":"2018-03-20T01:45:37.000Z","volume":16000,"label":" ","price":7},{"type":"B","date":"2018-03-20T01:45:37.000Z","volume":2800,"label":" ","price":7},{"type":"A","date":"2018-03-20T01:45:38.000Z","volume":400,"label":" ","price":7},{"type":"A","date":"2018-03-20T01:48:22.000Z","volume":1200,"label":"Y","price":7.01},{"type":"A","date":"2018-03-20T01:48:22.000Z","volume":9600,"label":" ","price":7.01},{"type":"A","date":"2018-03-20T01:48:59.000Z","volume":1200,"label":" ","price":6.99},{"type":"B","date":"2018-03-20T01:49:55.000Z","volume":20800,"label":" ","price":6.98},{"type":"B","date":"2018-03-20T01:49:55.000Z","volume":69200,"label":" ","price":6.97},{"type":"B","date":"2018-03-20T01:49:55.000Z","volume":1200,"label":" ","price":6.97},{"type":"B","date":"2018-03-20T01:49:55.000Z","volume":800,"label":" ","price":6.97},{"type":"B","date":"2018-03-20T01:49:55.000Z","volume":3200,"label":" ","price":6.96},{"type":"U","date":"2018-03-20T01:49:55.000Z","volume":400,"label":" ","price":6.98},{"type":"U","date":"2018-03-20T01:49:55.000Z","volume":2400,"label":" ","price":6.98},{"type":"B","date":"2018-03-20T01:50:23.000Z","volume":800,"label":" ","price":6.97},{"type":"B","date":"2018-03-20T01:50:23.000Z","volume":2400,"label":" ","price":6.97},{"type":"B","date":"2018-03-20T01:50:48.000Z","volume":35200,"label":" ","price":6.96},{"type":"B","date":"2018-03-20T01:50:48.000Z","volume":54400,"label":" ","price":6.95},{"type":"B","date":"2018-03-20T01:50:48.000Z","volume":400,"label":" ","price":6.95},{"type":"B","date":"2018-03-20T01:50:48.000Z","volume":3200,"label":" ","price":6.95},{"type":"B","date":"2018-03-20T01:50:48.000Z","volume":1200,"label":" ","price":6.95},{"type":"B","date":"2018-03-20T01:50:48.000Z","volume":800,"label":" ","price":6.94},{"type":"B","date":"2018-03-20T01:50:48.000Z","volume":11600,"label":" ","price":6.94},{"type":"B","date":"2018-03-20T01:50:48.000Z","volume":1600,"label":" ","price":6.94},{"type":"B","date":"2018-03-20T01:50:49.000Z","volume":2800,"label":" ","price":6.94},{"type":"A","date":"2018-03-20T01:50:57.000Z","volume":17200,"label":" ","price":6.95},{"type":"A","date":"2018-03-20T01:51:13.000Z","volume":17600,"label":" ","price":6.95},{"type":"A","date":"2018-03-20T01:51:28.000Z","volume":17600,"label":" ","price":6.95},{"type":"A","date":"2018-03-20T01:51:43.000Z","volume":10800,"label":" ","price":6.95},{"type":"A","date":"2018-03-20T01:51:43.000Z","volume":6800,"label":" ","price":6.96},{"type":"B","date":"2018-03-20T01:51:53.000Z","volume":6000,"label":" ","price":6.97},{"type":"B","date":"2018-03-20T01:51:53.000Z","volume":2000,"label":" ","price":6.97},{"type":"A","date":"2018-03-20T01:56:25.000Z","volume":1200,"label":" ","price":6.98},{"type":"B","date":"2018-03-20T01:57:27.000Z","volume":24800,"label":" ","price":6.97},{"type":"A","date":"2018-03-20T01:57:44.000Z","volume":17600,"label":" ","price":6.97},{"type":"A","date":"2018-03-20T01:57:59.000Z","volume":17200,"label":" ","price":6.97},{"type":"A","date":"2018-03-20T01:58:14.000Z","volume":4400,"label":" ","price":6.97},{"type":"B","date":"2018-03-20T01:58:47.000Z","volume":10000,"label":" ","price":6.97},{"type":"A","date":"2018-03-20T01:58:59.000Z","volume":17600,"label":" ","price":6.97},{"type":"A","date":"2018-03-20T01:59:14.000Z","volume":17600,"label":" ","price":6.97},{"type":"A","date":"2018-03-20T01:59:28.000Z","volume":2800,"label":" ","price":6.97},{"type":"B","date":"2018-03-20T01:59:37.000Z","volume":5600,"label":" ","price":6.97},{"type":"B","date":"2018-03-20T02:00:38.000Z","volume":31200,"label":" ","price":6.97},{"type":"A","date":"2018-03-20T02:00:44.000Z","volume":17600,"label":" ","price":6.97},{"type":"A","date":"2018-03-20T02:00:44.000Z","volume":4400,"label":" ","price":6.97},{"type":"A","date":"2018-03-20T02:00:59.000Z","volume":1200,"label":" ","price":6.97},{"type":"A","date":"2018-03-20T02:00:59.000Z","volume":400,"label":" ","price":6.97},{"type":"B","date":"2018-03-20T02:02:01.000Z","volume":4000,"label":" ","price":6.97},{"type":"B","date":"2018-03-20T02:05:30.000Z","volume":7200,"label":" ","price":6.97},{"type":"B","date":"2018-03-20T02:07:47.000Z","volume":6400,"label":" ","price":6.97},{"type":"B","date":"2018-03-20T02:09:07.000Z","volume":46400,"label":" ","price":6.97},{"type":"B","date":"2018-03-20T02:09:07.000Z","volume":800,"label":" ","price":6.97},{"type":"A","date":"2018-03-20T02:09:07.000Z","volume":5600,"label":"Y","price":6.98},{"type":"A","date":"2018-03-20T02:09:07.000Z","volume":12800,"label":" ","price":6.98},{"type":"B","date":"2018-03-20T02:09:07.000Z","volume":2000,"label":" ","price":6.97},{"type":"B","date":"2018-03-20T02:09:07.000Z","volume":400,"label":" ","price":6.97},{"type":"A","date":"2018-03-20T02:09:14.000Z","volume":17600,"label":" ","price":6.97},{"type":"A","date":"2018-03-20T02:09:21.000Z","volume":4400,"label":" ","price":6.97},{"type":"A","date":"2018-03-20T02:09:29.000Z","volume":17600,"label":" ","price":6.97},{"type":"A","date":"2018-03-20T02:09:44.000Z","volume":8000,"label":" ","price":6.97},{"type":"A","date":"2018-03-20T02:09:46.000Z","volume":2000,"label":" ","price":6.98},{"type":"A","date":"2018-03-20T02:09:46.000Z","volume":6000,"label":" ","price":7},{"type":"U","date":"2018-03-20T02:10:17.000Z","volume":2400,"label":"Y","price":6.99},{"type":"A","date":"2018-03-20T02:10:17.000Z","volume":4000,"label":" ","price":7},{"type":"A","date":"2018-03-20T02:10:22.000Z","volume":800,"label":" ","price":7},{"type":"A","date":"2018-03-20T02:11:26.000Z","volume":10000,"label":" ","price":7},{"type":"A","date":"2018-03-20T02:11:26.000Z","volume":46400,"label":" ","price":7},{"type":"A","date":"2018-03-20T02:12:11.000Z","volume":4800,"label":" ","price":7},{"type":"A","date":"2018-03-20T02:13:30.000Z","volume":3200,"label":"Y","price":7},{"type":"A","date":"2018-03-20T02:13:30.000Z","volume":24000,"label":" ","price":7},{"type":"B","date":"2018-03-20T02:13:30.000Z","volume":400,"label":" ","price":6.98},{"type":"U","date":"2018-03-20T02:13:44.000Z","volume":4800,"label":" ","price":6.98},{"type":"A","date":"2018-03-20T02:14:42.000Z","volume":2800,"label":"Y","price":6.98},{"type":"A","date":"2018-03-20T02:14:42.000Z","volume":8800,"label":" ","price":6.98},{"type":"A","date":"2018-03-20T02:14:42.000Z","volume":400,"label":" ","price":6.98},{"type":"B","date":"2018-03-20T02:14:54.000Z","volume":2000,"label":" ","price":6.97},{"type":"A","date":"2018-03-20T02:15:19.000Z","volume":4800,"label":" ","price":6.98},{"type":"A","date":"2018-03-20T02:15:59.000Z","volume":1200,"label":"Y","price":6.98},{"type":"A","date":"2018-03-20T02:15:59.000Z","volume":7600,"label":" ","price":6.98},{"type":"A","date":"2018-03-20T02:16:20.000Z","volume":2000,"label":"Y","price":6.98},{"type":"A","date":"2018-03-20T02:16:20.000Z","volume":8000,"label":" ","price":6.98},{"type":"A","date":"2018-03-20T02:16:20.000Z","volume":4400,"label":" ","price":6.98},{"type":"A","date":"2018-03-20T02:16:21.000Z","volume":6800,"label":" ","price":6.98},{"type":"A","date":"2018-03-20T02:16:24.000Z","volume":400,"label":" ","price":6.98},{"type":"A","date":"2018-03-20T02:16:34.000Z","volume":400,"label":" ","price":6.98},{"type":"A","date":"2018-03-20T02:17:18.000Z","volume":2800,"label":"Y","price":6.98},{"type":"A","date":"2018-03-20T02:17:18.000Z","volume":6000,"label":" ","price":6.98},{"type":"A","date":"2018-03-20T02:17:18.000Z","volume":2400,"label":" ","price":6.99},{"type":"B","date":"2018-03-20T02:17:57.000Z","volume":400,"label":" ","price":6.98},{"type":"A","date":"2018-03-20T02:18:00.000Z","volume":1200,"label":"Y","price":6.99},{"type":"A","date":"2018-03-20T02:18:00.000Z","volume":5200,"label":" ","price":6.99},{"type":"B","date":"2018-03-20T02:18:00.000Z","volume":6800,"label":" ","price":6.98},{"type":"B","date":"2018-03-20T02:18:00.000Z","volume":800,"label":" ","price":6.98},{"type":"A","date":"2018-03-20T02:18:32.000Z","volume":4800,"label":" ","price":6.99},{"type":"A","date":"2018-03-20T02:18:39.000Z","volume":3200,"label":" ","price":6.99},{"type":"A","date":"2018-03-20T02:18:59.000Z","volume":2400,"label":" ","price":6.99},{"type":"B","date":"2018-03-20T02:20:11.000Z","volume":6000,"label":" ","price":6.98},{"type":"B","date":"2018-03-20T02:20:11.000Z","volume":800,"label":" ","price":6.98},{"type":"A","date":"2018-03-20T02:20:20.000Z","volume":20400,"label":" ","price":7},{"type":"B","date":"2018-03-20T02:20:20.000Z","volume":800,"label":" ","price":6.98},{"type":"B","date":"2018-03-20T02:20:23.000Z","volume":400,"label":" ","price":6.99},{"type":"A","date":"2018-03-20T02:22:17.000Z","volume":20800,"label":" ","price":7},{"type":"A","date":"2018-03-20T02:22:17.000Z","volume":400,"label":"Y","price":7},{"type":"A","date":"2018-03-20T02:22:17.000Z","volume":400,"label":" ","price":7},{"type":"B","date":"2018-03-20T02:22:27.000Z","volume":400,"label":" ","price":6.99},{"type":"A","date":"2018-03-20T02:22:44.000Z","volume":6800,"label":" ","price":6.99},{"type":"A","date":"2018-03-20T02:24:30.000Z","volume":6000,"label":" ","price":6.99},{"type":"A","date":"2018-03-20T02:24:30.000Z","volume":400,"label":" ","price":6.99},{"type":"A","date":"2018-03-20T02:24:50.000Z","volume":18000,"label":" ","price":6.99},{"type":"A","date":"2018-03-20T02:24:50.000Z","volume":400,"label":"Y","price":6.99},{"type":"A","date":"2018-03-20T02:25:24.000Z","volume":4800,"label":" ","price":6.99},{"type":"A","date":"2018-03-20T02:25:24.000Z","volume":400,"label":" ","price":6.99},{"type":"A","date":"2018-03-20T02:26:02.000Z","volume":6000,"label":" ","price":6.99},{"type":"B","date":"2018-03-20T02:26:09.000Z","volume":800,"label":" ","price":6.98},{"type":"A","date":"2018-03-20T02:28:19.000Z","volume":2000,"label":" ","price":6.99},{"type":"B","date":"2018-03-20T02:28:23.000Z","volume":9200,"label":" ","price":6.98},{"type":"A","date":"2018-03-20T02:28:23.000Z","volume":4000,"label":" ","price":6.99},{"type":"A","date":"2018-03-20T02:28:24.000Z","volume":400,"label":" ","price":6.99},{"type":"A","date":"2018-03-20T02:28:36.000Z","volume":800,"label":" ","price":6.99},{"type":"B","date":"2018-03-20T02:32:11.000Z","volume":7200,"label":" ","price":6.98},{"type":"B","date":"2018-03-20T02:32:11.000Z","volume":20000,"label":" ","price":6.98},{"type":"A","date":"2018-03-20T02:33:08.000Z","volume":400,"label":"Y","price":6.99},{"type":"B","date":"2018-03-20T02:33:30.000Z","volume":3200,"label":" ","price":6.98},{"type":"B","date":"2018-03-20T02:33:30.000Z","volume":4800,"label":" ","price":6.98},{"type":"B","date":"2018-03-20T02:35:03.000Z","volume":56400,"label":" ","price":6.97},{"type":"U","date":"2018-03-20T02:35:03.000Z","volume":800,"label":" ","price":6.97},{"type":"A","date":"2018-03-20T02:35:14.000Z","volume":400,"label":"Y","price":6.99},{"type":"A","date":"2018-03-20T02:35:26.000Z","volume":1200,"label":" ","price":6.99},{"type":"B","date":"2018-03-20T02:38:04.000Z","volume":23200,"label":" ","price":6.96},{"type":"B","date":"2018-03-20T02:38:04.000Z","volume":400,"label":" ","price":6.96},{"type":"U","date":"2018-03-20T02:38:10.000Z","volume":800,"label":" ","price":6.96},{"type":"B","date":"2018-03-20T02:38:15.000Z","volume":64000,"label":" ","price":6.95},{"type":"U","date":"2018-03-20T02:38:15.000Z","volume":800,"label":" ","price":6.95},{"type":"B","date":"2018-03-20T02:38:24.000Z","volume":40800,"label":" ","price":6.94},{"type":"B","date":"2018-03-20T02:38:24.000Z","volume":22000,"label":" ","price":6.94},{"type":"U","date":"2018-03-20T02:38:24.000Z","volume":2000,"label":" ","price":6.94},{"type":"A","date":"2018-03-20T02:38:32.000Z","volume":17600,"label":" ","price":6.96},{"type":"B","date":"2018-03-20T02:38:35.000Z","volume":2800,"label":" ","price":6.94},{"type":"A","date":"2018-03-20T02:38:48.000Z","volume":17600,"label":" ","price":6.96},{"type":"A","date":"2018-03-20T02:39:03.000Z","volume":17600,"label":" ","price":6.96},{"type":"A","date":"2018-03-20T02:39:18.000Z","volume":17200,"label":" ","price":6.96},{"type":"A","date":"2018-03-20T02:39:29.000Z","volume":3200,"label":" ","price":6.96},{"type":"A","date":"2018-03-20T02:39:33.000Z","volume":17600,"label":" ","price":6.96},{"type":"A","date":"2018-03-20T02:39:48.000Z","volume":17600,"label":" ","price":6.96},{"type":"A","date":"2018-03-20T02:39:49.000Z","volume":400,"label":" ","price":6.96},{"type":"A","date":"2018-03-20T02:40:02.000Z","volume":17600,"label":" ","price":6.96},{"type":"A","date":"2018-03-20T02:40:03.000Z","volume":3600,"label":" ","price":6.96},{"type":"A","date":"2018-03-20T02:40:17.000Z","volume":17600,"label":" ","price":6.96},{"type":"A","date":"2018-03-20T02:40:32.000Z","volume":2000,"label":" ","price":6.96},{"type":"A","date":"2018-03-20T02:40:32.000Z","volume":1600,"label":" ","price":6.97},{"type":"A","date":"2018-03-20T02:40:48.000Z","volume":2400,"label":" ","price":6.97},{"type":"B","date":"2018-03-20T02:41:14.000Z","volume":3200,"label":"Y","price":6.97},{"type":"B","date":"2018-03-20T02:41:14.000Z","volume":26400,"label":" ","price":6.97},{"type":"B","date":"2018-03-20T02:41:14.000Z","volume":6800,"label":" ","price":6.97},{"type":"A","date":"2018-03-20T02:41:33.000Z","volume":11200,"label":" ","price":6.96},{"type":"B","date":"2018-03-20T02:41:41.000Z","volume":400,"label":" ","price":6.96},{"type":"A","date":"2018-03-20T02:41:48.000Z","volume":17200,"label":" ","price":6.97},{"type":"A","date":"2018-03-20T02:42:03.000Z","volume":4000,"label":" ","price":6.97},{"type":"B","date":"2018-03-20T02:42:03.000Z","volume":13600,"label":" ","price":6.97},{"type":"B","date":"2018-03-20T02:42:05.000Z","volume":2000,"label":" ","price":6.96},{"type":"A","date":"2018-03-20T02:42:18.000Z","volume":17600,"label":" ","price":6.97},{"type":"A","date":"2018-03-20T02:44:44.000Z","volume":8000,"label":" ","price":6.97},{"type":"B","date":"2018-03-20T02:45:47.000Z","volume":400,"label":" ","price":6.96},{"type":"B","date":"2018-03-20T02:45:51.000Z","volume":27600,"label":" ","price":6.96},{"type":"B","date":"2018-03-20T02:45:58.000Z","volume":400,"label":" ","price":6.95},{"type":"B","date":"2018-03-20T02:46:20.000Z","volume":2000,"label":" ","price":6.95},{"type":"B","date":"2018-03-20T02:46:22.000Z","volume":1200,"label":" ","price":6.94},{"type":"B","date":"2018-03-20T02:46:23.000Z","volume":4400,"label":" ","price":6.94},{"type":"B","date":"2018-03-20T02:46:24.000Z","volume":2000,"label":" ","price":6.94},{"type":"A","date":"2018-03-20T02:49:22.000Z","volume":3200,"label":" ","price":6.94},{"type":"B","date":"2018-03-20T02:49:28.000Z","volume":7600,"label":" ","price":6.93},{"type":"B","date":"2018-03-20T02:51:42.000Z","volume":6800,"label":" ","price":6.93},{"type":"B","date":"2018-03-20T02:52:04.000Z","volume":116400,"label":" ","price":6.93},{"type":"B","date":"2018-03-20T02:52:04.000Z","volume":1600,"label":" ","price":6.92},{"type":"B","date":"2018-03-20T02:52:35.000Z","volume":400,"label":" ","price":6.92},{"type":"B","date":"2018-03-20T02:53:22.000Z","volume":1600,"label":" ","price":6.92},{"type":"B","date":"2018-03-20T02:53:22.000Z","volume":8400,"label":" ","price":6.92},{"type":"B","date":"2018-03-20T02:53:22.000Z","volume":4800,"label":" ","price":6.92},{"type":"B","date":"2018-03-20T02:53:22.000Z","volume":28800,"label":" ","price":6.92},{"type":"B","date":"2018-03-20T02:53:42.000Z","volume":6400,"label":" ","price":6.91},{"type":"B","date":"2018-03-20T02:53:42.000Z","volume":2800,"label":" ","price":6.91},{"type":"A","date":"2018-03-20T02:54:04.000Z","volume":20000,"label":" ","price":6.92},{"type":"A","date":"2018-03-20T02:55:57.000Z","volume":3200,"label":" ","price":6.92},{"type":"A","date":"2018-03-20T02:55:57.000Z","volume":20000,"label":" ","price":6.92},{"type":"A","date":"2018-03-20T02:56:20.000Z","volume":12800,"label":" ","price":6.92},{"type":"A","date":"2018-03-20T02:57:07.000Z","volume":50000,"label":" ","price":6.92},{"type":"A","date":"2018-03-20T02:57:07.000Z","volume":3600,"label":"Y","price":6.92},{"type":"A","date":"2018-03-20T02:57:07.000Z","volume":9200,"label":" ","price":6.92},{"type":"A","date":"2018-03-20T02:57:07.000Z","volume":4800,"label":" ","price":6.92},{"type":"A","date":"2018-03-20T02:57:07.000Z","volume":3200,"label":" ","price":6.92},{"type":"A","date":"2018-03-20T02:58:00.000Z","volume":2000,"label":" ","price":6.93},{"type":"A","date":"2018-03-20T03:00:18.000Z","volume":50000,"label":" ","price":6.93},{"type":"A","date":"2018-03-20T03:00:18.000Z","volume":20400,"label":" ","price":6.93},{"type":"A","date":"2018-03-20T03:00:18.000Z","volume":4800,"label":" ","price":6.93},{"type":"A","date":"2018-03-20T03:00:18.000Z","volume":400,"label":" ","price":6.94},{"type":"A","date":"2018-03-20T03:00:18.000Z","volume":2800,"label":" ","price":6.94},{"type":"A","date":"2018-03-20T03:01:48.000Z","volume":800,"label":" ","price":6.94},{"type":"A","date":"2018-03-20T03:01:48.000Z","volume":10800,"label":" ","price":6.95},{"type":"A","date":"2018-03-20T03:01:48.000Z","volume":800,"label":" ","price":6.96},{"type":"A","date":"2018-03-20T03:01:48.000Z","volume":4000,"label":"Y","price":6.98},{"type":"A","date":"2018-03-20T03:02:13.000Z","volume":4400,"label":" ","price":6.94},{"type":"A","date":"2018-03-20T03:03:02.000Z","volume":4800,"label":" ","price":6.94},{"type":"A","date":"2018-03-20T03:03:48.000Z","volume":4400,"label":" ","price":6.94},{"type":"A","date":"2018-03-20T03:04:20.000Z","volume":6400,"label":" ","price":6.94},{"type":"A","date":"2018-03-20T03:05:09.000Z","volume":6800,"label":" ","price":6.94},{"type":"A","date":"2018-03-20T03:05:09.000Z","volume":5200,"label":" ","price":6.95},{"type":"A","date":"2018-03-20T03:05:25.000Z","volume":3200,"label":" ","price":6.95},{"type":"A","date":"2018-03-20T03:05:39.000Z","volume":2000,"label":" ","price":6.95},{"type":"A","date":"2018-03-20T03:05:47.000Z","volume":800,"label":" ","price":6.95},{"type":"A","date":"2018-03-20T03:05:47.000Z","volume":4000,"label":" ","price":6.96},{"type":"A","date":"2018-03-20T03:07:18.000Z","volume":400,"label":" ","price":6.94},{"type":"A","date":"2018-03-20T03:07:18.000Z","volume":21200,"label":" ","price":6.94},{"type":"A","date":"2018-03-20T03:07:18.000Z","volume":400,"label":" ","price":6.94},{"type":"A","date":"2018-03-20T03:07:18.000Z","volume":4800,"label":"Y","price":6.98},{"type":"A","date":"2018-03-20T03:07:18.000Z","volume":10800,"label":" ","price":6.99},{"type":"A","date":"2018-03-20T03:07:28.000Z","volume":1200,"label":"Y","price":6.94},{"type":"A","date":"2018-03-20T03:07:28.000Z","volume":400,"label":" ","price":6.94},{"type":"A","date":"2018-03-20T03:09:08.000Z","volume":2800,"label":" ","price":6.95},{"type":"A","date":"2018-03-20T03:09:08.000Z","volume":4000,"label":" ","price":6.96},{"type":"A","date":"2018-03-20T03:09:08.000Z","volume":1600,"label":" ","price":6.98},{"type":"A","date":"2018-03-20T03:09:08.000Z","volume":1200,"label":" ","price":6.99},{"type":"A","date":"2018-03-20T03:10:19.000Z","volume":8400,"label":" ","price":6.99},{"type":"A","date":"2018-03-20T03:11:52.000Z","volume":13600,"label":" ","price":6.99},{"type":"B","date":"2018-03-20T03:12:15.000Z","volume":1200,"label":" ","price":6.97},{"type":"A","date":"2018-03-20T03:12:22.000Z","volume":4000,"label":" ","price":6.97},{"type":"B","date":"2018-03-20T03:12:26.000Z","volume":5200,"label":" ","price":6.96},{"type":"A","date":"2018-03-20T03:13:57.000Z","volume":11600,"label":" ","price":6.97},{"type":"A","date":"2018-03-20T03:15:26.000Z","volume":8000,"label":" ","price":6.97},{"type":"B","date":"2018-03-20T03:16:07.000Z","volume":9200,"label":" ","price":6.96},{"type":"A","date":"2018-03-20T03:17:26.000Z","volume":12400,"label":" ","price":6.97},{"type":"A","date":"2018-03-20T03:18:40.000Z","volume":2400,"label":" ","price":6.97},{"type":"B","date":"2018-03-20T03:18:52.000Z","volume":4000,"label":" ","price":6.96},{"type":"A","date":"2018-03-20T03:19:11.000Z","volume":8000,"label":" ","price":6.97},{"type":"A","date":"2018-03-20T03:19:11.000Z","volume":13600,"label":" ","price":6.97},{"type":"A","date":"2018-03-20T03:20:17.000Z","volume":10000,"label":" ","price":6.97},{"type":"B","date":"2018-03-20T03:21:30.000Z","volume":8400,"label":" ","price":6.96},{"type":"A","date":"2018-03-20T03:22:07.000Z","volume":16400,"label":" ","price":6.97},{"type":"A","date":"2018-03-20T03:22:07.000Z","volume":5200,"label":" ","price":6.97},{"type":"A","date":"2018-03-20T03:22:40.000Z","volume":2000,"label":" ","price":6.97},{"type":"A","date":"2018-03-20T03:23:02.000Z","volume":2400,"label":" ","price":6.97},{"type":"A","date":"2018-03-20T03:23:02.000Z","volume":1600,"label":" ","price":6.97},{"type":"B","date":"2018-03-20T03:23:23.000Z","volume":6000,"label":" ","price":6.96},{"type":"A","date":"2018-03-20T03:23:23.000Z","volume":9600,"label":" ","price":6.97},{"type":"A","date":"2018-03-20T03:25:17.000Z","volume":9600,"label":" ","price":6.97},{"type":"A","date":"2018-03-20T03:25:27.000Z","volume":1600,"label":" ","price":6.97},{"type":"A","date":"2018-03-20T03:25:27.000Z","volume":2400,"label":" ","price":6.97},{"type":"A","date":"2018-03-20T03:25:27.000Z","volume":1200,"label":" ","price":6.97},{"type":"A","date":"2018-03-20T03:25:27.000Z","volume":400,"label":" ","price":6.97},{"type":"A","date":"2018-03-20T03:25:32.000Z","volume":4800,"label":" ","price":6.97},{"type":"A","date":"2018-03-20T03:25:40.000Z","volume":2800,"label":" ","price":6.97},{"type":"A","date":"2018-03-20T03:25:48.000Z","volume":22000,"label":" ","price":6.97},{"type":"A","date":"2018-03-20T03:25:48.000Z","volume":2000,"label":" ","price":6.98},{"type":"A","date":"2018-03-20T03:25:48.000Z","volume":3600,"label":" ","price":7},{"type":"A","date":"2018-03-20T03:25:48.000Z","volume":1200,"label":" ","price":6.97},{"type":"A","date":"2018-03-20T03:25:48.000Z","volume":12000,"label":" ","price":6.97},{"type":"B","date":"2018-03-20T03:25:48.000Z","volume":800,"label":" ","price":6.97},{"type":"A","date":"2018-03-20T03:26:10.000Z","volume":4000,"label":" ","price":7},{"type":"B","date":"2018-03-20T03:26:14.000Z","volume":1200,"label":" ","price":6.98},{"type":"A","date":"2018-03-20T03:27:52.000Z","volume":6400,"label":" ","price":6.99},{"type":"B","date":"2018-03-20T03:28:16.000Z","volume":3600,"label":" ","price":6.97},{"type":"A","date":"2018-03-20T03:30:10.000Z","volume":2400,"label":" ","price":6.98},{"type":"A","date":"2018-03-20T03:30:22.000Z","volume":4000,"label":" ","price":6.98},{"type":"B","date":"2018-03-20T03:31:33.000Z","volume":6000,"label":" ","price":6.97},{"type":"A","date":"2018-03-20T03:33:10.000Z","volume":2400,"label":" ","price":6.98},{"type":"A","date":"2018-03-20T03:34:32.000Z","volume":3600,"label":" ","price":6.98},{"type":"A","date":"2018-03-20T03:34:47.000Z","volume":1200,"label":" ","price":6.98},{"type":"B","date":"2018-03-20T03:34:48.000Z","volume":4000,"label":" ","price":6.97},{"type":"B","date":"2018-03-20T03:34:54.000Z","volume":5200,"label":" ","price":6.97},{"type":"B","date":"2018-03-20T03:37:25.000Z","volume":14400,"label":" ","price":6.97},{"type":"B","date":"2018-03-20T03:37:25.000Z","volume":400,"label":" ","price":6.97},{"type":"B","date":"2018-03-20T03:37:25.000Z","volume":800,"label":" ","price":6.97},{"type":"B","date":"2018-03-20T03:37:26.000Z","volume":400,"label":" ","price":6.97},{"type":"B","date":"2018-03-20T03:37:46.000Z","volume":4400,"label":" ","price":6.97},{"type":"B","date":"2018-03-20T03:37:46.000Z","volume":19600,"label":" ","price":6.97},{"type":"B","date":"2018-03-20T03:40:15.000Z","volume":3600,"label":" ","price":6.96},{"type":"A","date":"2018-03-20T03:40:24.000Z","volume":1600,"label":" ","price":6.97},{"type":"B","date":"2018-03-20T03:44:39.000Z","volume":7200,"label":" ","price":6.96},{"type":"B","date":"2018-03-20T03:44:39.000Z","volume":4800,"label":" ","price":6.96},{"type":"B","date":"2018-03-20T03:44:40.000Z","volume":1600,"label":" ","price":6.96},{"type":"A","date":"2018-03-20T03:45:25.000Z","volume":2800,"label":" ","price":6.97},{"type":"B","date":"2018-03-20T03:45:27.000Z","volume":400,"label":" ","price":6.96},{"type":"U","date":"2018-03-20T03:46:19.000Z","volume":2400,"label":"X","price":6.96},{"type":"U","date":"2018-03-20T03:46:28.000Z","volume":800,"label":"X","price":6.962},{"type":"B","date":"2018-03-20T03:48:17.000Z","volume":1200,"label":" ","price":6.96},{"type":"A","date":"2018-03-20T03:50:20.000Z","volume":1200,"label":" ","price":6.96},{"type":"A","date":"2018-03-20T03:50:33.000Z","volume":400,"label":" ","price":6.96},{"type":"A","date":"2018-03-20T03:50:33.000Z","volume":2000,"label":" ","price":6.96},{"type":"A","date":"2018-03-20T03:50:33.000Z","volume":1600,"label":" ","price":6.96},{"type":"B","date":"2018-03-20T03:50:34.000Z","volume":800,"label":" ","price":6.94},{"type":"U","date":"2018-03-20T03:51:30.000Z","volume":4400,"label":" ","price":6.95},{"type":"B","date":"2018-03-20T03:51:32.000Z","volume":800,"label":" ","price":6.94},{"type":"B","date":"2018-03-20T03:53:27.000Z","volume":1600,"label":" ","price":6.95},{"type":"A","date":"2018-03-20T03:53:27.000Z","volume":3600,"label":" ","price":6.95},{"type":"B","date":"2018-03-20T03:53:28.000Z","volume":800,"label":" ","price":6.94},{"type":"A","date":"2018-03-20T03:55:19.000Z","volume":1600,"label":" ","price":6.95},{"type":"U","date":"2018-03-20T03:56:17.000Z","volume":2800,"label":"X","price":6.95},{"type":"B","date":"2018-03-20T03:56:26.000Z","volume":2400,"label":" ","price":6.94},{"type":"B","date":"2018-03-20T03:56:29.000Z","volume":400,"label":" ","price":6.94},{"type":"A","date":"2018-03-20T03:57:45.000Z","volume":10000,"label":" ","price":6.95},{"type":"B","date":"2018-03-20T03:57:47.000Z","volume":400,"label":" ","price":6.94},{"type":"B","date":"2018-03-20T03:57:47.000Z","volume":1200,"label":" ","price":6.94},{"type":"U","date":"2018-03-20T03:59:11.000Z","volume":2800,"label":"X","price":6.95},{"type":"A","date":"2018-03-20T03:59:22.000Z","volume":4800,"label":" ","price":6.95},{"type":"A","date":"2018-03-20T03:59:36.000Z","volume":1200,"label":" ","price":6.95},{"type":"A","date":"2018-03-20T03:59:51.000Z","volume":400,"label":" ","price":6.95},{"type":"A","date":"2018-03-20T03:59:54.000Z","volume":400,"label":" ","price":6.95},{"type":"B","date":"2018-03-20T05:00:02.000Z","volume":6400,"label":" ","price":6.94},{"type":"B","date":"2018-03-20T05:00:02.000Z","volume":400,"label":" ","price":6.94},{"type":"B","date":"2018-03-20T05:00:02.000Z","volume":800,"label":" ","price":6.94},{"type":"B","date":"2018-03-20T05:00:02.000Z","volume":400,"label":" ","price":6.94},{"type":"A","date":"2018-03-20T05:00:04.000Z","volume":20000,"label":" ","price":6.95},{"type":"B","date":"2018-03-20T05:00:05.000Z","volume":4800,"label":" ","price":6.94},{"type":"U","date":"2018-03-20T05:00:05.000Z","volume":5600,"label":"X","price":6.94},{"type":"U","date":"2018-03-20T05:00:08.000Z","volume":4000,"label":"X","price":6.945},{"type":"A","date":"2018-03-20T05:00:08.000Z","volume":3600,"label":"Y","price":6.95},{"type":"A","date":"2018-03-20T05:00:08.000Z","volume":44800,"label":" ","price":6.95},{"type":"A","date":"2018-03-20T05:00:08.000Z","volume":1600,"label":"Y","price":6.95},{"type":"B","date":"2018-03-20T05:00:08.000Z","volume":8800,"label":" ","price":6.94},{"type":"B","date":"2018-03-20T05:00:08.000Z","volume":400,"label":" ","price":6.94},{"type":"B","date":"2018-03-20T05:00:09.000Z","volume":9200,"label":" ","price":6.94},{"type":"A","date":"2018-03-20T05:00:09.000Z","volume":12000,"label":" ","price":6.95},{"type":"B","date":"2018-03-20T05:00:10.000Z","volume":5200,"label":" ","price":6.94},{"type":"A","date":"2018-03-20T05:00:13.000Z","volume":800,"label":" ","price":6.95},{"type":"A","date":"2018-03-20T05:00:15.000Z","volume":800,"label":" ","price":6.95},{"type":"B","date":"2018-03-20T05:00:16.000Z","volume":400,"label":" ","price":6.94},{"type":"A","date":"2018-03-20T05:00:20.000Z","volume":800,"label":" ","price":6.95},{"type":"A","date":"2018-03-20T05:00:25.000Z","volume":800,"label":" ","price":6.95},{"type":"B","date":"2018-03-20T05:00:26.000Z","volume":400,"label":" ","price":6.94},{"type":"A","date":"2018-03-20T05:00:30.000Z","volume":800,"label":" ","price":6.95},{"type":"A","date":"2018-03-20T05:07:24.000Z","volume":4000,"label":" ","price":6.95},{"type":"B","date":"2018-03-20T05:07:25.000Z","volume":1200,"label":" ","price":6.94},{"type":"B","date":"2018-03-20T05:08:39.000Z","volume":4000,"label":" ","price":6.94},{"type":"B","date":"2018-03-20T05:08:40.000Z","volume":800,"label":" ","price":6.94},{"type":"B","date":"2018-03-20T05:09:23.000Z","volume":5200,"label":" ","price":6.94},{"type":"B","date":"2018-03-20T05:09:24.000Z","volume":1600,"label":" ","price":6.94},{"type":"A","date":"2018-03-20T05:09:28.000Z","volume":10000,"label":" ","price":6.95},{"type":"U","date":"2018-03-20T05:10:11.000Z","volume":6800,"label":"X","price":6.946},{"type":"A","date":"2018-03-20T05:14:17.000Z","volume":18400,"label":" ","price":6.95},{"type":"B","date":"2018-03-20T05:14:17.000Z","volume":2800,"label":" ","price":6.94},{"type":"B","date":"2018-03-20T05:14:20.000Z","volume":9200,"label":" ","price":6.94},{"type":"B","date":"2018-03-20T05:14:21.000Z","volume":2400,"label":" ","price":6.94},{"type":"B","date":"2018-03-20T05:14:21.000Z","volume":33200,"label":" ","price":6.94},{"type":"B","date":"2018-03-20T05:14:21.000Z","volume":8400,"label":" ","price":6.93},{"type":"B","date":"2018-03-20T05:14:21.000Z","volume":6000,"label":" ","price":6.93},{"type":"U","date":"2018-03-20T05:14:21.000Z","volume":5600,"label":"X","price":6.93},{"type":"B","date":"2018-03-20T05:14:21.000Z","volume":4400,"label":" ","price":6.93},{"type":"U","date":"2018-03-20T05:14:21.000Z","volume":2000,"label":"X","price":6.93},{"type":"B","date":"2018-03-20T05:14:21.000Z","volume":6000,"label":" ","price":6.93},{"type":"B","date":"2018-03-20T05:14:22.000Z","volume":800,"label":" ","price":6.93},{"type":"B","date":"2018-03-20T05:14:22.000Z","volume":3200,"label":" ","price":6.92},{"type":"U","date":"2018-03-20T05:15:29.000Z","volume":2400,"label":"X","price":6.939},{"type":"A","date":"2018-03-20T05:18:40.000Z","volume":20000,"label":" ","price":6.94},{"type":"B","date":"2018-03-20T05:18:40.000Z","volume":3200,"label":" ","price":6.92},{"type":"A","date":"2018-03-20T05:19:01.000Z","volume":30000,"label":" ","price":6.94},{"type":"B","date":"2018-03-20T05:19:01.000Z","volume":400,"label":" ","price":6.92},{"type":"B","date":"2018-03-20T05:19:01.000Z","volume":1600,"label":" ","price":6.92},{"type":"A","date":"2018-03-20T05:19:06.000Z","volume":6000,"label":" ","price":6.94},{"type":"B","date":"2018-03-20T05:19:07.000Z","volume":1200,"label":" ","price":6.92},{"type":"A","date":"2018-03-20T05:19:20.000Z","volume":20000,"label":" ","price":6.94},{"type":"B","date":"2018-03-20T05:19:21.000Z","volume":5200,"label":" ","price":6.92},{"type":"A","date":"2018-03-20T05:19:25.000Z","volume":6000,"label":" ","price":6.94},{"type":"B","date":"2018-03-20T05:19:26.000Z","volume":1600,"label":" ","price":6.92},{"type":"B","date":"2018-03-20T05:19:27.000Z","volume":6000,"label":" ","price":6.92},{"type":"B","date":"2018-03-20T05:19:27.000Z","volume":1200,"label":" ","price":6.92},{"type":"A","date":"2018-03-20T05:19:44.000Z","volume":10000,"label":" ","price":6.94},{"type":"U","date":"2018-03-20T05:19:47.000Z","volume":5600,"label":"X","price":6.93},{"type":"A","date":"2018-03-20T05:20:22.000Z","volume":3200,"label":" ","price":6.94},{"type":"A","date":"2018-03-20T05:20:54.000Z","volume":2000,"label":" ","price":6.94},{"type":"U","date":"2018-03-20T05:21:29.000Z","volume":3200,"label":" ","price":6.93},{"type":"U","date":"2018-03-20T05:25:29.000Z","volume":2800,"label":"X","price":6.936},{"type":"B","date":"2018-03-20T05:25:30.000Z","volume":6400,"label":" ","price":6.93},{"type":"B","date":"2018-03-20T05:25:31.000Z","volume":400,"label":" ","price":6.93},{"type":"B","date":"2018-03-20T05:26:48.000Z","volume":5200,"label":" ","price":6.93},{"type":"B","date":"2018-03-20T05:26:49.000Z","volume":1200,"label":" ","price":6.93},{"type":"U","date":"2018-03-20T05:29:12.000Z","volume":2400,"label":"X","price":6.93},{"type":"A","date":"2018-03-20T05:30:23.000Z","volume":17200,"label":" ","price":6.94},{"type":"B","date":"2018-03-20T05:30:23.000Z","volume":4000,"label":" ","price":6.93},{"type":"U","date":"2018-03-20T05:31:12.000Z","volume":1200,"label":"X","price":6.938},{"type":"A","date":"2018-03-20T05:31:21.000Z","volume":7200,"label":" ","price":6.94},{"type":"B","date":"2018-03-20T05:32:11.000Z","volume":20000,"label":" ","price":6.93},{"type":"A","date":"2018-03-20T05:32:11.000Z","volume":10800,"label":" ","price":6.94},{"type":"B","date":"2018-03-20T05:32:11.000Z","volume":6800,"label":" ","price":6.93},{"type":"B","date":"2018-03-20T05:32:11.000Z","volume":2400,"label":" ","price":6.93},{"type":"B","date":"2018-03-20T05:32:11.000Z","volume":2400,"label":" ","price":6.92},{"type":"B","date":"2018-03-20T05:32:11.000Z","volume":1600,"label":" ","price":6.93},{"type":"B","date":"2018-03-20T05:32:16.000Z","volume":800,"label":" ","price":6.93},{"type":"B","date":"2018-03-20T05:32:17.000Z","volume":400,"label":" ","price":6.92},{"type":"B","date":"2018-03-20T05:32:27.000Z","volume":8800,"label":" ","price":6.92},{"type":"B","date":"2018-03-20T05:32:28.000Z","volume":2000,"label":" ","price":6.92},{"type":"B","date":"2018-03-20T05:34:10.000Z","volume":20000,"label":" ","price":6.92},{"type":"B","date":"2018-03-20T05:34:11.000Z","volume":5200,"label":" ","price":6.92},{"type":"B","date":"2018-03-20T05:34:11.000Z","volume":7200,"label":" ","price":6.92},{"type":"B","date":"2018-03-20T05:34:11.000Z","volume":1600,"label":" ","price":6.92},{"type":"A","date":"2018-03-20T05:35:16.000Z","volume":3200,"label":" ","price":6.93},{"type":"B","date":"2018-03-20T05:35:17.000Z","volume":800,"label":" ","price":6.92},{"type":"U","date":"2018-03-20T05:35:22.000Z","volume":9200,"label":"X","price":6.92},{"type":"U","date":"2018-03-20T05:35:22.000Z","volume":400,"label":"X","price":6.92},{"type":"B","date":"2018-03-20T05:35:22.000Z","volume":20400,"label":" ","price":6.92},{"type":"U","date":"2018-03-20T05:35:22.000Z","volume":1600,"label":"X","price":6.92},{"type":"B","date":"2018-03-20T05:35:22.000Z","volume":2000,"label":" ","price":6.92},{"type":"B","date":"2018-03-20T05:35:23.000Z","volume":5600,"label":" ","price":6.92},{"type":"U","date":"2018-03-20T05:36:17.000Z","volume":2800,"label":"X","price":6.925},{"type":"B","date":"2018-03-20T05:36:22.000Z","volume":2000,"label":" ","price":6.92},{"type":"B","date":"2018-03-20T05:36:23.000Z","volume":800,"label":" ","price":6.92},{"type":"U","date":"2018-03-20T05:37:22.000Z","volume":2000,"label":"X","price":6.92},{"type":"U","date":"2018-03-20T05:38:22.000Z","volume":2000,"label":"X","price":6.92},{"type":"B","date":"2018-03-20T05:39:11.000Z","volume":8000,"label":" ","price":6.92},{"type":"B","date":"2018-03-20T05:39:12.000Z","volume":2000,"label":" ","price":6.92},{"type":"B","date":"2018-03-20T05:39:12.000Z","volume":1200,"label":" ","price":6.92},{"type":"U","date":"2018-03-20T05:39:22.000Z","volume":2000,"label":"X","price":6.92},{"type":"B","date":"2018-03-20T05:39:33.000Z","volume":4000,"label":" ","price":6.92},{"type":"B","date":"2018-03-20T05:39:34.000Z","volume":1200,"label":" ","price":6.92},{"type":"A","date":"2018-03-20T05:39:41.000Z","volume":6000,"label":" ","price":6.93},{"type":"B","date":"2018-03-20T05:39:42.000Z","volume":1600,"label":" ","price":6.92},{"type":"A","date":"2018-03-20T05:40:21.000Z","volume":2400,"label":" ","price":6.93},{"type":"U","date":"2018-03-20T05:40:22.000Z","volume":2000,"label":"X","price":6.92},{"type":"B","date":"2018-03-20T05:40:22.000Z","volume":400,"label":" ","price":6.92},{"type":"B","date":"2018-03-20T05:40:57.000Z","volume":1600,"label":" ","price":6.92},{"type":"B","date":"2018-03-20T05:40:58.000Z","volume":400,"label":" ","price":6.91},{"type":"A","date":"2018-03-20T05:43:03.000Z","volume":20000,"label":" ","price":6.92},{"type":"B","date":"2018-03-20T05:43:04.000Z","volume":5200,"label":" ","price":6.91},{"type":"A","date":"2018-03-20T05:43:20.000Z","volume":12000,"label":" ","price":6.92},{"type":"B","date":"2018-03-20T05:43:21.000Z","volume":2800,"label":" ","price":6.91},{"type":"B","date":"2018-03-20T05:43:39.000Z","volume":2400,"label":" ","price":6.91},{"type":"B","date":"2018-03-20T05:43:40.000Z","volume":800,"label":" ","price":6.91},{"type":"B","date":"2018-03-20T05:43:53.000Z","volume":5600,"label":" ","price":6.91},{"type":"U","date":"2018-03-20T05:43:53.000Z","volume":2400,"label":"X","price":6.91},{"type":"U","date":"2018-03-20T05:43:53.000Z","volume":400,"label":"X","price":6.91},{"type":"A","date":"2018-03-20T05:43:54.000Z","volume":2400,"label":" ","price":6.92},{"type":"B","date":"2018-03-20T05:43:54.000Z","volume":2000,"label":" ","price":6.91},{"type":"B","date":"2018-03-20T05:44:33.000Z","volume":8000,"label":" ","price":6.91},{"type":"B","date":"2018-03-20T05:44:34.000Z","volume":2000,"label":" ","price":6.91},{"type":"A","date":"2018-03-20T05:44:34.000Z","volume":1600,"label":" ","price":6.92},{"type":"B","date":"2018-03-20T05:44:35.000Z","volume":400,"label":" ","price":6.91},{"type":"B","date":"2018-03-20T05:44:53.000Z","volume":2400,"label":" ","price":6.91},{"type":"B","date":"2018-03-20T05:44:53.000Z","volume":5200,"label":" ","price":6.91},{"type":"B","date":"2018-03-20T05:44:54.000Z","volume":1600,"label":" ","price":6.91},{"type":"A","date":"2018-03-20T05:45:03.000Z","volume":10000,"label":" ","price":6.92},{"type":"A","date":"2018-03-20T05:45:03.000Z","volume":45200,"label":" ","price":6.92},{"type":"A","date":"2018-03-20T05:45:03.000Z","volume":6800,"label":"Y","price":6.92},{"type":"A","date":"2018-03-20T05:45:03.000Z","volume":53600,"label":" ","price":6.92},{"type":"B","date":"2018-03-20T05:45:03.000Z","volume":3600,"label":" ","price":6.92},{"type":"B","date":"2018-03-20T05:45:03.000Z","volume":2800,"label":" ","price":6.92},{"type":"B","date":"2018-03-20T05:45:03.000Z","volume":6800,"label":" ","price":6.91},{"type":"A","date":"2018-03-20T05:45:44.000Z","volume":14800,"label":" ","price":6.92},{"type":"A","date":"2018-03-20T05:45:44.000Z","volume":9600,"label":" ","price":6.92},{"type":"A","date":"2018-03-20T05:45:44.000Z","volume":2800,"label":" ","price":6.92},{"type":"B","date":"2018-03-20T05:45:44.000Z","volume":1600,"label":" ","price":6.91},{"type":"A","date":"2018-03-20T05:47:53.000Z","volume":6000,"label":" ","price":6.92},{"type":"B","date":"2018-03-20T05:47:54.000Z","volume":1600,"label":" ","price":6.91},{"type":"B","date":"2018-03-20T05:48:18.000Z","volume":6000,"label":" ","price":6.91},{"type":"B","date":"2018-03-20T05:48:19.000Z","volume":1600,"label":" ","price":6.91},{"type":"A","date":"2018-03-20T05:49:23.000Z","volume":20000,"label":" ","price":6.92},{"type":"B","date":"2018-03-20T05:49:23.000Z","volume":2800,"label":" ","price":6.91},{"type":"A","date":"2018-03-20T05:49:27.000Z","volume":800,"label":"Y","price":6.92},{"type":"A","date":"2018-03-20T05:49:27.000Z","volume":1200,"label":" ","price":6.92},{"type":"A","date":"2018-03-20T05:50:42.000Z","volume":16400,"label":" ","price":6.92},{"type":"B","date":"2018-03-20T05:50:43.000Z","volume":3200,"label":" ","price":6.91},{"type":"A","date":"2018-03-20T05:50:54.000Z","volume":6000,"label":" ","price":6.92},{"type":"B","date":"2018-03-20T05:50:55.000Z","volume":1600,"label":" ","price":6.91},{"type":"A","date":"2018-03-20T05:51:15.000Z","volume":9200,"label":" ","price":6.92},{"type":"B","date":"2018-03-20T05:51:16.000Z","volume":2000,"label":" ","price":6.91},{"type":"A","date":"2018-03-20T05:52:20.000Z","volume":20000,"label":" ","price":6.92},{"type":"A","date":"2018-03-20T05:52:20.000Z","volume":17600,"label":" ","price":6.92},{"type":"B","date":"2018-03-20T05:52:21.000Z","volume":2400,"label":"Y","price":6.91},{"type":"B","date":"2018-03-20T05:52:21.000Z","volume":1600,"label":" ","price":6.91},{"type":"A","date":"2018-03-20T05:52:28.000Z","volume":2000,"label":" ","price":6.92},{"type":"B","date":"2018-03-20T05:52:29.000Z","volume":400,"label":"Y","price":6.91},{"type":"A","date":"2018-03-20T05:52:36.000Z","volume":8000,"label":" ","price":6.92},{"type":"A","date":"2018-03-20T05:52:36.000Z","volume":400,"label":" ","price":6.92},{"type":"A","date":"2018-03-20T05:52:36.000Z","volume":1600,"label":" ","price":6.92},{"type":"B","date":"2018-03-20T05:52:44.000Z","volume":20000,"label":" ","price":6.92},{"type":"B","date":"2018-03-20T05:52:45.000Z","volume":3200,"label":" ","price":6.92},{"type":"B","date":"2018-03-20T05:52:49.000Z","volume":20000,"label":" ","price":6.92},{"type":"B","date":"2018-03-20T05:52:50.000Z","volume":4800,"label":" ","price":6.92},{"type":"U","date":"2018-03-20T05:53:24.000Z","volume":1200,"label":"X","price":6.918},{"type":"A","date":"2018-03-20T05:53:27.000Z","volume":12000,"label":" ","price":6.93},{"type":"B","date":"2018-03-20T05:53:28.000Z","volume":3200,"label":" ","price":6.92},{"type":"A","date":"2018-03-20T05:54:04.000Z","volume":8000,"label":" ","price":6.93},{"type":"B","date":"2018-03-20T05:54:05.000Z","volume":2000,"label":" ","price":6.92},{"type":"A","date":"2018-03-20T05:54:41.000Z","volume":10000,"label":" ","price":6.93},{"type":"B","date":"2018-03-20T05:55:19.000Z","volume":4000,"label":" ","price":6.92},{"type":"B","date":"2018-03-20T05:55:20.000Z","volume":800,"label":" ","price":6.92},{"type":"B","date":"2018-03-20T05:56:53.000Z","volume":800,"label":" ","price":6.92},{"type":"B","date":"2018-03-20T05:56:54.000Z","volume":400,"label":" ","price":6.92},{"type":"B","date":"2018-03-20T06:00:46.000Z","volume":10000,"label":" ","price":6.92},{"type":"B","date":"2018-03-20T06:00:47.000Z","volume":2400,"label":" ","price":6.92},{"type":"B","date":"2018-03-20T06:00:54.000Z","volume":8800,"label":" ","price":6.92},{"type":"U","date":"2018-03-20T06:00:54.000Z","volume":2000,"label":"X","price":6.92},{"type":"B","date":"2018-03-20T06:00:55.000Z","volume":400,"label":" ","price":6.92},{"type":"B","date":"2018-03-20T06:00:55.000Z","volume":2000,"label":"Y","price":6.91},{"type":"B","date":"2018-03-20T06:02:03.000Z","volume":9200,"label":" ","price":6.91},{"type":"B","date":"2018-03-20T06:02:04.000Z","volume":2000,"label":" ","price":6.91},{"type":"B","date":"2018-03-20T06:02:24.000Z","volume":3600,"label":" ","price":6.91},{"type":"B","date":"2018-03-20T06:02:25.000Z","volume":1200,"label":" ","price":6.91},{"type":"A","date":"2018-03-20T06:03:15.000Z","volume":6000,"label":" ","price":6.92},{"type":"B","date":"2018-03-20T06:03:16.000Z","volume":1200,"label":" ","price":6.91},{"type":"U","date":"2018-03-20T06:03:24.000Z","volume":1600,"label":"X","price":6.921},{"type":"B","date":"2018-03-20T06:06:19.000Z","volume":6400,"label":" ","price":6.91},{"type":"B","date":"2018-03-20T06:06:20.000Z","volume":1600,"label":" ","price":6.91},{"type":"A","date":"2018-03-20T06:07:11.000Z","volume":6400,"label":" ","price":6.92},{"type":"B","date":"2018-03-20T06:07:12.000Z","volume":1600,"label":" ","price":6.91},{"type":"A","date":"2018-03-20T06:08:24.000Z","volume":11600,"label":" ","price":6.92},{"type":"B","date":"2018-03-20T06:08:25.000Z","volume":3200,"label":" ","price":6.91},{"type":"A","date":"2018-03-20T06:09:49.000Z","volume":4400,"label":" ","price":6.92},{"type":"B","date":"2018-03-20T06:09:49.000Z","volume":400,"label":" ","price":6.91},{"type":"B","date":"2018-03-20T06:10:05.000Z","volume":20000,"label":" ","price":6.91},{"type":"B","date":"2018-03-20T06:10:06.000Z","volume":4400,"label":" ","price":6.91},{"type":"A","date":"2018-03-20T06:10:16.000Z","volume":22800,"label":" ","price":6.92},{"type":"B","date":"2018-03-20T06:10:17.000Z","volume":6000,"label":" ","price":6.91},{"type":"B","date":"2018-03-20T06:10:21.000Z","volume":6400,"label":" ","price":6.91},{"type":"B","date":"2018-03-20T06:10:23.000Z","volume":1600,"label":" ","price":6.91},{"type":"A","date":"2018-03-20T06:11:38.000Z","volume":10000,"label":" ","price":6.92},{"type":"B","date":"2018-03-20T06:11:39.000Z","volume":2400,"label":" ","price":6.91},{"type":"B","date":"2018-03-20T06:11:57.000Z","volume":8400,"label":" ","price":6.91},{"type":"B","date":"2018-03-20T06:11:58.000Z","volume":2000,"label":" ","price":6.91},{"type":"A","date":"2018-03-20T06:12:22.000Z","volume":30000,"label":" ","price":6.92},{"type":"B","date":"2018-03-20T06:12:23.000Z","volume":7600,"label":" ","price":6.91},{"type":"A","date":"2018-03-20T06:13:00.000Z","volume":9600,"label":" ","price":6.92},{"type":"B","date":"2018-03-20T06:13:00.000Z","volume":1200,"label":" ","price":6.91},{"type":"A","date":"2018-03-20T06:13:02.000Z","volume":18800,"label":" ","price":6.92},{"type":"B","date":"2018-03-20T06:13:02.000Z","volume":4400,"label":" ","price":6.91},{"type":"A","date":"2018-03-20T06:13:04.000Z","volume":1200,"label":" ","price":6.92},{"type":"B","date":"2018-03-20T06:13:05.000Z","volume":400,"label":" ","price":6.91},{"type":"U","date":"2018-03-20T06:13:24.000Z","volume":4000,"label":"X","price":6.916},{"type":"A","date":"2018-03-20T06:13:38.000Z","volume":1200,"label":" ","price":6.92},{"type":"A","date":"2018-03-20T06:13:51.000Z","volume":1200,"label":" ","price":6.92},{"type":"B","date":"2018-03-20T06:13:52.000Z","volume":400,"label":" ","price":6.91},{"type":"A","date":"2018-03-20T06:14:01.000Z","volume":34000,"label":" ","price":6.92},{"type":"A","date":"2018-03-20T06:14:01.000Z","volume":2000,"label":" ","price":6.92},{"type":"A","date":"2018-03-20T06:14:01.000Z","volume":3600,"label":" ","price":6.92},{"type":"B","date":"2018-03-20T06:14:01.000Z","volume":400,"label":" ","price":6.92},{"type":"A","date":"2018-03-20T06:14:01.000Z","volume":13200,"label":" ","price":6.93},{"type":"A","date":"2018-03-20T06:14:01.000Z","volume":14400,"label":" ","price":6.93},{"type":"B","date":"2018-03-20T06:14:01.000Z","volume":1200,"label":" ","price":6.92},{"type":"A","date":"2018-03-20T06:15:17.000Z","volume":8800,"label":" ","price":6.94},{"type":"A","date":"2018-03-20T06:15:17.000Z","volume":6400,"label":" ","price":6.94},{"type":"B","date":"2018-03-20T06:15:18.000Z","volume":400,"label":" ","price":6.93},{"type":"U","date":"2018-03-20T06:15:24.000Z","volume":1600,"label":"X","price":6.927},{"type":"A","date":"2018-03-20T06:15:53.000Z","volume":6000,"label":" ","price":6.94},{"type":"A","date":"2018-03-20T06:15:53.000Z","volume":3200,"label":" ","price":6.95},{"type":"B","date":"2018-03-20T06:15:54.000Z","volume":2000,"label":" ","price":6.93},{"type":"A","date":"2018-03-20T06:16:29.000Z","volume":7200,"label":" ","price":6.95},{"type":"B","date":"2018-03-20T06:16:30.000Z","volume":1600,"label":" ","price":6.93},{"type":"A","date":"2018-03-20T06:17:05.000Z","volume":6400,"label":" ","price":6.95},{"type":"A","date":"2018-03-20T06:17:47.000Z","volume":7200,"label":" ","price":6.95},{"type":"A","date":"2018-03-20T06:18:51.000Z","volume":8000,"label":" ","price":6.95},{"type":"B","date":"2018-03-20T06:18:52.000Z","volume":2000,"label":" ","price":6.94},{"type":"B","date":"2018-03-20T06:19:23.000Z","volume":11200,"label":" ","price":6.94},{"type":"B","date":"2018-03-20T06:19:23.000Z","volume":7200,"label":" ","price":6.93},{"type":"B","date":"2018-03-20T06:19:24.000Z","volume":4800,"label":" ","price":6.93},{"type":"A","date":"2018-03-20T06:20:23.000Z","volume":5600,"label":" ","price":6.95},{"type":"B","date":"2018-03-20T06:20:24.000Z","volume":1200,"label":" ","price":6.93},{"type":"B","date":"2018-03-20T06:22:43.000Z","volume":8000,"label":" ","price":6.93},{"type":"B","date":"2018-03-20T06:22:44.000Z","volume":2000,"label":" ","price":6.93},{"type":"B","date":"2018-03-20T06:22:51.000Z","volume":20000,"label":" ","price":6.93},{"type":"B","date":"2018-03-20T06:22:52.000Z","volume":5200,"label":" ","price":6.93},{"type":"A","date":"2018-03-20T06:22:52.000Z","volume":12400,"label":" ","price":6.94},{"type":"B","date":"2018-03-20T06:22:53.000Z","volume":2800,"label":" ","price":6.93},{"type":"A","date":"2018-03-20T06:25:22.000Z","volume":4800,"label":" ","price":6.94},{"type":"B","date":"2018-03-20T06:25:23.000Z","volume":1200,"label":" ","price":6.93},{"type":"A","date":"2018-03-20T06:25:30.000Z","volume":400,"label":" ","price":6.94},{"type":"U","date":"2018-03-20T06:25:30.000Z","volume":2000,"label":"X","price":6.94},{"type":"B","date":"2018-03-20T06:25:31.000Z","volume":400,"label":" ","price":6.93},{"type":"B","date":"2018-03-20T06:26:30.000Z","volume":10000,"label":" ","price":6.93},{"type":"B","date":"2018-03-20T06:26:31.000Z","volume":2400,"label":" ","price":6.93},{"type":"B","date":"2018-03-20T06:26:37.000Z","volume":10000,"label":" ","price":6.93},{"type":"B","date":"2018-03-20T06:26:38.000Z","volume":2400,"label":" ","price":6.93},{"type":"A","date":"2018-03-20T06:26:39.000Z","volume":9600,"label":" ","price":6.94},{"type":"B","date":"2018-03-20T06:26:39.000Z","volume":400,"label":" ","price":6.93},{"type":"B","date":"2018-03-20T06:26:50.000Z","volume":20000,"label":" ","price":6.93},{"type":"A","date":"2018-03-20T06:26:50.000Z","volume":50400,"label":" ","price":6.94},{"type":"A","date":"2018-03-20T06:26:50.000Z","volume":3200,"label":" ","price":6.94},{"type":"B","date":"2018-03-20T06:26:50.000Z","volume":3600,"label":" ","price":6.94},{"type":"B","date":"2018-03-20T06:26:50.000Z","volume":1600,"label":" ","price":6.94},{"type":"B","date":"2018-03-20T06:26:50.000Z","volume":10800,"label":" ","price":6.93},{"type":"A","date":"2018-03-20T06:27:22.000Z","volume":28800,"label":" ","price":6.95},{"type":"A","date":"2018-03-20T06:27:22.000Z","volume":10000,"label":" ","price":6.96},{"type":"B","date":"2018-03-20T06:27:22.000Z","volume":4800,"label":" ","price":6.95},{"type":"B","date":"2018-03-20T06:27:22.000Z","volume":1600,"label":" ","price":6.95},{"type":"B","date":"2018-03-20T06:27:22.000Z","volume":800,"label":" ","price":6.95},{"type":"B","date":"2018-03-20T06:29:48.000Z","volume":70000,"label":" ","price":6.95},{"type":"B","date":"2018-03-20T06:29:48.000Z","volume":2800,"label":" ","price":6.95},{"type":"B","date":"2018-03-20T06:29:49.000Z","volume":1200,"label":" ","price":6.95},{"type":"B","date":"2018-03-20T06:29:49.000Z","volume":14800,"label":" ","price":6.93},{"type":"U","date":"2018-03-20T06:30:17.000Z","volume":800,"label":"X","price":6.941},{"type":"B","date":"2018-03-20T06:33:39.000Z","volume":90800,"label":" ","price":6.95},{"type":"B","date":"2018-03-20T06:33:40.000Z","volume":22800,"label":" ","price":6.94},{"type":"B","date":"2018-03-20T06:35:41.000Z","volume":8800,"label":" ","price":6.94},{"type":"B","date":"2018-03-20T06:35:42.000Z","volume":2400,"label":" ","price":6.94},{"type":"B","date":"2018-03-20T06:36:58.000Z","volume":5600,"label":" ","price":6.94},{"type":"B","date":"2018-03-20T06:36:59.000Z","volume":1200,"label":" ","price":6.94},{"type":"B","date":"2018-03-20T06:37:01.000Z","volume":20000,"label":" ","price":6.94},{"type":"B","date":"2018-03-20T06:37:02.000Z","volume":5200,"label":" ","price":6.94},{"type":"A","date":"2018-03-20T06:37:32.000Z","volume":82800,"label":" ","price":6.95},{"type":"B","date":"2018-03-20T06:37:32.000Z","volume":9600,"label":" ","price":6.95},{"type":"B","date":"2018-03-20T06:37:32.000Z","volume":400,"label":" ","price":6.95},{"type":"B","date":"2018-03-20T06:37:32.000Z","volume":400,"label":" ","price":6.95},{"type":"B","date":"2018-03-20T06:37:32.000Z","volume":6800,"label":" ","price":6.95},{"type":"A","date":"2018-03-20T06:37:32.000Z","volume":8400,"label":" ","price":6.95},{"type":"A","date":"2018-03-20T06:37:32.000Z","volume":3200,"label":" ","price":6.95},{"type":"B","date":"2018-03-20T06:37:32.000Z","volume":7200,"label":" ","price":6.94},{"type":"U","date":"2018-03-20T06:38:13.000Z","volume":400,"label":"X","price":6.947},{"type":"A","date":"2018-03-20T06:39:23.000Z","volume":13200,"label":" ","price":6.96},{"type":"A","date":"2018-03-20T06:39:23.000Z","volume":800,"label":" ","price":6.97},{"type":"A","date":"2018-03-20T06:39:55.000Z","volume":2000,"label":" ","price":6.96},{"type":"A","date":"2018-03-20T06:40:06.000Z","volume":12000,"label":" ","price":6.96},{"type":"A","date":"2018-03-20T06:40:23.000Z","volume":2400,"label":" ","price":6.96},{"type":"A","date":"2018-03-20T06:41:45.000Z","volume":12000,"label":" ","price":6.96},{"type":"B","date":"2018-03-20T06:42:30.000Z","volume":8800,"label":" ","price":6.95},{"type":"A","date":"2018-03-20T06:43:43.000Z","volume":21600,"label":" ","price":6.96},{"type":"A","date":"2018-03-20T06:43:43.000Z","volume":6400,"label":" ","price":6.96},{"type":"B","date":"2018-03-20T06:43:43.000Z","volume":3600,"label":" ","price":6.95},{"type":"B","date":"2018-03-20T06:44:10.000Z","volume":20000,"label":" ","price":6.96},{"type":"B","date":"2018-03-20T06:44:10.000Z","volume":1200,"label":" ","price":6.96},{"type":"B","date":"2018-03-20T06:44:11.000Z","volume":2800,"label":" ","price":6.96},{"type":"B","date":"2018-03-20T06:44:11.000Z","volume":2400,"label":" ","price":6.95},{"type":"A","date":"2018-03-20T06:45:16.000Z","volume":3200,"label":" ","price":6.97},{"type":"B","date":"2018-03-20T06:45:17.000Z","volume":800,"label":" ","price":6.96},{"type":"B","date":"2018-03-20T06:45:25.000Z","volume":2800,"label":" ","price":6.96},{"type":"B","date":"2018-03-20T06:45:26.000Z","volume":400,"label":" ","price":6.96},{"type":"B","date":"2018-03-20T06:46:07.000Z","volume":7200,"label":" ","price":6.96},{"type":"B","date":"2018-03-20T06:46:07.000Z","volume":2400,"label":" ","price":6.96},{"type":"B","date":"2018-03-20T06:46:08.000Z","volume":1200,"label":" ","price":6.96},{"type":"B","date":"2018-03-20T06:46:08.000Z","volume":1200,"label":" ","price":6.95},{"type":"A","date":"2018-03-20T06:47:37.000Z","volume":10000,"label":" ","price":6.97},{"type":"B","date":"2018-03-20T06:47:37.000Z","volume":1600,"label":" ","price":6.96},{"type":"B","date":"2018-03-20T06:47:38.000Z","volume":1200,"label":" ","price":6.96},{"type":"B","date":"2018-03-20T06:47:38.000Z","volume":2000,"label":" ","price":6.95},{"type":"U","date":"2018-03-20T06:48:13.000Z","volume":1200,"label":"X","price":6.96},{"type":"A","date":"2018-03-20T06:50:19.000Z","volume":2000,"label":" ","price":6.97},{"type":"B","date":"2018-03-20T06:50:20.000Z","volume":400,"label":" ","price":6.95},{"type":"B","date":"2018-03-20T06:51:47.000Z","volume":5200,"label":" ","price":6.95},{"type":"B","date":"2018-03-20T06:51:48.000Z","volume":1200,"label":" ","price":6.95},{"type":"B","date":"2018-03-20T06:52:17.000Z","volume":4000,"label":" ","price":6.95},{"type":"B","date":"2018-03-20T06:52:18.000Z","volume":1200,"label":" ","price":6.95},{"type":"A","date":"2018-03-20T06:54:33.000Z","volume":400,"label":" ","price":6.96},{"type":"A","date":"2018-03-20T06:55:25.000Z","volume":2000,"label":" ","price":6.96},{"type":"B","date":"2018-03-20T06:55:26.000Z","volume":400,"label":" ","price":6.95},{"type":"A","date":"2018-03-20T06:55:47.000Z","volume":73200,"label":" ","price":6.96},{"type":"A","date":"2018-03-20T06:55:47.000Z","volume":13200,"label":" ","price":6.96},{"type":"B","date":"2018-03-20T06:55:47.000Z","volume":18400,"label":" ","price":6.95},{"type":"A","date":"2018-03-20T06:55:47.000Z","volume":400,"label":" ","price":6.96},{"type":"A","date":"2018-03-20T06:55:47.000Z","volume":400,"label":" ","price":6.96},{"type":"U","date":"2018-03-20T06:56:01.000Z","volume":2000,"label":"X","price":6.96},{"type":"U","date":"2018-03-20T06:56:08.000Z","volume":1600,"label":"X","price":6.958},{"type":"A","date":"2018-03-20T06:56:14.000Z","volume":2000,"label":" ","price":6.96},{"type":"A","date":"2018-03-20T06:56:29.000Z","volume":15200,"label":" ","price":6.96},{"type":"B","date":"2018-03-20T06:56:36.000Z","volume":20000,"label":" ","price":6.95},{"type":"B","date":"2018-03-20T06:56:37.000Z","volume":800,"label":" ","price":6.95},{"type":"A","date":"2018-03-20T06:59:34.000Z","volume":6400,"label":" ","price":6.96},{"type":"B","date":"2018-03-20T06:59:35.000Z","volume":1600,"label":" ","price":6.95},{"type":"B","date":"2018-03-20T06:59:57.000Z","volume":2800,"label":" ","price":6.95},{"type":"B","date":"2018-03-20T06:59:58.000Z","volume":800,"label":" ","price":6.95},{"type":"B","date":"2018-03-20T07:00:17.000Z","volume":20000,"label":" ","price":6.95},{"type":"B","date":"2018-03-20T07:00:18.000Z","volume":4800,"label":" ","price":6.95},{"type":"B","date":"2018-03-20T07:00:39.000Z","volume":4400,"label":" ","price":6.95},{"type":"B","date":"2018-03-20T07:00:39.000Z","volume":1200,"label":" ","price":6.95},{"type":"U","date":"2018-03-20T07:00:42.000Z","volume":400,"label":"X","price":6.95},{"type":"B","date":"2018-03-20T07:01:29.000Z","volume":14000,"label":"Y","price":6.95},{"type":"B","date":"2018-03-20T07:01:29.000Z","volume":131200,"label":" ","price":6.95},{"type":"A","date":"2018-03-20T07:01:29.000Z","volume":800,"label":" ","price":6.96},{"type":"B","date":"2018-03-20T07:01:30.000Z","volume":36400,"label":" ","price":6.94},{"type":"A","date":"2018-03-20T07:01:31.000Z","volume":400,"label":" ","price":6.96},{"type":"A","date":"2018-03-20T07:01:46.000Z","volume":800,"label":" ","price":6.96},{"type":"B","date":"2018-03-20T07:01:47.000Z","volume":400,"label":" ","price":6.94},{"type":"A","date":"2018-03-20T07:03:28.000Z","volume":2400,"label":" ","price":6.96},{"type":"A","date":"2018-03-20T07:03:28.000Z","volume":400,"label":" ","price":6.96},{"type":"B","date":"2018-03-20T07:03:29.000Z","volume":800,"label":" ","price":6.94},{"type":"A","date":"2018-03-20T07:04:11.000Z","volume":4800,"label":" ","price":6.96},{"type":"B","date":"2018-03-20T07:04:11.000Z","volume":400,"label":" ","price":6.95},{"type":"B","date":"2018-03-20T07:04:15.000Z","volume":7200,"label":" ","price":6.95},{"type":"B","date":"2018-03-20T07:04:15.000Z","volume":400,"label":" ","price":6.95},{"type":"A","date":"2018-03-20T07:05:05.000Z","volume":93200,"label":" ","price":6.95},{"type":"A","date":"2018-03-20T07:05:05.000Z","volume":9200,"label":" ","price":6.95},{"type":"A","date":"2018-03-20T07:05:05.000Z","volume":8400,"label":" ","price":6.95},{"type":"A","date":"2018-03-20T07:05:06.000Z","volume":4000,"label":" ","price":6.95},{"type":"A","date":"2018-03-20T07:05:06.000Z","volume":400,"label":" ","price":6.96},{"type":"B","date":"2018-03-20T07:05:16.000Z","volume":4800,"label":" ","price":6.95},{"type":"B","date":"2018-03-20T07:05:16.000Z","volume":13200,"label":" ","price":6.95},{"type":"B","date":"2018-03-20T07:05:16.000Z","volume":2800,"label":" ","price":6.95},{"type":"B","date":"2018-03-20T07:05:17.000Z","volume":2000,"label":" ","price":6.95},{"type":"B","date":"2018-03-20T07:05:17.000Z","volume":2000,"label":" ","price":6.94},{"type":"U","date":"2018-03-20T07:06:08.000Z","volume":3200,"label":"X","price":6.95},{"type":"B","date":"2018-03-20T07:06:35.000Z","volume":10000,"label":" ","price":6.94},{"type":"B","date":"2018-03-20T07:06:36.000Z","volume":2400,"label":" ","price":6.94},{"type":"A","date":"2018-03-20T07:06:37.000Z","volume":400,"label":" ","price":6.95},{"type":"B","date":"2018-03-20T07:06:38.000Z","volume":400,"label":" ","price":6.94},{"type":"A","date":"2018-03-20T07:08:33.000Z","volume":24000,"label":" ","price":6.95},{"type":"B","date":"2018-03-20T07:08:34.000Z","volume":6000,"label":" ","price":6.94},{"type":"A","date":"2018-03-20T07:08:36.000Z","volume":1600,"label":" ","price":6.95},{"type":"B","date":"2018-03-20T07:08:37.000Z","volume":400,"label":" ","price":6.94},{"type":"A","date":"2018-03-20T07:09:02.000Z","volume":2000,"label":" ","price":6.95},{"type":"B","date":"2018-03-20T07:09:03.000Z","volume":400,"label":" ","price":6.94},{"type":"A","date":"2018-03-20T07:10:08.000Z","volume":15600,"label":" ","price":6.95},{"type":"A","date":"2018-03-20T07:10:08.000Z","volume":18800,"label":" ","price":6.95},{"type":"A","date":"2018-03-20T07:10:08.000Z","volume":5600,"label":" ","price":6.95},{"type":"B","date":"2018-03-20T07:10:09.000Z","volume":6400,"label":" ","price":6.94},{"type":"A","date":"2018-03-20T07:10:23.000Z","volume":2000,"label":" ","price":6.95},{"type":"B","date":"2018-03-20T07:10:24.000Z","volume":400,"label":" ","price":6.94},{"type":"A","date":"2018-03-20T07:11:32.000Z","volume":12000,"label":" ","price":6.95},{"type":"B","date":"2018-03-20T07:11:32.000Z","volume":800,"label":" ","price":6.94},{"type":"A","date":"2018-03-20T07:11:51.000Z","volume":3600,"label":" ","price":6.95},{"type":"B","date":"2018-03-20T07:11:52.000Z","volume":800,"label":" ","price":6.94},{"type":"A","date":"2018-03-20T07:11:53.000Z","volume":28000,"label":" ","price":6.95},{"type":"B","date":"2018-03-20T07:11:53.000Z","volume":1600,"label":" ","price":6.95},{"type":"B","date":"2018-03-20T07:11:53.000Z","volume":1600,"label":" ","price":6.95},{"type":"B","date":"2018-03-20T07:11:53.000Z","volume":400,"label":" ","price":6.95},{"type":"A","date":"2018-03-20T07:11:54.000Z","volume":2000,"label":" ","price":6.96},{"type":"B","date":"2018-03-20T07:11:54.000Z","volume":400,"label":" ","price":6.95},{"type":"U","date":"2018-03-20T07:12:32.000Z","volume":4400,"label":"X","price":6.948},{"type":"A","date":"2018-03-20T07:13:52.000Z","volume":14400,"label":" ","price":6.96},{"type":"B","date":"2018-03-20T07:13:53.000Z","volume":3600,"label":" ","price":6.95},{"type":"B","date":"2018-03-20T07:14:01.000Z","volume":20000,"label":" ","price":6.95},{"type":"A","date":"2018-03-20T07:14:01.000Z","volume":11600,"label":" ","price":6.96},{"type":"B","date":"2018-03-20T07:14:02.000Z","volume":8000,"label":" ","price":6.95},{"type":"B","date":"2018-03-20T07:14:02.000Z","volume":6800,"label":" ","price":6.95},{"type":"B","date":"2018-03-20T07:14:02.000Z","volume":1600,"label":" ","price":6.95},{"type":"B","date":"2018-03-20T07:14:17.000Z","volume":3600,"label":" ","price":6.95},{"type":"B","date":"2018-03-20T07:14:18.000Z","volume":800,"label":" ","price":6.94},{"type":"B","date":"2018-03-20T07:15:25.000Z","volume":4000,"label":" ","price":6.94},{"type":"B","date":"2018-03-20T07:15:26.000Z","volume":1200,"label":" ","price":6.94},{"type":"A","date":"2018-03-20T07:15:46.000Z","volume":10000,"label":" ","price":6.95},{"type":"B","date":"2018-03-20T07:15:47.000Z","volume":2400,"label":" ","price":6.94},{"type":"B","date":"2018-03-20T07:16:17.000Z","volume":94800,"label":" ","price":6.94},{"type":"A","date":"2018-03-20T07:16:31.000Z","volume":400,"label":" ","price":6.95},{"type":"A","date":"2018-03-20T07:17:22.000Z","volume":3600,"label":" ","price":6.95},{"type":"A","date":"2018-03-20T07:17:23.000Z","volume":46400,"label":" ","price":6.95},{"type":"A","date":"2018-03-20T07:19:33.000Z","volume":46400,"label":" ","price":6.95},{"type":"A","date":"2018-03-20T07:19:33.000Z","volume":15200,"label":" ","price":6.95},{"type":"A","date":"2018-03-20T07:19:34.000Z","volume":3600,"label":" ","price":6.95},{"type":"A","date":"2018-03-20T07:19:46.000Z","volume":5600,"label":" ","price":6.95},{"type":"U","date":"2018-03-20T07:20:11.000Z","volume":2800,"label":"X","price":6.947},{"type":"A","date":"2018-03-20T07:21:24.000Z","volume":37200,"label":" ","price":6.95},{"type":"A","date":"2018-03-20T07:21:26.000Z","volume":2800,"label":" ","price":6.95},{"type":"A","date":"2018-03-20T07:21:34.000Z","volume":30000,"label":" ","price":6.95},{"type":"A","date":"2018-03-20T07:21:34.000Z","volume":11200,"label":" ","price":6.95},{"type":"A","date":"2018-03-20T07:21:47.000Z","volume":17200,"label":" ","price":6.95},{"type":"A","date":"2018-03-20T07:21:47.000Z","volume":4000,"label":" ","price":6.95},{"type":"U","date":"2018-03-20T07:22:02.000Z","volume":400,"label":"X","price":6.95},{"type":"B","date":"2018-03-20T07:25:16.000Z","volume":8400,"label":" ","price":6.94},{"type":"A","date":"2018-03-20T07:25:18.000Z","volume":800,"label":" ","price":6.95},{"type":"A","date":"2018-03-20T07:25:21.000Z","volume":20000,"label":" ","price":6.95},{"type":"A","date":"2018-03-20T07:26:04.000Z","volume":800,"label":" ","price":6.95},{"type":"A","date":"2018-03-20T07:27:00.000Z","volume":46800,"label":" ","price":6.95},{"type":"A","date":"2018-03-20T07:27:02.000Z","volume":3200,"label":" ","price":6.95},{"type":"A","date":"2018-03-20T07:28:54.000Z","volume":3600,"label":" ","price":6.95},{"type":"A","date":"2018-03-20T07:28:55.000Z","volume":46400,"label":" ","price":6.95},{"type":"A","date":"2018-03-20T07:28:55.000Z","volume":8800,"label":" ","price":6.95},{"type":"A","date":"2018-03-20T07:29:08.000Z","volume":6000,"label":" ","price":6.95},{"type":"U","date":"2018-03-20T07:30:11.000Z","volume":400,"label":"X","price":6.95},{"type":"A","date":"2018-03-20T07:30:33.000Z","volume":400,"label":" ","price":6.95},{"type":"A","date":"2018-03-20T07:30:33.000Z","volume":3600,"label":" ","price":6.95},{"type":"A","date":"2018-03-20T07:30:34.000Z","volume":48400,"label":" ","price":6.95},{"type":"A","date":"2018-03-20T07:30:34.000Z","volume":14000,"label":" ","price":6.95},{"type":"U","date":"2018-03-20T07:30:56.000Z","volume":800,"label":"X","price":6.95},{"type":"A","date":"2018-03-20T07:30:56.000Z","volume":4400,"label":" ","price":6.95},{"type":"A","date":"2018-03-20T07:31:22.000Z","volume":800,"label":" ","price":6.95},{"type":"A","date":"2018-03-20T07:32:29.000Z","volume":20000,"label":" ","price":6.95},{"type":"U","date":"2018-03-20T07:32:32.000Z","volume":400,"label":"X","price":6.95},{"type":"U","date":"2018-03-20T07:33:03.000Z","volume":2000,"label":"X","price":6.95},{"type":"U","date":"2018-03-20T07:33:03.000Z","volume":400,"label":"X","price":6.95},{"type":"A","date":"2018-03-20T07:34:27.000Z","volume":8400,"label":" ","price":6.95},{"type":"A","date":"2018-03-20T07:34:56.000Z","volume":18400,"label":" ","price":6.95},{"type":"B","date":"2018-03-20T07:34:56.000Z","volume":400,"label":" ","price":6.95},{"type":"A","date":"2018-03-20T07:34:56.000Z","volume":400,"label":" ","price":6.95},{"type":"A","date":"2018-03-20T07:34:56.000Z","volume":10400,"label":" ","price":6.96},{"type":"B","date":"2018-03-20T07:34:57.000Z","volume":2800,"label":" ","price":6.95},{"type":"B","date":"2018-03-20T07:34:59.000Z","volume":15600,"label":" ","price":6.95},{"type":"A","date":"2018-03-20T07:35:17.000Z","volume":18800,"label":" ","price":6.95},{"type":"A","date":"2018-03-20T07:35:17.000Z","volume":400,"label":" ","price":6.95},{"type":"A","date":"2018-03-20T07:35:47.000Z","volume":16800,"label":" ","price":6.95},{"type":"A","date":"2018-03-20T07:35:47.000Z","volume":7600,"label":" ","price":6.95},{"type":"U","date":"2018-03-20T07:36:03.000Z","volume":2400,"label":"X","price":6.95},{"type":"A","date":"2018-03-20T07:36:13.000Z","volume":400,"label":" ","price":6.95},{"type":"A","date":"2018-03-20T07:36:52.000Z","volume":8000,"label":" ","price":6.95},{"type":"A","date":"2018-03-20T07:36:52.000Z","volume":1200,"label":" ","price":6.95},{"type":"B","date":"2018-03-20T07:36:52.000Z","volume":400,"label":" ","price":6.95},{"type":"B","date":"2018-03-20T07:36:53.000Z","volume":1200,"label":" ","price":6.95},{"type":"B","date":"2018-03-20T07:37:02.000Z","volume":20000,"label":" ","price":6.95},{"type":"B","date":"2018-03-20T07:37:03.000Z","volume":5200,"label":" ","price":6.95},{"type":"B","date":"2018-03-20T07:37:03.000Z","volume":6000,"label":" ","price":6.95},{"type":"B","date":"2018-03-20T07:37:04.000Z","volume":1200,"label":" ","price":6.95},{"type":"B","date":"2018-03-20T07:37:07.000Z","volume":5200,"label":" ","price":6.95},{"type":"A","date":"2018-03-20T07:37:07.000Z","volume":3200,"label":" ","price":6.95},{"type":"A","date":"2018-03-20T07:37:27.000Z","volume":8400,"label":" ","price":6.95},{"type":"A","date":"2018-03-20T07:39:19.000Z","volume":12400,"label":" ","price":6.95},{"type":"A","date":"2018-03-20T07:40:01.000Z","volume":18800,"label":" ","price":6.95},{"type":"A","date":"2018-03-20T07:40:01.000Z","volume":400,"label":" ","price":6.95},{"type":"A","date":"2018-03-20T07:40:03.000Z","volume":1200,"label":" ","price":6.95},{"type":"A","date":"2018-03-20T07:40:22.000Z","volume":5200,"label":" ","price":6.95},{"type":"A","date":"2018-03-20T07:40:25.000Z","volume":12400,"label":" ","price":6.95},{"type":"A","date":"2018-03-20T07:40:36.000Z","volume":9600,"label":" ","price":6.95},{"type":"A","date":"2018-03-20T07:41:17.000Z","volume":15600,"label":" ","price":6.95},{"type":"A","date":"2018-03-20T07:41:19.000Z","volume":10000,"label":"Y","price":6.95},{"type":"A","date":"2018-03-20T07:41:42.000Z","volume":2000,"label":"Y","price":6.95},{"type":"A","date":"2018-03-20T07:41:42.000Z","volume":27200,"label":" ","price":6.95},{"type":"B","date":"2018-03-20T07:41:42.000Z","volume":1200,"label":" ","price":6.95},{"type":"B","date":"2018-03-20T07:41:42.000Z","volume":3600,"label":" ","price":6.95},{"type":"A","date":"2018-03-20T07:41:42.000Z","volume":13200,"label":" ","price":6.96},{"type":"B","date":"2018-03-20T07:41:43.000Z","volume":3600,"label":" ","price":6.95},{"type":"A","date":"2018-03-20T07:42:33.000Z","volume":14000,"label":" ","price":6.96},{"type":"A","date":"2018-03-20T07:42:33.000Z","volume":10000,"label":" ","price":6.96},{"type":"B","date":"2018-03-20T07:42:34.000Z","volume":6000,"label":" ","price":6.95},{"type":"B","date":"2018-03-20T07:42:51.000Z","volume":1600,"label":" ","price":6.95},{"type":"B","date":"2018-03-20T07:42:52.000Z","volume":400,"label":" ","price":6.95},{"type":"B","date":"2018-03-20T07:43:13.000Z","volume":40000,"label":" ","price":6.95},{"type":"A","date":"2018-03-20T07:43:13.000Z","volume":10400,"label":" ","price":6.96},{"type":"A","date":"2018-03-20T07:43:13.000Z","volume":7200,"label":" ","price":6.96},{"type":"B","date":"2018-03-20T07:43:13.000Z","volume":12000,"label":" ","price":6.95},{"type":"A","date":"2018-03-20T07:43:27.000Z","volume":10400,"label":" ","price":6.96},{"type":"A","date":"2018-03-20T07:43:27.000Z","volume":5600,"label":" ","price":6.97},{"type":"B","date":"2018-03-20T07:43:27.000Z","volume":800,"label":" ","price":6.95},{"type":"B","date":"2018-03-20T07:43:48.000Z","volume":6400,"label":" ","price":6.96},{"type":"B","date":"2018-03-20T07:43:48.000Z","volume":5600,"label":" ","price":6.96},{"type":"B","date":"2018-03-20T07:43:48.000Z","volume":800,"label":" ","price":6.96},{"type":"B","date":"2018-03-20T07:43:48.000Z","volume":5200,"label":" ","price":6.96},{"type":"A","date":"2018-03-20T07:43:48.000Z","volume":10400,"label":" ","price":6.97},{"type":"B","date":"2018-03-20T07:43:49.000Z","volume":2000,"label":" ","price":6.96},{"type":"B","date":"2018-03-20T07:43:49.000Z","volume":5200,"label":" ","price":6.95},{"type":"A","date":"2018-03-20T07:44:35.000Z","volume":800,"label":"Y","price":6.97},{"type":"B","date":"2018-03-20T07:44:51.000Z","volume":6000,"label":" ","price":6.96},{"type":"B","date":"2018-03-20T07:44:52.000Z","volume":1600,"label":" ","price":6.96},{"type":"A","date":"2018-03-20T07:44:58.000Z","volume":8000,"label":" ","price":6.97},{"type":"A","date":"2018-03-20T07:45:21.000Z","volume":2400,"label":" ","price":6.97},{"type":"B","date":"2018-03-20T07:45:23.000Z","volume":20000,"label":" ","price":6.96},{"type":"B","date":"2018-03-20T07:45:23.000Z","volume":6800,"label":" ","price":6.96},{"type":"A","date":"2018-03-20T07:45:23.000Z","volume":8800,"label":" ","price":6.97},{"type":"B","date":"2018-03-20T07:45:24.000Z","volume":7200,"label":" ","price":6.96},{"type":"B","date":"2018-03-20T07:46:49.000Z","volume":17200,"label":" ","price":6.96},{"type":"B","date":"2018-03-20T07:46:50.000Z","volume":4000,"label":" ","price":6.95},{"type":"A","date":"2018-03-20T07:47:50.000Z","volume":6400,"label":" ","price":6.96},{"type":"B","date":"2018-03-20T07:47:51.000Z","volume":1600,"label":" ","price":6.95},{"type":"B","date":"2018-03-20T07:48:15.000Z","volume":10000,"label":" ","price":6.95},{"type":"A","date":"2018-03-20T07:48:15.000Z","volume":10800,"label":" ","price":6.96},{"type":"B","date":"2018-03-20T07:48:16.000Z","volume":5200,"label":" ","price":6.95},{"type":"B","date":"2018-03-20T07:49:24.000Z","volume":238000,"label":" ","price":6.95},{"type":"U","date":"2018-03-20T07:50:06.000Z","volume":400,"label":"X","price":6.95},{"type":"B","date":"2018-03-20T07:51:51.000Z","volume":6000,"label":" ","price":6.94},{"type":"A","date":"2018-03-20T07:51:53.000Z","volume":400,"label":" ","price":6.95},{"type":"A","date":"2018-03-20T07:52:46.000Z","volume":62000,"label":" ","price":6.95},{"type":"B","date":"2018-03-20T07:52:51.000Z","volume":52400,"label":" ","price":6.94},{"type":"A","date":"2018-03-20T07:53:08.000Z","volume":400,"label":" ","price":6.95},{"type":"A","date":"2018-03-20T07:53:10.000Z","volume":147600,"label":" ","price":6.95},{"type":"B","date":"2018-03-20T07:53:10.000Z","volume":2400,"label":" ","price":6.95},{"type":"A","date":"2018-03-20T07:53:11.000Z","volume":2400,"label":" ","price":6.95},{"type":"A","date":"2018-03-20T07:53:11.000Z","volume":1600,"label":" ","price":6.95},{"type":"A","date":"2018-03-20T07:53:13.000Z","volume":6400,"label":" ","price":6.95},{"type":"A","date":"2018-03-20T07:53:24.000Z","volume":1600,"label":" ","price":6.95},{"type":"A","date":"2018-03-20T07:53:59.000Z","volume":6400,"label":" ","price":6.98},{"type":"B","date":"2018-03-20T07:54:00.000Z","volume":1600,"label":" ","price":6.96},{"type":"A","date":"2018-03-20T07:54:23.000Z","volume":16800,"label":" ","price":6.98},{"type":"B","date":"2018-03-20T07:54:23.000Z","volume":2400,"label":" ","price":6.96},{"type":"A","date":"2018-03-20T07:54:43.000Z","volume":14000,"label":" ","price":6.98},{"type":"A","date":"2018-03-20T07:55:03.000Z","volume":9200,"label":" ","price":6.97},{"type":"A","date":"2018-03-20T07:55:03.000Z","volume":4400,"label":" ","price":6.98},{"type":"B","date":"2018-03-20T07:55:03.000Z","volume":7200,"label":" ","price":6.97},{"type":"B","date":"2018-03-20T07:55:03.000Z","volume":2400,"label":" ","price":6.97},{"type":"B","date":"2018-03-20T07:55:04.000Z","volume":5600,"label":" ","price":6.97},{"type":"B","date":"2018-03-20T07:55:04.000Z","volume":800,"label":" ","price":6.97},{"type":"A","date":"2018-03-20T07:55:24.000Z","volume":5600,"label":" ","price":6.98},{"type":"B","date":"2018-03-20T07:55:25.000Z","volume":1600,"label":" ","price":6.97},{"type":"A","date":"2018-03-20T07:56:09.000Z","volume":25600,"label":" ","price":6.98},{"type":"A","date":"2018-03-20T07:56:09.000Z","volume":1600,"label":" ","price":6.98},{"type":"A","date":"2018-03-20T07:56:09.000Z","volume":7200,"label":" ","price":6.98},{"type":"A","date":"2018-03-20T07:56:09.000Z","volume":800,"label":" ","price":6.98},{"type":"A","date":"2018-03-20T07:56:09.000Z","volume":1600,"label":" ","price":6.98},{"type":"B","date":"2018-03-20T07:57:16.000Z","volume":54400,"label":" ","price":6.98},{"type":"A","date":"2018-03-20T07:57:38.000Z","volume":8400,"label":" ","price":6.98},{"type":"A","date":"2018-03-20T07:57:38.000Z","volume":1600,"label":" ","price":6.98},{"type":"B","date":"2018-03-20T07:57:38.000Z","volume":2000,"label":" ","price":6.98},{"type":"B","date":"2018-03-20T07:57:43.000Z","volume":800,"label":" ","price":6.98},{"type":"B","date":"2018-03-20T07:57:45.000Z","volume":5200,"label":" ","price":6.98},{"type":"B","date":"2018-03-20T07:57:49.000Z","volume":5600,"label":" ","price":6.98},{"type":"B","date":"2018-03-20T07:57:56.000Z","volume":1200,"label":" ","price":6.98},{"type":"B","date":"2018-03-20T07:58:15.000Z","volume":3600,"label":" ","price":6.98},{"type":"B","date":"2018-03-20T07:58:16.000Z","volume":400,"label":" ","price":6.97},{"type":"A","date":"2018-03-20T07:58:32.000Z","volume":4400,"label":" ","price":6.98},{"type":"B","date":"2018-03-20T07:58:34.000Z","volume":400,"label":" ","price":6.97},{"type":"B","date":"2018-03-20T07:58:36.000Z","volume":400,"label":" ","price":6.97},{"type":"A","date":"2018-03-20T07:58:38.000Z","volume":1600,"label":" ","price":6.98},{"type":"A","date":"2018-03-20T07:59:01.000Z","volume":3600,"label":" ","price":6.98},{"type":"A","date":"2018-03-20T07:59:02.000Z","volume":4800,"label":" ","price":6.98},{"type":"A","date":"2018-03-20T07:59:02.000Z","volume":5200,"label":" ","price":6.98},{"type":"A","date":"2018-03-20T07:59:02.000Z","volume":5600,"label":" ","price":6.98},{"type":"A","date":"2018-03-20T07:59:02.000Z","volume":400,"label":" ","price":6.98},{"type":"A","date":"2018-03-20T07:59:26.000Z","volume":400,"label":" ","price":6.98},{"type":"U","date":"2018-03-20T07:59:27.000Z","volume":400,"label":"X","price":6.975},{"type":"U","date":"2018-03-20T07:59:27.000Z","volume":400,"label":"X","price":6.975},{"type":"A","date":"2018-03-20T07:59:27.000Z","volume":400,"label":" ","price":6.98},{"type":"A","date":"2018-03-20T07:59:28.000Z","volume":2000,"label":" ","price":6.98},{"type":"A","date":"2018-03-20T07:59:28.000Z","volume":6000,"label":" ","price":6.98},{"type":"A","date":"2018-03-20T07:59:37.000Z","volume":1200,"label":" ","price":6.98},{"type":"A","date":"2018-03-20T07:59:40.000Z","volume":2800,"label":" ","price":6.98},{"type":"A","date":"2018-03-20T07:59:40.000Z","volume":6000,"label":" ","price":6.98},{"type":"A","date":"2018-03-20T07:59:40.000Z","volume":400,"label":" ","price":6.98},{"type":"B","date":"2018-03-20T07:59:42.000Z","volume":400,"label":" ","price":6.97},{"type":"B","date":"2018-03-20T07:59:44.000Z","volume":2400,"label":" ","price":6.97},{"type":"A","date":"2018-03-20T07:59:44.000Z","volume":1600,"label":" ","price":6.98},{"type":"A","date":"2018-03-20T07:59:50.000Z","volume":2400,"label":" ","price":6.98},{"type":"A","date":"2018-03-20T07:59:50.000Z","volume":400,"label":" ","price":6.98},{"type":"A","date":"2018-03-20T07:59:51.000Z","volume":1200,"label":" ","price":6.98},{"type":"A","date":"2018-03-20T07:59:53.000Z","volume":1200,"label":" ","price":6.98},{"type":"A","date":"2018-03-20T07:59:54.000Z","volume":800,"label":" ","price":6.98},{"type":"A","date":"2018-03-20T07:59:56.000Z","volume":400,"label":" ","price":6.98},{"type":"A","date":"2018-03-20T07:59:57.000Z","volume":400,"label":" ","price":6.98},{"type":"U","date":"2018-03-20T07:59:57.000Z","volume":2000,"label":"X","price":6.979},{"type":"U","date":"2018-03-20T08:08:31.000Z","volume":88000,"label":"U","price":6.97}]