[{"type":"U","date":"2018-05-03T01:20:00.000Z","volume":174000,"label":"U","price":7},{"type":"B","date":"2018-05-03T01:33:30.000Z","volume":1000,"label":" ","price":6.82},{"type":"A","date":"2018-05-03T01:36:07.000Z","volume":2000,"label":" ","price":6.85},{"type":"A","date":"2018-05-03T01:36:07.000Z","volume":5000,"label":" ","price":6.86},{"type":"A","date":"2018-05-03T01:36:07.000Z","volume":49000,"label":" ","price":6.87},{"type":"A","date":"2018-05-03T01:36:08.000Z","volume":1000,"label":" ","price":6.87},{"type":"A","date":"2018-05-03T01:37:01.000Z","volume":50000,"label":" ","price":6.87},{"type":"A","date":"2018-05-03T01:37:02.000Z","volume":2000,"label":" ","price":6.87},{"type":"A","date":"2018-05-03T01:38:21.000Z","volume":5000,"label":" ","price":6.87},{"type":"B","date":"2018-05-03T01:40:48.000Z","volume":4000,"label":" ","price":6.87},{"type":"B","date":"2018-05-03T01:40:48.000Z","volume":1000,"label":" ","price":6.87},{"type":"A","date":"2018-05-03T01:40:55.000Z","volume":3000,"label":" ","price":6.87},{"type":"U","date":"2018-05-03T01:41:21.000Z","volume":2000,"label":" ","price":6.87},{"type":"A","date":"2018-05-03T01:41:22.000Z","volume":1000,"label":" ","price":6.88},{"type":"B","date":"2018-05-03T01:41:50.000Z","volume":5000,"label":" ","price":6.87},{"type":"B","date":"2018-05-03T01:42:26.000Z","volume":4000,"label":" ","price":6.87},{"type":"A","date":"2018-05-03T01:42:36.000Z","volume":20000,"label":" ","price":6.88},{"type":"A","date":"2018-05-03T01:42:36.000Z","volume":31000,"label":" ","price":6.88},{"type":"A","date":"2018-05-03T01:42:37.000Z","volume":1000,"label":" ","price":6.94},{"type":"B","date":"2018-05-03T01:43:07.000Z","volume":1000,"label":" ","price":6.89},{"type":"B","date":"2018-05-03T01:43:07.000Z","volume":19000,"label":" ","price":6.87},{"type":"A","date":"2018-05-03T01:43:08.000Z","volume":1000,"label":" ","price":6.94},{"type":"A","date":"2018-05-03T01:44:02.000Z","volume":200000,"label":" ","price":6.93},{"type":"A","date":"2018-05-03T01:44:02.000Z","volume":6000,"label":" ","price":6.94},{"type":"A","date":"2018-05-03T01:44:03.000Z","volume":6000,"label":" ","price":6.94},{"type":"B","date":"2018-05-03T01:44:22.000Z","volume":1000,"label":" ","price":6.9},{"type":"A","date":"2018-05-03T01:45:50.000Z","volume":300000,"label":" ","price":6.93},{"type":"A","date":"2018-05-03T01:45:50.000Z","volume":13000,"label":" ","price":6.94},{"type":"A","date":"2018-05-03T01:45:51.000Z","volume":10000,"label":" ","price":6.95},{"type":"A","date":"2018-05-03T01:47:18.000Z","volume":1000,"label":" ","price":6.93},{"type":"B","date":"2018-05-03T01:48:12.000Z","volume":1000,"label":"Y","price":6.91},{"type":"B","date":"2018-05-03T01:48:12.000Z","volume":1000,"label":" ","price":6.91},{"type":"B","date":"2018-05-03T01:48:12.000Z","volume":4000,"label":" ","price":6.9},{"type":"B","date":"2018-05-03T01:48:12.000Z","volume":6000,"label":"Y","price":6.88},{"type":"B","date":"2018-05-03T01:48:12.000Z","volume":38000,"label":" ","price":6.88},{"type":"A","date":"2018-05-03T01:48:12.000Z","volume":1000,"label":" ","price":6.93},{"type":"B","date":"2018-05-03T01:48:29.000Z","volume":1000,"label":" ","price":6.89},{"type":"B","date":"2018-05-03T01:48:29.000Z","volume":32000,"label":" ","price":6.88},{"type":"A","date":"2018-05-03T01:48:29.000Z","volume":17000,"label":" ","price":6.88},{"type":"B","date":"2018-05-03T01:49:11.000Z","volume":10000,"label":" ","price":6.87},{"type":"B","date":"2018-05-03T01:49:53.000Z","volume":233000,"label":" ","price":6.87},{"type":"B","date":"2018-05-03T01:49:53.000Z","volume":178000,"label":" ","price":6.86},{"type":"B","date":"2018-05-03T01:49:53.000Z","volume":169000,"label":" ","price":6.85},{"type":"B","date":"2018-05-03T01:49:53.000Z","volume":269000,"label":" ","price":6.84},{"type":"B","date":"2018-05-03T01:49:53.000Z","volume":7000,"label":"Y","price":6.83},{"type":"B","date":"2018-05-03T01:49:53.000Z","volume":259000,"label":" ","price":6.83},{"type":"B","date":"2018-05-03T01:49:53.000Z","volume":10000,"label":"Y","price":6.82},{"type":"B","date":"2018-05-03T01:49:53.000Z","volume":3000,"label":" ","price":6.82},{"type":"B","date":"2018-05-03T01:49:53.000Z","volume":2000,"label":"Y","price":6.81},{"type":"B","date":"2018-05-03T01:49:53.000Z","volume":162000,"label":" ","price":6.8},{"type":"B","date":"2018-05-03T01:49:53.000Z","volume":15000,"label":" ","price":6.79},{"type":"B","date":"2018-05-03T01:49:53.000Z","volume":88000,"label":" ","price":6.8},{"type":"A","date":"2018-05-03T01:49:53.000Z","volume":18000,"label":" ","price":6.8},{"type":"A","date":"2018-05-03T01:50:01.000Z","volume":2000,"label":" ","price":6.8},{"type":"A","date":"2018-05-03T01:51:21.000Z","volume":22000,"label":" ","price":6.8},{"type":"A","date":"2018-05-03T01:51:21.000Z","volume":9000,"label":" ","price":6.8},{"type":"A","date":"2018-05-03T01:51:22.000Z","volume":1000,"label":" ","price":6.8},{"type":"A","date":"2018-05-03T01:51:49.000Z","volume":17000,"label":" ","price":6.8},{"type":"A","date":"2018-05-03T01:51:53.000Z","volume":44000,"label":" ","price":6.8},{"type":"A","date":"2018-05-03T01:51:54.000Z","volume":3000,"label":" ","price":6.8},{"type":"A","date":"2018-05-03T01:51:54.000Z","volume":53000,"label":" ","price":6.8},{"type":"U","date":"2018-05-03T01:51:56.000Z","volume":3000,"label":" ","price":6.89},{"type":"A","date":"2018-05-03T01:52:23.000Z","volume":1000,"label":" ","price":6.88},{"type":"A","date":"2018-05-03T01:52:23.000Z","volume":1000,"label":" ","price":6.88},{"type":"A","date":"2018-05-03T01:52:23.000Z","volume":1000,"label":" ","price":6.88},{"type":"B","date":"2018-05-03T01:53:15.000Z","volume":1000,"label":" ","price":6.83},{"type":"B","date":"2018-05-03T01:53:15.000Z","volume":4000,"label":" ","price":6.81},{"type":"A","date":"2018-05-03T02:00:38.000Z","volume":1000,"label":" ","price":6.85},{"type":"A","date":"2018-05-03T02:00:38.000Z","volume":4000,"label":" ","price":6.85},{"type":"A","date":"2018-05-03T02:00:39.000Z","volume":1000,"label":"Y","price":6.86},{"type":"A","date":"2018-05-03T02:13:08.000Z","volume":1000,"label":" ","price":6.87},{"type":"B","date":"2018-05-03T02:15:08.000Z","volume":5000,"label":" ","price":6.82},{"type":"A","date":"2018-05-03T02:16:48.000Z","volume":1000,"label":" ","price":6.87},{"type":"B","date":"2018-05-03T02:18:43.000Z","volume":4000,"label":" ","price":6.82},{"type":"B","date":"2018-05-03T02:18:43.000Z","volume":1000,"label":" ","price":6.81},{"type":"A","date":"2018-05-03T02:18:43.000Z","volume":3000,"label":" ","price":6.87},{"type":"A","date":"2018-05-03T02:25:03.000Z","volume":1000,"label":" ","price":6.86},{"type":"U","date":"2018-05-03T02:32:48.000Z","volume":1000,"label":" ","price":6.85},{"type":"A","date":"2018-05-03T02:33:52.000Z","volume":9000,"label":" ","price":6.86},{"type":"A","date":"2018-05-03T02:33:52.000Z","volume":2000,"label":" ","price":6.87},{"type":"A","date":"2018-05-03T02:33:52.000Z","volume":23000,"label":" ","price":6.88},{"type":"A","date":"2018-05-03T02:33:52.000Z","volume":6000,"label":" ","price":6.89},{"type":"A","date":"2018-05-03T02:33:52.000Z","volume":10000,"label":" ","price":6.9},{"type":"A","date":"2018-05-03T02:33:53.000Z","volume":2000,"label":" ","price":6.9},{"type":"A","date":"2018-05-03T02:34:26.000Z","volume":1000,"label":" ","price":6.89},{"type":"B","date":"2018-05-03T02:44:49.000Z","volume":7000,"label":" ","price":6.87},{"type":"A","date":"2018-05-03T02:44:49.000Z","volume":1000,"label":" ","price":6.87},{"type":"B","date":"2018-05-03T02:59:57.000Z","volume":5000,"label":" ","price":6.86},{"type":"A","date":"2018-05-03T02:59:57.000Z","volume":13000,"label":" ","price":6.87},{"type":"A","date":"2018-05-03T03:04:58.000Z","volume":1000,"label":" ","price":6.89},{"type":"A","date":"2018-05-03T03:05:33.000Z","volume":1000,"label":" ","price":6.89},{"type":"A","date":"2018-05-03T03:05:34.000Z","volume":1000,"label":" ","price":6.89},{"type":"A","date":"2018-05-03T03:13:18.000Z","volume":1000,"label":" ","price":6.89},{"type":"B","date":"2018-05-03T03:15:22.000Z","volume":6000,"label":" ","price":6.86},{"type":"B","date":"2018-05-03T03:25:13.000Z","volume":1000,"label":" ","price":6.86},{"type":"B","date":"2018-05-03T03:30:30.000Z","volume":7000,"label":" ","price":6.86},{"type":"B","date":"2018-05-03T03:31:16.000Z","volume":2000,"label":" ","price":6.86},{"type":"A","date":"2018-05-03T03:38:27.000Z","volume":1000,"label":" ","price":6.88},{"type":"A","date":"2018-05-03T03:40:37.000Z","volume":1000,"label":" ","price":6.88},{"type":"A","date":"2018-05-03T03:50:07.000Z","volume":1000,"label":" ","price":6.88},{"type":"B","date":"2018-05-03T03:51:20.000Z","volume":7000,"label":" ","price":6.86},{"type":"A","date":"2018-05-03T05:00:06.000Z","volume":1000,"label":" ","price":6.86},{"type":"A","date":"2018-05-03T05:03:38.000Z","volume":1000,"label":" ","price":6.86},{"type":"B","date":"2018-05-03T05:04:58.000Z","volume":11000,"label":" ","price":6.85},{"type":"A","date":"2018-05-03T05:04:58.000Z","volume":4000,"label":" ","price":6.85},{"type":"B","date":"2018-05-03T05:14:13.000Z","volume":3000,"label":" ","price":6.84},{"type":"B","date":"2018-05-03T05:14:42.000Z","volume":1000,"label":" ","price":6.84},{"type":"B","date":"2018-05-03T05:15:04.000Z","volume":8000,"label":" ","price":6.84},{"type":"A","date":"2018-05-03T05:15:04.000Z","volume":2000,"label":" ","price":6.84},{"type":"A","date":"2018-05-03T05:15:06.000Z","volume":6000,"label":" ","price":6.84},{"type":"B","date":"2018-05-03T05:19:26.000Z","volume":2000,"label":" ","price":6.83},{"type":"A","date":"2018-05-03T05:19:27.000Z","volume":1000,"label":" ","price":6.84},{"type":"A","date":"2018-05-03T05:20:19.000Z","volume":2000,"label":" ","price":6.84},{"type":"A","date":"2018-05-03T05:21:22.000Z","volume":8000,"label":"Y","price":6.84},{"type":"A","date":"2018-05-03T05:21:22.000Z","volume":6000,"label":" ","price":6.84},{"type":"A","date":"2018-05-03T05:21:22.000Z","volume":15000,"label":" ","price":6.84},{"type":"A","date":"2018-05-03T05:21:25.000Z","volume":8000,"label":"Y","price":6.84},{"type":"A","date":"2018-05-03T05:21:25.000Z","volume":18000,"label":" ","price":6.84},{"type":"A","date":"2018-05-03T05:21:25.000Z","volume":2000,"label":"Y","price":6.84},{"type":"A","date":"2018-05-03T05:21:25.000Z","volume":4000,"label":" ","price":6.84},{"type":"A","date":"2018-05-03T05:21:26.000Z","volume":1000,"label":" ","price":6.88},{"type":"A","date":"2018-05-03T05:22:15.000Z","volume":1000,"label":" ","price":6.88},{"type":"A","date":"2018-05-03T05:22:16.000Z","volume":1000,"label":" ","price":6.88},{"type":"A","date":"2018-05-03T05:25:26.000Z","volume":1000,"label":"Y","price":6.88},{"type":"A","date":"2018-05-03T05:25:40.000Z","volume":4000,"label":" ","price":6.88},{"type":"A","date":"2018-05-03T05:30:49.000Z","volume":1000,"label":" ","price":6.88},{"type":"A","date":"2018-05-03T05:31:39.000Z","volume":1000,"label":" ","price":6.87},{"type":"A","date":"2018-05-03T05:36:05.000Z","volume":1000,"label":" ","price":6.87},{"type":"A","date":"2018-05-03T05:36:09.000Z","volume":1000,"label":" ","price":6.87},{"type":"A","date":"2018-05-03T05:40:09.000Z","volume":1000,"label":" ","price":6.87},{"type":"A","date":"2018-05-03T05:41:43.000Z","volume":1000,"label":" ","price":6.87},{"type":"A","date":"2018-05-03T05:45:10.000Z","volume":1000,"label":" ","price":6.87},{"type":"A","date":"2018-05-03T05:49:28.000Z","volume":1000,"label":" ","price":6.87},{"type":"A","date":"2018-05-03T05:51:40.000Z","volume":1000,"label":" ","price":6.87},{"type":"A","date":"2018-05-03T05:57:40.000Z","volume":1000,"label":" ","price":6.87},{"type":"A","date":"2018-05-03T05:58:11.000Z","volume":1000,"label":" ","price":6.87},{"type":"A","date":"2018-05-03T06:03:26.000Z","volume":1000,"label":" ","price":6.87},{"type":"A","date":"2018-05-03T06:04:10.000Z","volume":1000,"label":" ","price":6.87},{"type":"A","date":"2018-05-03T06:04:42.000Z","volume":4000,"label":" ","price":6.86},{"type":"A","date":"2018-05-03T06:08:46.000Z","volume":1000,"label":" ","price":6.87},{"type":"A","date":"2018-05-03T06:10:10.000Z","volume":1000,"label":" ","price":6.87},{"type":"A","date":"2018-05-03T06:10:16.000Z","volume":10000,"label":" ","price":6.87},{"type":"A","date":"2018-05-03T06:10:17.000Z","volume":1000,"label":" ","price":6.87},{"type":"A","date":"2018-05-03T06:14:34.000Z","volume":1000,"label":" ","price":6.87},{"type":"A","date":"2018-05-03T06:16:11.000Z","volume":1000,"label":" ","price":6.87},{"type":"B","date":"2018-05-03T06:18:23.000Z","volume":8000,"label":" ","price":6.86},{"type":"A","date":"2018-05-03T06:25:51.000Z","volume":1000,"label":" ","price":6.87},{"type":"A","date":"2018-05-03T06:26:09.000Z","volume":1000,"label":" ","price":6.87},{"type":"A","date":"2018-05-03T06:26:09.000Z","volume":1000,"label":" ","price":6.87},{"type":"A","date":"2018-05-03T06:31:54.000Z","volume":1000,"label":" ","price":6.87},{"type":"A","date":"2018-05-03T06:33:34.000Z","volume":1000,"label":" ","price":6.87},{"type":"A","date":"2018-05-03T06:37:31.000Z","volume":1000,"label":" ","price":6.87},{"type":"B","date":"2018-05-03T06:37:42.000Z","volume":10000,"label":" ","price":6.85},{"type":"B","date":"2018-05-03T06:40:41.000Z","volume":1000,"label":" ","price":6.85},{"type":"B","date":"2018-05-03T06:42:47.000Z","volume":1000,"label":" ","price":6.84},{"type":"A","date":"2018-05-03T06:44:52.000Z","volume":20000,"label":" ","price":6.85},{"type":"A","date":"2018-05-03T06:44:53.000Z","volume":1000,"label":"Y","price":6.86},{"type":"A","date":"2018-05-03T06:45:12.000Z","volume":1000,"label":" ","price":6.86},{"type":"A","date":"2018-05-03T06:45:40.000Z","volume":1000,"label":" ","price":6.86},{"type":"A","date":"2018-05-03T06:48:23.000Z","volume":1000,"label":" ","price":6.86},{"type":"A","date":"2018-05-03T06:49:05.000Z","volume":13000,"label":" ","price":6.86},{"type":"A","date":"2018-05-03T06:49:05.000Z","volume":1000,"label":" ","price":6.86},{"type":"A","date":"2018-05-03T06:49:06.000Z","volume":1000,"label":" ","price":6.87},{"type":"A","date":"2018-05-03T06:49:12.000Z","volume":1000,"label":" ","price":6.87},{"type":"A","date":"2018-05-03T06:52:03.000Z","volume":1000,"label":" ","price":6.87},{"type":"A","date":"2018-05-03T06:52:12.000Z","volume":1000,"label":" ","price":6.87},{"type":"A","date":"2018-05-03T06:53:08.000Z","volume":2000,"label":" ","price":6.86},{"type":"A","date":"2018-05-03T06:53:08.000Z","volume":4000,"label":" ","price":6.87},{"type":"B","date":"2018-05-03T06:55:32.000Z","volume":4000,"label":" ","price":6.86},{"type":"B","date":"2018-05-03T06:56:04.000Z","volume":70000,"label":" ","price":6.85},{"type":"A","date":"2018-05-03T06:56:04.000Z","volume":1000,"label":" ","price":6.87},{"type":"A","date":"2018-05-03T06:56:07.000Z","volume":1000,"label":" ","price":6.87},{"type":"A","date":"2018-05-03T06:56:28.000Z","volume":3000,"label":" ","price":6.87},{"type":"B","date":"2018-05-03T06:56:31.000Z","volume":80000,"label":" ","price":6.85},{"type":"A","date":"2018-05-03T06:56:32.000Z","volume":2000,"label":" ","price":6.87},{"type":"B","date":"2018-05-03T06:57:37.000Z","volume":2000,"label":" ","price":6.85},{"type":"A","date":"2018-05-03T07:01:44.000Z","volume":140000,"label":" ","price":6.86},{"type":"A","date":"2018-05-03T07:01:44.000Z","volume":5000,"label":" ","price":6.86},{"type":"A","date":"2018-05-03T07:01:44.000Z","volume":5000,"label":" ","price":6.86},{"type":"A","date":"2018-05-03T07:01:45.000Z","volume":4000,"label":" ","price":6.87},{"type":"A","date":"2018-05-03T07:04:39.000Z","volume":1000,"label":" ","price":6.87},{"type":"B","date":"2018-05-03T07:04:48.000Z","volume":70000,"label":" ","price":6.84},{"type":"A","date":"2018-05-03T07:04:49.000Z","volume":1000,"label":" ","price":6.87},{"type":"A","date":"2018-05-03T07:05:55.000Z","volume":30000,"label":" ","price":6.84},{"type":"A","date":"2018-05-03T07:05:55.000Z","volume":7000,"label":" ","price":6.84},{"type":"A","date":"2018-05-03T07:05:56.000Z","volume":1000,"label":" ","price":6.84},{"type":"A","date":"2018-05-03T07:06:04.000Z","volume":4000,"label":" ","price":6.84},{"type":"A","date":"2018-05-03T07:07:10.000Z","volume":75000,"label":" ","price":6.88},{"type":"A","date":"2018-05-03T07:07:11.000Z","volume":2000,"label":" ","price":6.88},{"type":"A","date":"2018-05-03T07:12:50.000Z","volume":10000,"label":" ","price":6.88},{"type":"A","date":"2018-05-03T07:12:50.000Z","volume":1000,"label":" ","price":6.88},{"type":"A","date":"2018-05-03T07:17:50.000Z","volume":2000,"label":" ","price":6.88},{"type":"A","date":"2018-05-03T07:21:54.000Z","volume":1000,"label":" ","price":6.88},{"type":"A","date":"2018-05-03T07:21:55.000Z","volume":1000,"label":" ","price":6.88},{"type":"A","date":"2018-05-03T07:24:29.000Z","volume":3000,"label":"Y","price":6.88},{"type":"A","date":"2018-05-03T07:24:29.000Z","volume":7000,"label":" ","price":6.88},{"type":"A","date":"2018-05-03T07:24:30.000Z","volume":1000,"label":" ","price":6.88},{"type":"A","date":"2018-05-03T07:28:21.000Z","volume":1000,"label":" ","price":6.88},{"type":"A","date":"2018-05-03T07:32:20.000Z","volume":1000,"label":" ","price":6.88},{"type":"A","date":"2018-05-03T07:34:08.000Z","volume":1000,"label":" ","price":6.88},{"type":"A","date":"2018-05-03T07:38:46.000Z","volume":1000,"label":" ","price":6.88},{"type":"A","date":"2018-05-03T07:39:08.000Z","volume":1000,"label":" ","price":6.88},{"type":"A","date":"2018-05-03T07:40:50.000Z","volume":1000,"label":" ","price":6.88},{"type":"A","date":"2018-05-03T07:43:07.000Z","volume":1000,"label":" ","price":6.88},{"type":"A","date":"2018-05-03T07:44:08.000Z","volume":1000,"label":" ","price":6.88},{"type":"A","date":"2018-05-03T07:47:45.000Z","volume":11000,"label":" ","price":6.88},{"type":"A","date":"2018-05-03T07:47:58.000Z","volume":6000,"label":" ","price":6.88},{"type":"A","date":"2018-05-03T07:47:58.000Z","volume":5000,"label":" ","price":6.88},{"type":"A","date":"2018-05-03T07:47:59.000Z","volume":1000,"label":" ","price":6.89},{"type":"A","date":"2018-05-03T07:48:38.000Z","volume":1000,"label":" ","price":6.89},{"type":"A","date":"2018-05-03T07:48:40.000Z","volume":1000,"label":" ","price":6.89},{"type":"A","date":"2018-05-03T07:49:31.000Z","volume":1000,"label":" ","price":6.89},{"type":"A","date":"2018-05-03T07:50:11.000Z","volume":10000,"label":" ","price":6.89},{"type":"A","date":"2018-05-03T07:50:38.000Z","volume":1000,"label":" ","price":6.89},{"type":"A","date":"2018-05-03T07:50:38.000Z","volume":1000,"label":" ","price":6.89},{"type":"A","date":"2018-05-03T07:50:47.000Z","volume":8000,"label":"Y","price":6.89},{"type":"A","date":"2018-05-03T07:50:47.000Z","volume":1000,"label":" ","price":6.89},{"type":"A","date":"2018-05-03T07:51:03.000Z","volume":1000,"label":" ","price":6.89},{"type":"A","date":"2018-05-03T07:51:04.000Z","volume":6000,"label":"Y","price":6.89},{"type":"A","date":"2018-05-03T07:51:59.000Z","volume":11000,"label":" ","price":6.89},{"type":"A","date":"2018-05-03T07:51:59.000Z","volume":1000,"label":" ","price":6.9},{"type":"A","date":"2018-05-03T07:54:21.000Z","volume":1000,"label":" ","price":6.9},{"type":"A","date":"2018-05-03T07:55:09.000Z","volume":1000,"label":" ","price":6.9},{"type":"A","date":"2018-05-03T07:55:25.000Z","volume":1000,"label":"Y","price":6.9},{"type":"A","date":"2018-05-03T07:56:10.000Z","volume":1000,"label":" ","price":6.9},{"type":"A","date":"2018-05-03T07:57:00.000Z","volume":3000,"label":"Y","price":6.9},{"type":"A","date":"2018-05-03T07:57:09.000Z","volume":1000,"label":" ","price":6.9},{"type":"A","date":"2018-05-03T07:57:20.000Z","volume":1000,"label":" ","price":6.9},{"type":"B","date":"2018-05-03T07:57:34.000Z","volume":2000,"label":" ","price":6.89},{"type":"A","date":"2018-05-03T07:57:39.000Z","volume":1000,"label":" ","price":6.9},{"type":"A","date":"2018-05-03T07:58:45.000Z","volume":1000,"label":" ","price":6.9},{"type":"A","date":"2018-05-03T07:59:02.000Z","volume":8000,"label":" ","price":6.9},{"type":"A","date":"2018-05-03T07:59:02.000Z","volume":6000,"label":" ","price":6.9},{"type":"A","date":"2018-05-03T07:59:14.000Z","volume":30000,"label":" ","price":6.9},{"type":"A","date":"2018-05-03T07:59:15.000Z","volume":1000,"label":" ","price":6.9},{"type":"A","date":"2018-05-03T07:59:16.000Z","volume":3000,"label":" ","price":6.9},{"type":"A","date":"2018-05-03T07:59:27.000Z","volume":2000,"label":" ","price":6.9},{"type":"A","date":"2018-05-03T07:59:30.000Z","volume":1000,"label":" ","price":6.9},{"type":"A","date":"2018-05-03T07:59:36.000Z","volume":3000,"label":" ","price":6.9},{"type":"A","date":"2018-05-03T07:59:36.000Z","volume":4000,"label":" ","price":6.92},{"type":"A","date":"2018-05-03T07:59:42.000Z","volume":1000,"label":" ","price":6.92},{"type":"U","date":"2018-05-03T08:08:12.000Z","volume":103000,"label":"U","price":6.9}]