[{"type":"B","date":"2018-04-18T01:30:07.000Z","volume":2000,"label":"Y","price":5.83},{"type":"B","date":"2018-04-18T01:30:07.000Z","volume":5200,"label":" ","price":5.83},{"type":"B","date":"2018-04-18T01:30:07.000Z","volume":4400,"label":" ","price":5.82},{"type":"B","date":"2018-04-18T01:30:07.000Z","volume":5600,"label":" ","price":5.82},{"type":"B","date":"2018-04-18T01:30:07.000Z","volume":12800,"label":" ","price":5.83},{"type":"B","date":"2018-04-18T01:30:07.000Z","volume":1600,"label":" ","price":5.83},{"type":"A","date":"2018-04-18T01:30:07.000Z","volume":2800,"label":" ","price":5.83},{"type":"A","date":"2018-04-18T01:30:07.000Z","volume":800,"label":" ","price":5.88},{"type":"A","date":"2018-04-18T01:30:07.000Z","volume":1600,"label":" ","price":5.83},{"type":"A","date":"2018-04-18T01:30:07.000Z","volume":400,"label":" ","price":5.83},{"type":"A","date":"2018-04-18T01:30:07.000Z","volume":400,"label":" ","price":5.83},{"type":"A","date":"2018-04-18T01:30:08.000Z","volume":400,"label":" ","price":5.83},{"type":"A","date":"2018-04-18T01:30:08.000Z","volume":400,"label":" ","price":5.84},{"type":"A","date":"2018-04-18T01:30:08.000Z","volume":1600,"label":" ","price":5.88},{"type":"A","date":"2018-04-18T01:30:08.000Z","volume":1200,"label":" ","price":5.88},{"type":"A","date":"2018-04-18T01:30:09.000Z","volume":3200,"label":" ","price":5.88},{"type":"A","date":"2018-04-18T01:30:10.000Z","volume":800,"label":" ","price":5.87},{"type":"B","date":"2018-04-18T01:30:10.000Z","volume":2000,"label":" ","price":5.84},{"type":"A","date":"2018-04-18T01:30:13.000Z","volume":800,"label":" ","price":5.85},{"type":"A","date":"2018-04-18T01:30:14.000Z","volume":400,"label":"Y","price":5.85},{"type":"B","date":"2018-04-18T01:30:21.000Z","volume":400,"label":" ","price":5.82},{"type":"B","date":"2018-04-18T01:30:36.000Z","volume":2000,"label":" ","price":5.82},{"type":"B","date":"2018-04-18T01:30:36.000Z","volume":4400,"label":" ","price":5.82},{"type":"A","date":"2018-04-18T01:30:37.000Z","volume":800,"label":" ","price":5.83},{"type":"B","date":"2018-04-18T01:31:01.000Z","volume":400,"label":" ","price":5.82},{"type":"B","date":"2018-04-18T01:31:01.000Z","volume":400,"label":" ","price":5.82},{"type":"B","date":"2018-04-18T01:31:01.000Z","volume":12400,"label":" ","price":5.82},{"type":"A","date":"2018-04-18T01:31:01.000Z","volume":5600,"label":" ","price":5.82},{"type":"A","date":"2018-04-18T01:31:01.000Z","volume":1200,"label":"Y","price":5.82},{"type":"A","date":"2018-04-18T01:31:01.000Z","volume":400,"label":" ","price":5.82},{"type":"A","date":"2018-04-18T01:31:01.000Z","volume":3600,"label":" ","price":5.82},{"type":"A","date":"2018-04-18T01:31:02.000Z","volume":400,"label":"Y","price":5.82},{"type":"B","date":"2018-04-18T01:31:03.000Z","volume":1200,"label":"Y","price":5.81},{"type":"B","date":"2018-04-18T01:31:03.000Z","volume":10000,"label":" ","price":5.81},{"type":"B","date":"2018-04-18T01:31:03.000Z","volume":102000,"label":" ","price":5.8},{"type":"U","date":"2018-04-18T01:31:03.000Z","volume":12400,"label":" ","price":5.81},{"type":"A","date":"2018-04-18T01:31:04.000Z","volume":2000,"label":" ","price":5.81},{"type":"U","date":"2018-04-18T01:31:04.000Z","volume":400,"label":" ","price":5.8},{"type":"B","date":"2018-04-18T01:31:20.000Z","volume":2800,"label":" ","price":5.78},{"type":"B","date":"2018-04-18T01:31:20.000Z","volume":1600,"label":" ","price":5.78},{"type":"B","date":"2018-04-18T01:31:35.000Z","volume":14000,"label":" ","price":5.77},{"type":"A","date":"2018-04-18T01:31:36.000Z","volume":4800,"label":" ","price":5.77},{"type":"B","date":"2018-04-18T01:31:48.000Z","volume":3600,"label":" ","price":5.76},{"type":"B","date":"2018-04-18T01:31:48.000Z","volume":6400,"label":" ","price":5.76},{"type":"B","date":"2018-04-18T01:31:48.000Z","volume":1200,"label":" ","price":5.76},{"type":"B","date":"2018-04-18T01:31:48.000Z","volume":5600,"label":" ","price":5.76},{"type":"B","date":"2018-04-18T01:31:48.000Z","volume":4400,"label":" ","price":5.76},{"type":"A","date":"2018-04-18T01:32:12.000Z","volume":400,"label":"Y","price":5.76},{"type":"A","date":"2018-04-18T01:32:12.000Z","volume":10000,"label":" ","price":5.76},{"type":"A","date":"2018-04-18T01:32:13.000Z","volume":4000,"label":"Y","price":5.76},{"type":"A","date":"2018-04-18T01:32:13.000Z","volume":4800,"label":" ","price":5.76},{"type":"A","date":"2018-04-18T01:32:13.000Z","volume":24800,"label":" ","price":5.76},{"type":"A","date":"2018-04-18T01:32:13.000Z","volume":2000,"label":" ","price":5.76},{"type":"A","date":"2018-04-18T01:32:13.000Z","volume":1600,"label":" ","price":5.76},{"type":"B","date":"2018-04-18T01:32:14.000Z","volume":7600,"label":" ","price":5.75},{"type":"A","date":"2018-04-18T01:32:26.000Z","volume":1200,"label":" ","price":5.76},{"type":"A","date":"2018-04-18T01:32:29.000Z","volume":19200,"label":" ","price":5.76},{"type":"A","date":"2018-04-18T01:32:29.000Z","volume":2400,"label":" ","price":5.76},{"type":"B","date":"2018-04-18T01:34:26.000Z","volume":400,"label":" ","price":5.76},{"type":"B","date":"2018-04-18T01:34:34.000Z","volume":4000,"label":" ","price":5.76},{"type":"B","date":"2018-04-18T01:34:53.000Z","volume":19600,"label":" ","price":5.76},{"type":"B","date":"2018-04-18T01:34:55.000Z","volume":6400,"label":" ","price":5.76},{"type":"A","date":"2018-04-18T01:35:05.000Z","volume":53200,"label":" ","price":5.77},{"type":"A","date":"2018-04-18T01:35:05.000Z","volume":4800,"label":" ","price":5.77},{"type":"B","date":"2018-04-18T01:35:28.000Z","volume":400,"label":" ","price":5.77},{"type":"A","date":"2018-04-18T01:36:04.000Z","volume":10800,"label":" ","price":5.78},{"type":"A","date":"2018-04-18T01:36:05.000Z","volume":1200,"label":" ","price":5.78},{"type":"A","date":"2018-04-18T01:37:01.000Z","volume":20000,"label":" ","price":5.79},{"type":"A","date":"2018-04-18T01:37:01.000Z","volume":400,"label":" ","price":5.79},{"type":"A","date":"2018-04-18T01:37:01.000Z","volume":400,"label":" ","price":5.79},{"type":"A","date":"2018-04-18T01:37:09.000Z","volume":26000,"label":" ","price":5.8},{"type":"A","date":"2018-04-18T01:37:10.000Z","volume":4000,"label":" ","price":5.8},{"type":"A","date":"2018-04-18T01:37:35.000Z","volume":3600,"label":" ","price":5.8},{"type":"B","date":"2018-04-18T01:37:50.000Z","volume":400,"label":" ","price":5.79},{"type":"A","date":"2018-04-18T01:38:56.000Z","volume":10000,"label":" ","price":5.8},{"type":"B","date":"2018-04-18T01:39:03.000Z","volume":2000,"label":" ","price":5.79},{"type":"A","date":"2018-04-18T01:39:10.000Z","volume":32400,"label":" ","price":5.8},{"type":"A","date":"2018-04-18T01:39:10.000Z","volume":4400,"label":" ","price":5.8},{"type":"A","date":"2018-04-18T01:39:51.000Z","volume":800,"label":" ","price":5.8},{"type":"A","date":"2018-04-18T01:39:51.000Z","volume":30800,"label":" ","price":5.8},{"type":"B","date":"2018-04-18T01:39:51.000Z","volume":3200,"label":" ","price":5.8},{"type":"A","date":"2018-04-18T01:39:51.000Z","volume":800,"label":" ","price":5.8},{"type":"B","date":"2018-04-18T01:39:51.000Z","volume":400,"label":" ","price":5.8},{"type":"B","date":"2018-04-18T01:39:56.000Z","volume":400,"label":" ","price":5.81},{"type":"A","date":"2018-04-18T01:40:06.000Z","volume":8400,"label":" ","price":5.82},{"type":"A","date":"2018-04-18T01:40:06.000Z","volume":400,"label":" ","price":5.82},{"type":"B","date":"2018-04-18T01:40:13.000Z","volume":1600,"label":" ","price":5.82},{"type":"U","date":"2018-04-18T01:40:15.000Z","volume":1200,"label":"X","price":5.81},{"type":"U","date":"2018-04-18T01:40:15.000Z","volume":400,"label":"X","price":5.81},{"type":"U","date":"2018-04-18T01:40:15.000Z","volume":400,"label":"X","price":5.815},{"type":"U","date":"2018-04-18T01:40:15.000Z","volume":1200,"label":"X","price":5.825},{"type":"U","date":"2018-04-18T01:40:22.000Z","volume":1200,"label":"X","price":5.825},{"type":"A","date":"2018-04-18T01:40:35.000Z","volume":11200,"label":" ","price":5.83},{"type":"A","date":"2018-04-18T01:40:35.000Z","volume":5200,"label":" ","price":5.84},{"type":"A","date":"2018-04-18T01:40:35.000Z","volume":13600,"label":" ","price":5.84},{"type":"B","date":"2018-04-18T01:40:35.000Z","volume":1600,"label":" ","price":5.82},{"type":"A","date":"2018-04-18T01:40:36.000Z","volume":400,"label":" ","price":5.83},{"type":"A","date":"2018-04-18T01:40:36.000Z","volume":400,"label":" ","price":5.83},{"type":"A","date":"2018-04-18T01:40:36.000Z","volume":6000,"label":" ","price":5.83},{"type":"B","date":"2018-04-18T01:40:41.000Z","volume":11200,"label":" ","price":5.84},{"type":"B","date":"2018-04-18T01:40:41.000Z","volume":4000,"label":"Y","price":5.84},{"type":"B","date":"2018-04-18T01:40:41.000Z","volume":3200,"label":" ","price":5.82},{"type":"B","date":"2018-04-18T01:40:59.000Z","volume":2400,"label":" ","price":5.83},{"type":"B","date":"2018-04-18T01:40:59.000Z","volume":7600,"label":" ","price":5.83},{"type":"B","date":"2018-04-18T01:40:59.000Z","volume":3200,"label":" ","price":5.83},{"type":"B","date":"2018-04-18T01:40:59.000Z","volume":400,"label":" ","price":5.83},{"type":"A","date":"2018-04-18T01:41:03.000Z","volume":16000,"label":" ","price":5.84},{"type":"B","date":"2018-04-18T01:41:10.000Z","volume":800,"label":"Y","price":5.82},{"type":"B","date":"2018-04-18T01:41:10.000Z","volume":2400,"label":" ","price":5.82},{"type":"B","date":"2018-04-18T01:41:13.000Z","volume":800,"label":" ","price":5.81},{"type":"U","date":"2018-04-18T01:41:13.000Z","volume":800,"label":" ","price":5.82},{"type":"B","date":"2018-04-18T01:41:16.000Z","volume":400,"label":" ","price":5.82},{"type":"B","date":"2018-04-18T01:41:20.000Z","volume":400,"label":" ","price":5.82},{"type":"B","date":"2018-04-18T01:41:28.000Z","volume":400,"label":" ","price":5.82},{"type":"B","date":"2018-04-18T01:41:31.000Z","volume":400,"label":" ","price":5.82},{"type":"A","date":"2018-04-18T01:41:35.000Z","volume":10000,"label":" ","price":5.83},{"type":"A","date":"2018-04-18T01:41:35.000Z","volume":2800,"label":" ","price":5.83},{"type":"B","date":"2018-04-18T01:41:35.000Z","volume":400,"label":" ","price":5.83},{"type":"A","date":"2018-04-18T01:42:06.000Z","volume":18800,"label":" ","price":5.84},{"type":"A","date":"2018-04-18T01:42:06.000Z","volume":2400,"label":" ","price":5.85},{"type":"A","date":"2018-04-18T01:42:06.000Z","volume":3200,"label":" ","price":5.85},{"type":"A","date":"2018-04-18T01:42:06.000Z","volume":3200,"label":" ","price":5.85},{"type":"B","date":"2018-04-18T01:42:13.000Z","volume":400,"label":" ","price":5.85},{"type":"A","date":"2018-04-18T01:43:31.000Z","volume":6000,"label":" ","price":5.86},{"type":"B","date":"2018-04-18T01:43:31.000Z","volume":35600,"label":" ","price":5.85},{"type":"B","date":"2018-04-18T01:43:31.000Z","volume":74400,"label":" ","price":5.84},{"type":"A","date":"2018-04-18T01:43:31.000Z","volume":4000,"label":" ","price":5.86},{"type":"B","date":"2018-04-18T01:43:31.000Z","volume":2400,"label":" ","price":5.84},{"type":"B","date":"2018-04-18T01:43:31.000Z","volume":400,"label":" ","price":5.84},{"type":"B","date":"2018-04-18T01:43:31.000Z","volume":4000,"label":" ","price":5.84},{"type":"A","date":"2018-04-18T01:43:31.000Z","volume":800,"label":" ","price":5.85},{"type":"A","date":"2018-04-18T01:43:31.000Z","volume":2800,"label":" ","price":5.85},{"type":"U","date":"2018-04-18T01:43:31.000Z","volume":400,"label":" ","price":5.85},{"type":"B","date":"2018-04-18T01:43:31.000Z","volume":400,"label":" ","price":5.85},{"type":"B","date":"2018-04-18T01:43:34.000Z","volume":2000,"label":" ","price":5.85},{"type":"A","date":"2018-04-18T01:43:37.000Z","volume":28000,"label":" ","price":5.86},{"type":"A","date":"2018-04-18T01:43:37.000Z","volume":5600,"label":" ","price":5.87},{"type":"A","date":"2018-04-18T01:43:37.000Z","volume":5600,"label":" ","price":5.87},{"type":"A","date":"2018-04-18T01:43:37.000Z","volume":9200,"label":" ","price":5.87},{"type":"A","date":"2018-04-18T01:43:37.000Z","volume":5600,"label":" ","price":5.87},{"type":"A","date":"2018-04-18T01:43:37.000Z","volume":16800,"label":" ","price":5.86},{"type":"A","date":"2018-04-18T01:43:37.000Z","volume":15200,"label":" ","price":5.86},{"type":"B","date":"2018-04-18T01:44:02.000Z","volume":400,"label":" ","price":5.87},{"type":"B","date":"2018-04-18T01:44:07.000Z","volume":13600,"label":" ","price":5.87},{"type":"B","date":"2018-04-18T01:44:07.000Z","volume":46400,"label":" ","price":5.86},{"type":"B","date":"2018-04-18T01:44:07.000Z","volume":3600,"label":" ","price":5.86},{"type":"U","date":"2018-04-18T01:44:08.000Z","volume":8000,"label":" ","price":5.87},{"type":"B","date":"2018-04-18T01:44:08.000Z","volume":800,"label":" ","price":5.86},{"type":"B","date":"2018-04-18T01:44:12.000Z","volume":2000,"label":"Y","price":5.86},{"type":"B","date":"2018-04-18T01:44:12.000Z","volume":16400,"label":" ","price":5.86},{"type":"B","date":"2018-04-18T01:44:12.000Z","volume":15200,"label":" ","price":5.85},{"type":"B","date":"2018-04-18T01:44:12.000Z","volume":2000,"label":" ","price":5.85},{"type":"B","date":"2018-04-18T01:44:12.000Z","volume":1200,"label":" ","price":5.84},{"type":"B","date":"2018-04-18T01:44:12.000Z","volume":400,"label":" ","price":5.82},{"type":"A","date":"2018-04-18T01:44:12.000Z","volume":4000,"label":" ","price":5.86},{"type":"B","date":"2018-04-18T01:44:12.000Z","volume":400,"label":" ","price":5.82},{"type":"B","date":"2018-04-18T01:44:25.000Z","volume":400,"label":" ","price":5.82},{"type":"U","date":"2018-04-18T01:44:28.000Z","volume":400,"label":" ","price":5.84},{"type":"B","date":"2018-04-18T01:44:28.000Z","volume":400,"label":" ","price":5.82},{"type":"B","date":"2018-04-18T01:44:40.000Z","volume":400,"label":" ","price":5.83},{"type":"B","date":"2018-04-18T01:45:18.000Z","volume":800,"label":" ","price":5.83},{"type":"B","date":"2018-04-18T01:45:18.000Z","volume":2800,"label":" ","price":5.83},{"type":"B","date":"2018-04-18T01:45:18.000Z","volume":400,"label":" ","price":5.83},{"type":"B","date":"2018-04-18T01:45:25.000Z","volume":800,"label":" ","price":5.83},{"type":"A","date":"2018-04-18T01:45:25.000Z","volume":800,"label":" ","price":5.84},{"type":"A","date":"2018-04-18T01:45:44.000Z","volume":800,"label":" ","price":5.84},{"type":"B","date":"2018-04-18T01:46:17.000Z","volume":10000,"label":" ","price":5.83},{"type":"A","date":"2018-04-18T01:46:17.000Z","volume":800,"label":" ","price":5.84},{"type":"B","date":"2018-04-18T01:46:17.000Z","volume":800,"label":" ","price":5.83},{"type":"A","date":"2018-04-18T01:46:26.000Z","volume":800,"label":" ","price":5.84},{"type":"A","date":"2018-04-18T01:46:30.000Z","volume":800,"label":" ","price":5.84},{"type":"A","date":"2018-04-18T01:46:31.000Z","volume":8400,"label":" ","price":5.84},{"type":"A","date":"2018-04-18T01:46:31.000Z","volume":2800,"label":"Y","price":5.84},{"type":"A","date":"2018-04-18T01:46:31.000Z","volume":10400,"label":" ","price":5.84},{"type":"A","date":"2018-04-18T01:46:31.000Z","volume":12800,"label":" ","price":5.84},{"type":"A","date":"2018-04-18T01:46:31.000Z","volume":3600,"label":" ","price":5.84},{"type":"A","date":"2018-04-18T01:46:31.000Z","volume":1600,"label":" ","price":5.84},{"type":"A","date":"2018-04-18T01:46:45.000Z","volume":800,"label":" ","price":5.85},{"type":"A","date":"2018-04-18T01:46:48.000Z","volume":800,"label":" ","price":5.85},{"type":"A","date":"2018-04-18T01:47:00.000Z","volume":800,"label":" ","price":5.85},{"type":"B","date":"2018-04-18T01:47:01.000Z","volume":1600,"label":" ","price":5.84},{"type":"A","date":"2018-04-18T01:47:10.000Z","volume":800,"label":" ","price":5.85},{"type":"A","date":"2018-04-18T01:47:15.000Z","volume":800,"label":" ","price":5.85},{"type":"A","date":"2018-04-18T01:47:30.000Z","volume":800,"label":" ","price":5.85},{"type":"A","date":"2018-04-18T01:47:32.000Z","volume":800,"label":" ","price":5.85},{"type":"A","date":"2018-04-18T01:47:43.000Z","volume":4800,"label":" ","price":5.85},{"type":"A","date":"2018-04-18T01:47:44.000Z","volume":4000,"label":" ","price":5.85},{"type":"A","date":"2018-04-18T01:47:44.000Z","volume":8000,"label":"Y","price":5.85},{"type":"A","date":"2018-04-18T01:47:44.000Z","volume":5200,"label":" ","price":5.85},{"type":"A","date":"2018-04-18T01:47:47.000Z","volume":800,"label":" ","price":5.85},{"type":"A","date":"2018-04-18T01:47:50.000Z","volume":800,"label":" ","price":5.85},{"type":"A","date":"2018-04-18T01:48:05.000Z","volume":800,"label":" ","price":5.85},{"type":"B","date":"2018-04-18T01:48:05.000Z","volume":400,"label":" ","price":5.84},{"type":"A","date":"2018-04-18T01:48:15.000Z","volume":800,"label":" ","price":5.85},{"type":"A","date":"2018-04-18T01:48:19.000Z","volume":800,"label":" ","price":5.85},{"type":"A","date":"2018-04-18T01:48:35.000Z","volume":800,"label":" ","price":5.85},{"type":"B","date":"2018-04-18T01:48:35.000Z","volume":400,"label":" ","price":5.84},{"type":"A","date":"2018-04-18T01:48:35.000Z","volume":800,"label":" ","price":5.85},{"type":"B","date":"2018-04-18T01:48:36.000Z","volume":2800,"label":"Y","price":5.84},{"type":"B","date":"2018-04-18T01:48:36.000Z","volume":35200,"label":" ","price":5.84},{"type":"B","date":"2018-04-18T01:48:36.000Z","volume":24000,"label":" ","price":5.83},{"type":"B","date":"2018-04-18T01:48:36.000Z","volume":6000,"label":" ","price":5.82},{"type":"A","date":"2018-04-18T01:48:36.000Z","volume":2800,"label":" ","price":5.83},{"type":"A","date":"2018-04-18T01:48:36.000Z","volume":1200,"label":" ","price":5.84},{"type":"B","date":"2018-04-18T01:48:37.000Z","volume":4400,"label":" ","price":5.82},{"type":"B","date":"2018-04-18T01:48:53.000Z","volume":400,"label":" ","price":5.8},{"type":"B","date":"2018-04-18T01:49:07.000Z","volume":800,"label":" ","price":5.82},{"type":"B","date":"2018-04-18T01:49:18.000Z","volume":3600,"label":" ","price":5.82},{"type":"B","date":"2018-04-18T01:49:18.000Z","volume":2000,"label":" ","price":5.81},{"type":"U","date":"2018-04-18T01:49:18.000Z","volume":800,"label":" ","price":5.83},{"type":"B","date":"2018-04-18T01:49:45.000Z","volume":1600,"label":" ","price":5.82},{"type":"B","date":"2018-04-18T01:49:45.000Z","volume":2400,"label":" ","price":5.81},{"type":"B","date":"2018-04-18T01:49:45.000Z","volume":400,"label":" ","price":5.8},{"type":"B","date":"2018-04-18T01:50:24.000Z","volume":1600,"label":" ","price":5.82},{"type":"B","date":"2018-04-18T01:50:24.000Z","volume":4000,"label":" ","price":5.81},{"type":"B","date":"2018-04-18T01:50:24.000Z","volume":800,"label":" ","price":5.8},{"type":"B","date":"2018-04-18T01:50:27.000Z","volume":800,"label":" ","price":5.81},{"type":"B","date":"2018-04-18T01:50:30.000Z","volume":800,"label":" ","price":5.81},{"type":"A","date":"2018-04-18T01:50:35.000Z","volume":6800,"label":" ","price":5.82},{"type":"A","date":"2018-04-18T01:50:35.000Z","volume":2800,"label":" ","price":5.82},{"type":"B","date":"2018-04-18T01:50:38.000Z","volume":1200,"label":" ","price":5.82},{"type":"B","date":"2018-04-18T01:50:45.000Z","volume":400,"label":" ","price":5.82},{"type":"B","date":"2018-04-18T01:50:55.000Z","volume":400,"label":" ","price":5.82},{"type":"B","date":"2018-04-18T01:51:01.000Z","volume":5200,"label":" ","price":5.82},{"type":"A","date":"2018-04-18T01:51:08.000Z","volume":400,"label":" ","price":5.83},{"type":"A","date":"2018-04-18T01:51:15.000Z","volume":800,"label":" ","price":5.83},{"type":"B","date":"2018-04-18T01:51:21.000Z","volume":400,"label":" ","price":5.82},{"type":"B","date":"2018-04-18T01:51:30.000Z","volume":400,"label":" ","price":5.82},{"type":"B","date":"2018-04-18T01:51:31.000Z","volume":1200,"label":" ","price":5.82},{"type":"A","date":"2018-04-18T01:51:40.000Z","volume":800,"label":" ","price":5.83},{"type":"A","date":"2018-04-18T01:52:00.000Z","volume":800,"label":" ","price":5.83},{"type":"A","date":"2018-04-18T01:52:25.000Z","volume":800,"label":" ","price":5.83},{"type":"B","date":"2018-04-18T01:52:34.000Z","volume":38800,"label":" ","price":5.82},{"type":"A","date":"2018-04-18T01:52:34.000Z","volume":2000,"label":" ","price":5.82},{"type":"A","date":"2018-04-18T01:52:34.000Z","volume":2800,"label":" ","price":5.82},{"type":"B","date":"2018-04-18T01:52:34.000Z","volume":6400,"label":" ","price":5.8},{"type":"B","date":"2018-04-18T01:53:10.000Z","volume":3600,"label":" ","price":5.81},{"type":"B","date":"2018-04-18T01:53:10.000Z","volume":2800,"label":" ","price":5.81},{"type":"U","date":"2018-04-18T01:53:20.000Z","volume":800,"label":" ","price":5.81},{"type":"B","date":"2018-04-18T01:53:20.000Z","volume":4000,"label":" ","price":5.8},{"type":"B","date":"2018-04-18T01:53:20.000Z","volume":400,"label":" ","price":5.8},{"type":"B","date":"2018-04-18T01:53:31.000Z","volume":800,"label":" ","price":5.79},{"type":"B","date":"2018-04-18T01:53:55.000Z","volume":1600,"label":" ","price":5.79},{"type":"B","date":"2018-04-18T01:53:55.000Z","volume":2400,"label":" ","price":5.78},{"type":"B","date":"2018-04-18T01:53:56.000Z","volume":3200,"label":" ","price":5.78},{"type":"B","date":"2018-04-18T01:54:10.000Z","volume":800,"label":" ","price":5.79},{"type":"B","date":"2018-04-18T01:54:35.000Z","volume":3600,"label":" ","price":5.78},{"type":"B","date":"2018-04-18T01:54:35.000Z","volume":800,"label":" ","price":5.77},{"type":"U","date":"2018-04-18T01:54:36.000Z","volume":3200,"label":" ","price":5.78},{"type":"B","date":"2018-04-18T01:54:39.000Z","volume":800,"label":" ","price":5.78},{"type":"B","date":"2018-04-18T01:54:55.000Z","volume":400,"label":" ","price":5.78},{"type":"B","date":"2018-04-18T01:55:11.000Z","volume":2800,"label":"Y","price":5.78},{"type":"B","date":"2018-04-18T01:55:11.000Z","volume":1200,"label":" ","price":5.78},{"type":"B","date":"2018-04-18T01:55:11.000Z","volume":800,"label":" ","price":5.78},{"type":"B","date":"2018-04-18T01:55:11.000Z","volume":4000,"label":" ","price":5.77},{"type":"B","date":"2018-04-18T01:55:20.000Z","volume":2400,"label":" ","price":5.78},{"type":"B","date":"2018-04-18T01:55:20.000Z","volume":4800,"label":" ","price":5.78},{"type":"B","date":"2018-04-18T01:55:23.000Z","volume":400,"label":" ","price":5.78},{"type":"B","date":"2018-04-18T01:55:24.000Z","volume":1200,"label":" ","price":5.78},{"type":"B","date":"2018-04-18T01:55:24.000Z","volume":400,"label":" ","price":5.77},{"type":"A","date":"2018-04-18T01:55:29.000Z","volume":800,"label":" ","price":5.78},{"type":"B","date":"2018-04-18T01:55:42.000Z","volume":800,"label":" ","price":5.77},{"type":"B","date":"2018-04-18T01:55:48.000Z","volume":400,"label":" ","price":5.77},{"type":"B","date":"2018-04-18T01:55:58.000Z","volume":6400,"label":" ","price":5.77},{"type":"B","date":"2018-04-18T01:55:58.000Z","volume":4000,"label":" ","price":5.76},{"type":"A","date":"2018-04-18T01:56:00.000Z","volume":60000,"label":" ","price":5.78},{"type":"A","date":"2018-04-18T01:56:00.000Z","volume":13200,"label":" ","price":5.78},{"type":"A","date":"2018-04-18T01:56:00.000Z","volume":1600,"label":" ","price":5.78},{"type":"A","date":"2018-04-18T01:56:00.000Z","volume":2000,"label":" ","price":5.78},{"type":"A","date":"2018-04-18T01:56:00.000Z","volume":400,"label":" ","price":5.78},{"type":"A","date":"2018-04-18T01:56:05.000Z","volume":13200,"label":" ","price":5.79},{"type":"A","date":"2018-04-18T01:56:05.000Z","volume":13200,"label":" ","price":5.79},{"type":"A","date":"2018-04-18T01:56:05.000Z","volume":4400,"label":" ","price":5.79},{"type":"A","date":"2018-04-18T01:56:06.000Z","volume":1200,"label":" ","price":5.79},{"type":"B","date":"2018-04-18T01:56:06.000Z","volume":400,"label":" ","price":5.79},{"type":"A","date":"2018-04-18T01:56:10.000Z","volume":2400,"label":" ","price":5.8},{"type":"A","date":"2018-04-18T01:56:32.000Z","volume":7600,"label":" ","price":5.8},{"type":"B","date":"2018-04-18T01:56:32.000Z","volume":800,"label":" ","price":5.8},{"type":"A","date":"2018-04-18T01:56:46.000Z","volume":2000,"label":" ","price":5.81},{"type":"A","date":"2018-04-18T01:56:46.000Z","volume":3200,"label":" ","price":5.82},{"type":"A","date":"2018-04-18T01:56:47.000Z","volume":400,"label":" ","price":5.83},{"type":"B","date":"2018-04-18T01:57:01.000Z","volume":10000,"label":" ","price":5.83},{"type":"B","date":"2018-04-18T01:57:01.000Z","volume":2000,"label":" ","price":5.83},{"type":"A","date":"2018-04-18T01:57:04.000Z","volume":800,"label":" ","price":5.84},{"type":"A","date":"2018-04-18T01:57:18.000Z","volume":16800,"label":" ","price":5.84},{"type":"A","date":"2018-04-18T01:57:18.000Z","volume":53200,"label":" ","price":5.85},{"type":"A","date":"2018-04-18T01:57:18.000Z","volume":400,"label":" ","price":5.84},{"type":"A","date":"2018-04-18T01:57:18.000Z","volume":400,"label":" ","price":5.84},{"type":"B","date":"2018-04-18T01:57:19.000Z","volume":4000,"label":" ","price":5.84},{"type":"A","date":"2018-04-18T01:57:36.000Z","volume":10000,"label":" ","price":5.85},{"type":"A","date":"2018-04-18T01:57:46.000Z","volume":6400,"label":" ","price":5.85},{"type":"B","date":"2018-04-18T01:57:46.000Z","volume":800,"label":" ","price":5.85},{"type":"A","date":"2018-04-18T01:57:47.000Z","volume":400,"label":" ","price":5.86},{"type":"B","date":"2018-04-18T01:57:48.000Z","volume":400,"label":" ","price":5.85},{"type":"B","date":"2018-04-18T01:58:15.000Z","volume":19600,"label":" ","price":5.85},{"type":"B","date":"2018-04-18T01:58:20.000Z","volume":400,"label":" ","price":5.85},{"type":"B","date":"2018-04-18T01:58:32.000Z","volume":4400,"label":" ","price":5.85},{"type":"B","date":"2018-04-18T01:59:13.000Z","volume":2000,"label":" ","price":5.84},{"type":"A","date":"2018-04-18T01:59:24.000Z","volume":80000,"label":" ","price":5.85},{"type":"A","date":"2018-04-18T01:59:41.000Z","volume":17200,"label":" ","price":5.85},{"type":"A","date":"2018-04-18T01:59:41.000Z","volume":800,"label":" ","price":5.86},{"type":"A","date":"2018-04-18T01:59:41.000Z","volume":2000,"label":" ","price":5.86},{"type":"A","date":"2018-04-18T01:59:44.000Z","volume":8000,"label":" ","price":5.87},{"type":"A","date":"2018-04-18T01:59:44.000Z","volume":800,"label":" ","price":5.87},{"type":"A","date":"2018-04-18T01:59:44.000Z","volume":400,"label":" ","price":5.87},{"type":"A","date":"2018-04-18T01:59:54.000Z","volume":9600,"label":" ","price":5.88},{"type":"A","date":"2018-04-18T02:00:04.000Z","volume":4800,"label":" ","price":5.88},{"type":"A","date":"2018-04-18T02:00:04.000Z","volume":4800,"label":" ","price":5.88},{"type":"A","date":"2018-04-18T02:00:04.000Z","volume":800,"label":"Y","price":5.88},{"type":"A","date":"2018-04-18T02:00:04.000Z","volume":4000,"label":" ","price":5.88},{"type":"A","date":"2018-04-18T02:00:04.000Z","volume":3600,"label":"Y","price":5.88},{"type":"A","date":"2018-04-18T02:00:04.000Z","volume":2000,"label":" ","price":5.88},{"type":"A","date":"2018-04-18T02:00:08.000Z","volume":10400,"label":" ","price":5.89},{"type":"A","date":"2018-04-18T02:00:08.000Z","volume":400,"label":" ","price":5.89},{"type":"B","date":"2018-04-18T02:00:14.000Z","volume":19200,"label":" ","price":5.9},{"type":"B","date":"2018-04-18T02:00:14.000Z","volume":1600,"label":" ","price":5.89},{"type":"B","date":"2018-04-18T02:00:14.000Z","volume":1200,"label":" ","price":5.88},{"type":"A","date":"2018-04-18T02:00:20.000Z","volume":400,"label":" ","price":5.91},{"type":"B","date":"2018-04-18T02:00:34.000Z","volume":400,"label":" ","price":5.88},{"type":"B","date":"2018-04-18T02:00:43.000Z","volume":400,"label":" ","price":5.88},{"type":"B","date":"2018-04-18T02:00:46.000Z","volume":8000,"label":" ","price":5.88},{"type":"A","date":"2018-04-18T02:00:46.000Z","volume":800,"label":" ","price":5.89},{"type":"B","date":"2018-04-18T02:00:58.000Z","volume":4000,"label":" ","price":5.88},{"type":"A","date":"2018-04-18T02:00:58.000Z","volume":1200,"label":" ","price":5.89},{"type":"B","date":"2018-04-18T02:01:06.000Z","volume":400,"label":" ","price":5.88},{"type":"B","date":"2018-04-18T02:01:09.000Z","volume":2400,"label":" ","price":5.88},{"type":"B","date":"2018-04-18T02:01:25.000Z","volume":3600,"label":" ","price":5.88},{"type":"B","date":"2018-04-18T02:01:45.000Z","volume":400,"label":" ","price":5.85},{"type":"A","date":"2018-04-18T02:01:51.000Z","volume":7200,"label":" ","price":5.86},{"type":"B","date":"2018-04-18T02:01:57.000Z","volume":400,"label":" ","price":5.85},{"type":"A","date":"2018-04-18T02:02:00.000Z","volume":5600,"label":" ","price":5.86},{"type":"A","date":"2018-04-18T02:02:00.000Z","volume":400,"label":" ","price":5.88},{"type":"A","date":"2018-04-18T02:02:00.000Z","volume":6400,"label":" ","price":5.89},{"type":"B","date":"2018-04-18T02:02:00.000Z","volume":400,"label":" ","price":5.89},{"type":"B","date":"2018-04-18T02:02:00.000Z","volume":29200,"label":" ","price":5.89},{"type":"A","date":"2018-04-18T02:02:00.000Z","volume":6000,"label":" ","price":5.89},{"type":"B","date":"2018-04-18T02:02:16.000Z","volume":400,"label":" ","price":5.85},{"type":"A","date":"2018-04-18T02:03:07.000Z","volume":3600,"label":"Y","price":5.89},{"type":"A","date":"2018-04-18T02:03:07.000Z","volume":30000,"label":" ","price":5.89},{"type":"B","date":"2018-04-18T02:03:07.000Z","volume":4400,"label":"Y","price":5.89},{"type":"B","date":"2018-04-18T02:03:09.000Z","volume":2400,"label":" ","price":5.89},{"type":"A","date":"2018-04-18T02:03:31.000Z","volume":2000,"label":" ","price":5.9},{"type":"B","date":"2018-04-18T02:03:54.000Z","volume":6400,"label":" ","price":5.86},{"type":"B","date":"2018-04-18T02:03:54.000Z","volume":4800,"label":" ","price":5.85},{"type":"A","date":"2018-04-18T02:03:54.000Z","volume":2800,"label":" ","price":5.85},{"type":"B","date":"2018-04-18T02:04:23.000Z","volume":1600,"label":"Y","price":5.84},{"type":"B","date":"2018-04-18T02:04:23.000Z","volume":3600,"label":" ","price":5.84},{"type":"U","date":"2018-04-18T02:04:38.000Z","volume":3200,"label":"X","price":5.825},{"type":"U","date":"2018-04-18T02:04:42.000Z","volume":400,"label":"X","price":5.825},{"type":"U","date":"2018-04-18T02:04:52.000Z","volume":3600,"label":"X","price":5.825},{"type":"U","date":"2018-04-18T02:04:56.000Z","volume":400,"label":"X","price":5.83},{"type":"U","date":"2018-04-18T02:05:06.000Z","volume":1200,"label":"X","price":5.83},{"type":"U","date":"2018-04-18T02:05:07.000Z","volume":1200,"label":"X","price":5.83},{"type":"B","date":"2018-04-18T02:05:11.000Z","volume":400,"label":" ","price":5.82},{"type":"U","date":"2018-04-18T02:05:18.000Z","volume":800,"label":"X","price":5.83},{"type":"U","date":"2018-04-18T02:05:33.000Z","volume":400,"label":"X","price":5.83},{"type":"B","date":"2018-04-18T02:05:38.000Z","volume":4400,"label":" ","price":5.82},{"type":"B","date":"2018-04-18T02:05:38.000Z","volume":4800,"label":" ","price":5.8},{"type":"A","date":"2018-04-18T02:05:38.000Z","volume":11200,"label":" ","price":5.8},{"type":"B","date":"2018-04-18T02:05:56.000Z","volume":400,"label":" ","price":5.82},{"type":"A","date":"2018-04-18T02:06:06.000Z","volume":16000,"label":" ","price":5.83},{"type":"A","date":"2018-04-18T02:06:06.000Z","volume":31600,"label":" ","price":5.84},{"type":"A","date":"2018-04-18T02:06:06.000Z","volume":2800,"label":" ","price":5.85},{"type":"A","date":"2018-04-18T02:06:06.000Z","volume":400,"label":" ","price":5.85},{"type":"A","date":"2018-04-18T02:06:06.000Z","volume":4400,"label":" ","price":5.85},{"type":"A","date":"2018-04-18T02:06:06.000Z","volume":6400,"label":" ","price":5.85},{"type":"A","date":"2018-04-18T02:06:06.000Z","volume":800,"label":" ","price":5.85},{"type":"A","date":"2018-04-18T02:06:17.000Z","volume":400,"label":" ","price":5.86},{"type":"B","date":"2018-04-18T02:06:44.000Z","volume":400,"label":" ","price":5.85},{"type":"U","date":"2018-04-18T02:07:21.000Z","volume":400,"label":"X","price":5.855},{"type":"B","date":"2018-04-18T02:07:36.000Z","volume":21600,"label":" ","price":5.85},{"type":"A","date":"2018-04-18T02:07:36.000Z","volume":2400,"label":" ","price":5.85},{"type":"A","date":"2018-04-18T02:07:36.000Z","volume":400,"label":" ","price":5.85},{"type":"A","date":"2018-04-18T02:07:36.000Z","volume":1600,"label":" ","price":5.85},{"type":"B","date":"2018-04-18T02:07:36.000Z","volume":400,"label":" ","price":5.85},{"type":"B","date":"2018-04-18T02:07:49.000Z","volume":400,"label":" ","price":5.85},{"type":"U","date":"2018-04-18T02:07:54.000Z","volume":400,"label":"X","price":5.855},{"type":"U","date":"2018-04-18T02:07:54.000Z","volume":1600,"label":"X","price":5.855},{"type":"U","date":"2018-04-18T02:07:54.000Z","volume":400,"label":"X","price":5.855},{"type":"B","date":"2018-04-18T02:07:57.000Z","volume":1200,"label":" ","price":5.85},{"type":"B","date":"2018-04-18T02:07:57.000Z","volume":34800,"label":" ","price":5.84},{"type":"U","date":"2018-04-18T02:08:09.000Z","volume":3200,"label":"X","price":5.855},{"type":"U","date":"2018-04-18T02:08:10.000Z","volume":800,"label":"X","price":5.855},{"type":"U","date":"2018-04-18T02:08:16.000Z","volume":1200,"label":"X","price":5.855},{"type":"B","date":"2018-04-18T02:08:16.000Z","volume":7200,"label":" ","price":5.85},{"type":"B","date":"2018-04-18T02:08:18.000Z","volume":800,"label":" ","price":5.85},{"type":"B","date":"2018-04-18T02:08:18.000Z","volume":10000,"label":" ","price":5.84},{"type":"U","date":"2018-04-18T02:08:21.000Z","volume":2000,"label":"X","price":5.85},{"type":"U","date":"2018-04-18T02:08:23.000Z","volume":800,"label":"X","price":5.845},{"type":"U","date":"2018-04-18T02:08:23.000Z","volume":7600,"label":"X","price":5.855},{"type":"B","date":"2018-04-18T02:08:24.000Z","volume":7600,"label":" ","price":5.84},{"type":"B","date":"2018-04-18T02:08:35.000Z","volume":400,"label":" ","price":5.83},{"type":"B","date":"2018-04-18T02:09:17.000Z","volume":4000,"label":" ","price":5.83},{"type":"B","date":"2018-04-18T02:09:17.000Z","volume":7200,"label":" ","price":5.83},{"type":"B","date":"2018-04-18T02:09:22.000Z","volume":800,"label":" ","price":5.83},{"type":"U","date":"2018-04-18T02:09:32.000Z","volume":1600,"label":"X","price":5.815},{"type":"U","date":"2018-04-18T02:09:32.000Z","volume":400,"label":"X","price":5.815},{"type":"U","date":"2018-04-18T02:10:06.000Z","volume":400,"label":"X","price":5.82},{"type":"U","date":"2018-04-18T02:10:10.000Z","volume":400,"label":"X","price":5.82},{"type":"B","date":"2018-04-18T02:10:12.000Z","volume":3200,"label":" ","price":5.82},{"type":"B","date":"2018-04-18T02:10:12.000Z","volume":800,"label":" ","price":5.81},{"type":"B","date":"2018-04-18T02:10:17.000Z","volume":400,"label":" ","price":5.83},{"type":"B","date":"2018-04-18T02:11:12.000Z","volume":4400,"label":" ","price":5.83},{"type":"B","date":"2018-04-18T02:11:13.000Z","volume":400,"label":" ","price":5.83},{"type":"B","date":"2018-04-18T02:11:29.000Z","volume":2800,"label":" ","price":5.83},{"type":"U","date":"2018-04-18T02:11:34.000Z","volume":1200,"label":"X","price":5.83},{"type":"B","date":"2018-04-18T02:11:39.000Z","volume":2800,"label":" ","price":5.82},{"type":"B","date":"2018-04-18T02:11:39.000Z","volume":800,"label":" ","price":5.81},{"type":"B","date":"2018-04-18T02:11:42.000Z","volume":20000,"label":" ","price":5.81},{"type":"B","date":"2018-04-18T02:12:01.000Z","volume":400,"label":" ","price":5.79},{"type":"B","date":"2018-04-18T02:12:08.000Z","volume":3200,"label":" ","price":5.8},{"type":"B","date":"2018-04-18T02:12:08.000Z","volume":400,"label":" ","price":5.79},{"type":"U","date":"2018-04-18T02:12:22.000Z","volume":1200,"label":"X","price":5.81},{"type":"A","date":"2018-04-18T02:12:27.000Z","volume":30000,"label":" ","price":5.82},{"type":"A","date":"2018-04-18T02:12:29.000Z","volume":10400,"label":" ","price":5.82},{"type":"A","date":"2018-04-18T02:12:29.000Z","volume":3600,"label":" ","price":5.82},{"type":"A","date":"2018-04-18T02:12:29.000Z","volume":400,"label":" ","price":5.82},{"type":"A","date":"2018-04-18T02:12:49.000Z","volume":16000,"label":" ","price":5.83},{"type":"A","date":"2018-04-18T02:12:49.000Z","volume":2000,"label":" ","price":5.83},{"type":"B","date":"2018-04-18T02:12:54.000Z","volume":12000,"label":" ","price":5.83},{"type":"A","date":"2018-04-18T02:12:54.000Z","volume":6000,"label":" ","price":5.84},{"type":"A","date":"2018-04-18T02:13:12.000Z","volume":400,"label":" ","price":5.84},{"type":"B","date":"2018-04-18T02:13:28.000Z","volume":5200,"label":" ","price":5.83},{"type":"B","date":"2018-04-18T02:13:28.000Z","volume":4000,"label":" ","price":5.82},{"type":"U","date":"2018-04-18T02:13:28.000Z","volume":1200,"label":"X","price":5.815},{"type":"B","date":"2018-04-18T02:13:38.000Z","volume":4400,"label":" ","price":5.81},{"type":"U","date":"2018-04-18T02:13:42.000Z","volume":1200,"label":"X","price":5.815},{"type":"U","date":"2018-04-18T02:13:42.000Z","volume":1200,"label":"X","price":5.815},{"type":"U","date":"2018-04-18T02:13:56.000Z","volume":1600,"label":"X","price":5.815},{"type":"A","date":"2018-04-18T02:13:59.000Z","volume":10000,"label":" ","price":5.82},{"type":"A","date":"2018-04-18T02:13:59.000Z","volume":13600,"label":" ","price":5.82},{"type":"B","date":"2018-04-18T02:13:59.000Z","volume":3600,"label":" ","price":5.81},{"type":"A","date":"2018-04-18T02:14:00.000Z","volume":2400,"label":" ","price":5.82},{"type":"B","date":"2018-04-18T02:15:25.000Z","volume":400,"label":" ","price":5.83},{"type":"B","date":"2018-04-18T02:15:25.000Z","volume":7600,"label":" ","price":5.83},{"type":"B","date":"2018-04-18T02:15:26.000Z","volume":2000,"label":" ","price":5.83},{"type":"B","date":"2018-04-18T02:15:26.000Z","volume":800,"label":" ","price":5.83},{"type":"A","date":"2018-04-18T02:15:26.000Z","volume":2000,"label":" ","price":5.84},{"type":"B","date":"2018-04-18T02:15:40.000Z","volume":400,"label":" ","price":5.83},{"type":"A","date":"2018-04-18T02:15:42.000Z","volume":14400,"label":" ","price":5.84},{"type":"B","date":"2018-04-18T02:15:49.000Z","volume":400,"label":" ","price":5.84},{"type":"B","date":"2018-04-18T02:15:50.000Z","volume":2000,"label":" ","price":5.84},{"type":"U","date":"2018-04-18T02:15:56.000Z","volume":400,"label":"X","price":5.845},{"type":"U","date":"2018-04-18T02:16:07.000Z","volume":800,"label":"X","price":5.845},{"type":"U","date":"2018-04-18T02:16:10.000Z","volume":400,"label":"X","price":5.845},{"type":"B","date":"2018-04-18T02:16:17.000Z","volume":400,"label":" ","price":5.84},{"type":"B","date":"2018-04-18T02:16:17.000Z","volume":10000,"label":" ","price":5.84},{"type":"B","date":"2018-04-18T02:16:17.000Z","volume":5200,"label":" ","price":5.84},{"type":"A","date":"2018-04-18T02:16:17.000Z","volume":1200,"label":"Y","price":5.85},{"type":"B","date":"2018-04-18T02:16:50.000Z","volume":800,"label":"Y","price":5.82},{"type":"B","date":"2018-04-18T02:16:50.000Z","volume":8800,"label":" ","price":5.82},{"type":"A","date":"2018-04-18T02:16:50.000Z","volume":2000,"label":" ","price":5.82},{"type":"A","date":"2018-04-18T02:17:02.000Z","volume":21600,"label":" ","price":5.82},{"type":"B","date":"2018-04-18T02:17:02.000Z","volume":2800,"label":" ","price":5.82},{"type":"B","date":"2018-04-18T02:17:21.000Z","volume":3600,"label":" ","price":5.83},{"type":"A","date":"2018-04-18T02:17:26.000Z","volume":4800,"label":" ","price":5.84},{"type":"B","date":"2018-04-18T02:17:54.000Z","volume":3600,"label":" ","price":5.84},{"type":"U","date":"2018-04-18T02:18:10.000Z","volume":400,"label":"X","price":5.845},{"type":"U","date":"2018-04-18T02:18:49.000Z","volume":400,"label":"X","price":5.845},{"type":"A","date":"2018-04-18T02:18:49.000Z","volume":400,"label":" ","price":5.85},{"type":"B","date":"2018-04-18T02:18:50.000Z","volume":400,"label":" ","price":5.84},{"type":"U","date":"2018-04-18T02:19:02.000Z","volume":400,"label":"X","price":5.845},{"type":"U","date":"2018-04-18T02:19:13.000Z","volume":400,"label":"X","price":5.845},{"type":"B","date":"2018-04-18T02:19:24.000Z","volume":5600,"label":" ","price":5.84},{"type":"U","date":"2018-04-18T02:19:42.000Z","volume":400,"label":"X","price":5.845},{"type":"U","date":"2018-04-18T02:19:44.000Z","volume":800,"label":"X","price":5.845},{"type":"U","date":"2018-04-18T02:19:44.000Z","volume":400,"label":"X","price":5.845},{"type":"A","date":"2018-04-18T02:19:47.000Z","volume":26400,"label":" ","price":5.85},{"type":"A","date":"2018-04-18T02:19:47.000Z","volume":2800,"label":" ","price":5.85},{"type":"A","date":"2018-04-18T02:20:02.000Z","volume":14400,"label":" ","price":5.86},{"type":"A","date":"2018-04-18T02:20:08.000Z","volume":2000,"label":" ","price":5.87},{"type":"B","date":"2018-04-18T02:20:08.000Z","volume":400,"label":" ","price":5.86},{"type":"B","date":"2018-04-18T02:20:17.000Z","volume":5200,"label":"Y","price":5.86},{"type":"B","date":"2018-04-18T02:20:17.000Z","volume":5200,"label":" ","price":5.86},{"type":"B","date":"2018-04-18T02:20:17.000Z","volume":4400,"label":"Y","price":5.85},{"type":"B","date":"2018-04-18T02:20:17.000Z","volume":2800,"label":" ","price":5.85},{"type":"A","date":"2018-04-18T02:20:17.000Z","volume":5200,"label":" ","price":5.85},{"type":"A","date":"2018-04-18T02:20:17.000Z","volume":4000,"label":" ","price":5.85},{"type":"U","date":"2018-04-18T02:20:38.000Z","volume":400,"label":"X","price":5.82},{"type":"U","date":"2018-04-18T02:20:43.000Z","volume":1200,"label":"X","price":5.82},{"type":"A","date":"2018-04-18T02:20:44.000Z","volume":1200,"label":" ","price":5.83},{"type":"A","date":"2018-04-18T02:20:45.000Z","volume":4800,"label":" ","price":5.83},{"type":"A","date":"2018-04-18T02:20:45.000Z","volume":4800,"label":" ","price":5.83},{"type":"A","date":"2018-04-18T02:20:45.000Z","volume":4000,"label":" ","price":5.83},{"type":"U","date":"2018-04-18T02:20:46.000Z","volume":4400,"label":"X","price":5.83},{"type":"A","date":"2018-04-18T02:20:46.000Z","volume":800,"label":" ","price":5.83},{"type":"A","date":"2018-04-18T02:21:46.000Z","volume":10000,"label":" ","price":5.84},{"type":"A","date":"2018-04-18T02:21:47.000Z","volume":400,"label":" ","price":5.84},{"type":"A","date":"2018-04-18T02:22:00.000Z","volume":6400,"label":" ","price":5.84},{"type":"B","date":"2018-04-18T02:22:15.000Z","volume":400,"label":" ","price":5.84},{"type":"A","date":"2018-04-18T02:22:20.000Z","volume":3200,"label":"Y","price":5.85},{"type":"A","date":"2018-04-18T02:22:20.000Z","volume":10400,"label":" ","price":5.85},{"type":"U","date":"2018-04-18T02:22:50.000Z","volume":800,"label":"X","price":5.855},{"type":"B","date":"2018-04-18T02:23:14.000Z","volume":23600,"label":" ","price":5.85},{"type":"U","date":"2018-04-18T02:23:15.000Z","volume":800,"label":" ","price":5.85},{"type":"A","date":"2018-04-18T02:23:15.000Z","volume":1200,"label":" ","price":5.85},{"type":"A","date":"2018-04-18T02:23:15.000Z","volume":400,"label":" ","price":5.85},{"type":"A","date":"2018-04-18T02:23:15.000Z","volume":2400,"label":" ","price":5.85},{"type":"B","date":"2018-04-18T02:23:15.000Z","volume":7600,"label":" ","price":5.84},{"type":"U","date":"2018-04-18T02:23:26.000Z","volume":400,"label":"X","price":5.85},{"type":"U","date":"2018-04-18T02:23:26.000Z","volume":800,"label":"X","price":5.85},{"type":"U","date":"2018-04-18T02:23:36.000Z","volume":800,"label":"X","price":5.85},{"type":"U","date":"2018-04-18T02:23:37.000Z","volume":4000,"label":"X","price":5.85},{"type":"U","date":"2018-04-18T02:23:39.000Z","volume":1200,"label":"X","price":5.85},{"type":"U","date":"2018-04-18T02:23:47.000Z","volume":400,"label":"X","price":5.85},{"type":"A","date":"2018-04-18T02:23:56.000Z","volume":48800,"label":" ","price":5.86},{"type":"A","date":"2018-04-18T02:23:56.000Z","volume":1200,"label":" ","price":5.86},{"type":"U","date":"2018-04-18T02:23:56.000Z","volume":3600,"label":" ","price":5.85},{"type":"U","date":"2018-04-18T02:23:56.000Z","volume":400,"label":" ","price":5.85},{"type":"A","date":"2018-04-18T02:24:07.000Z","volume":10000,"label":" ","price":5.85},{"type":"A","date":"2018-04-18T02:24:07.000Z","volume":4000,"label":" ","price":5.85},{"type":"A","date":"2018-04-18T02:24:07.000Z","volume":1600,"label":" ","price":5.85},{"type":"A","date":"2018-04-18T02:24:29.000Z","volume":14000,"label":" ","price":5.86},{"type":"B","date":"2018-04-18T02:24:36.000Z","volume":400,"label":" ","price":5.85},{"type":"B","date":"2018-04-18T02:24:36.000Z","volume":12400,"label":" ","price":5.85},{"type":"B","date":"2018-04-18T02:24:36.000Z","volume":2800,"label":" ","price":5.85},{"type":"U","date":"2018-04-18T02:24:55.000Z","volume":400,"label":"X","price":5.845},{"type":"B","date":"2018-04-18T02:25:11.000Z","volume":10000,"label":" ","price":5.85},{"type":"U","date":"2018-04-18T02:25:11.000Z","volume":2000,"label":"X","price":5.85},{"type":"B","date":"2018-04-18T02:25:19.000Z","volume":3600,"label":" ","price":5.85},{"type":"B","date":"2018-04-18T02:25:34.000Z","volume":800,"label":"Y","price":5.85},{"type":"B","date":"2018-04-18T02:25:34.000Z","volume":7200,"label":" ","price":5.84},{"type":"U","date":"2018-04-18T02:25:34.000Z","volume":400,"label":"X","price":5.84},{"type":"U","date":"2018-04-18T02:25:34.000Z","volume":800,"label":"X","price":5.84},{"type":"U","date":"2018-04-18T02:25:34.000Z","volume":1600,"label":"X","price":5.84},{"type":"U","date":"2018-04-18T02:25:35.000Z","volume":400,"label":"X","price":5.84},{"type":"B","date":"2018-04-18T02:25:40.000Z","volume":400,"label":" ","price":5.83},{"type":"A","date":"2018-04-18T02:25:55.000Z","volume":10000,"label":" ","price":5.84},{"type":"A","date":"2018-04-18T02:26:09.000Z","volume":6000,"label":" ","price":5.84},{"type":"A","date":"2018-04-18T02:26:09.000Z","volume":14000,"label":"Y","price":5.85},{"type":"A","date":"2018-04-18T02:26:10.000Z","volume":800,"label":" ","price":5.84},{"type":"A","date":"2018-04-18T02:26:10.000Z","volume":400,"label":" ","price":5.84},{"type":"A","date":"2018-04-18T02:26:26.000Z","volume":400,"label":" ","price":5.85},{"type":"A","date":"2018-04-18T02:26:29.000Z","volume":14800,"label":"Y","price":5.85},{"type":"A","date":"2018-04-18T02:26:29.000Z","volume":10400,"label":" ","price":5.85},{"type":"A","date":"2018-04-18T02:26:29.000Z","volume":1200,"label":" ","price":5.85},{"type":"U","date":"2018-04-18T02:26:44.000Z","volume":800,"label":"X","price":5.855},{"type":"U","date":"2018-04-18T02:26:49.000Z","volume":400,"label":"X","price":5.855},{"type":"B","date":"2018-04-18T02:26:52.000Z","volume":400,"label":" ","price":5.85},{"type":"B","date":"2018-04-18T02:27:02.000Z","volume":4000,"label":" ","price":5.85},{"type":"B","date":"2018-04-18T02:27:02.000Z","volume":9600,"label":" ","price":5.85},{"type":"B","date":"2018-04-18T02:27:03.000Z","volume":5200,"label":" ","price":5.84},{"type":"A","date":"2018-04-18T02:27:03.000Z","volume":20000,"label":" ","price":5.86},{"type":"B","date":"2018-04-18T02:27:10.000Z","volume":9600,"label":" ","price":5.84},{"type":"A","date":"2018-04-18T02:27:18.000Z","volume":2000,"label":" ","price":5.84},{"type":"A","date":"2018-04-18T02:27:18.000Z","volume":12000,"label":" ","price":5.85},{"type":"A","date":"2018-04-18T02:27:18.000Z","volume":6000,"label":" ","price":5.86},{"type":"A","date":"2018-04-18T02:27:19.000Z","volume":400,"label":" ","price":5.84},{"type":"A","date":"2018-04-18T02:27:19.000Z","volume":400,"label":" ","price":5.84},{"type":"U","date":"2018-04-18T02:27:46.000Z","volume":2000,"label":"X","price":5.85},{"type":"U","date":"2018-04-18T02:27:46.000Z","volume":400,"label":"X","price":5.85},{"type":"B","date":"2018-04-18T02:27:57.000Z","volume":4000,"label":" ","price":5.84},{"type":"U","date":"2018-04-18T02:28:05.000Z","volume":400,"label":"X","price":5.83},{"type":"U","date":"2018-04-18T02:28:23.000Z","volume":400,"label":"X","price":5.83},{"type":"U","date":"2018-04-18T02:28:28.000Z","volume":400,"label":"X","price":5.83},{"type":"U","date":"2018-04-18T02:28:46.000Z","volume":400,"label":"X","price":5.835},{"type":"U","date":"2018-04-18T02:28:51.000Z","volume":400,"label":"X","price":5.835},{"type":"B","date":"2018-04-18T02:29:04.000Z","volume":400,"label":" ","price":5.82},{"type":"B","date":"2018-04-18T02:29:06.000Z","volume":400,"label":" ","price":5.82},{"type":"A","date":"2018-04-18T02:30:17.000Z","volume":20000,"label":" ","price":5.85},{"type":"B","date":"2018-04-18T02:30:24.000Z","volume":2000,"label":" ","price":5.84},{"type":"A","date":"2018-04-18T02:30:41.000Z","volume":15600,"label":" ","price":5.85},{"type":"A","date":"2018-04-18T02:30:53.000Z","volume":4800,"label":" ","price":5.86},{"type":"A","date":"2018-04-18T02:30:53.000Z","volume":65600,"label":" ","price":5.86},{"type":"B","date":"2018-04-18T02:30:53.000Z","volume":4400,"label":" ","price":5.86},{"type":"A","date":"2018-04-18T02:30:54.000Z","volume":4800,"label":" ","price":5.87},{"type":"A","date":"2018-04-18T02:30:54.000Z","volume":400,"label":" ","price":5.87},{"type":"B","date":"2018-04-18T02:30:54.000Z","volume":3200,"label":" ","price":5.87},{"type":"B","date":"2018-04-18T02:30:56.000Z","volume":6800,"label":" ","price":5.87},{"type":"A","date":"2018-04-18T02:31:12.000Z","volume":70000,"label":" ","price":5.88},{"type":"A","date":"2018-04-18T02:31:12.000Z","volume":3200,"label":" ","price":5.88},{"type":"A","date":"2018-04-18T02:31:13.000Z","volume":400,"label":" ","price":5.88},{"type":"B","date":"2018-04-18T02:31:13.000Z","volume":400,"label":" ","price":5.88},{"type":"B","date":"2018-04-18T02:31:20.000Z","volume":4800,"label":" ","price":5.88},{"type":"A","date":"2018-04-18T02:31:29.000Z","volume":70000,"label":" ","price":5.89},{"type":"A","date":"2018-04-18T02:31:29.000Z","volume":4800,"label":" ","price":5.89},{"type":"A","date":"2018-04-18T02:31:29.000Z","volume":9600,"label":" ","price":5.89},{"type":"U","date":"2018-04-18T02:31:29.000Z","volume":1600,"label":" ","price":5.89},{"type":"B","date":"2018-04-18T02:31:50.000Z","volume":25600,"label":" ","price":5.89},{"type":"U","date":"2018-04-18T02:31:51.000Z","volume":2000,"label":"X","price":5.86},{"type":"U","date":"2018-04-18T02:31:51.000Z","volume":2000,"label":"X","price":5.86},{"type":"A","date":"2018-04-18T02:31:51.000Z","volume":20800,"label":" ","price":5.87},{"type":"A","date":"2018-04-18T02:31:51.000Z","volume":4000,"label":" ","price":5.87},{"type":"A","date":"2018-04-18T02:31:51.000Z","volume":7200,"label":" ","price":5.87},{"type":"A","date":"2018-04-18T02:32:02.000Z","volume":400,"label":" ","price":5.88},{"type":"B","date":"2018-04-18T02:32:08.000Z","volume":10400,"label":" ","price":5.87},{"type":"B","date":"2018-04-18T02:32:08.000Z","volume":6000,"label":" ","price":5.85},{"type":"B","date":"2018-04-18T02:32:08.000Z","volume":3200,"label":" ","price":5.85},{"type":"U","date":"2018-04-18T02:32:08.000Z","volume":2000,"label":"X","price":5.845},{"type":"A","date":"2018-04-18T02:32:08.000Z","volume":15600,"label":" ","price":5.85},{"type":"A","date":"2018-04-18T02:32:09.000Z","volume":4400,"label":" ","price":5.85},{"type":"A","date":"2018-04-18T02:32:09.000Z","volume":4800,"label":" ","price":5.85},{"type":"A","date":"2018-04-18T02:32:09.000Z","volume":4800,"label":" ","price":5.85},{"type":"A","date":"2018-04-18T02:32:09.000Z","volume":5200,"label":"Y","price":5.85},{"type":"A","date":"2018-04-18T02:32:09.000Z","volume":3200,"label":" ","price":5.85},{"type":"B","date":"2018-04-18T02:32:09.000Z","volume":800,"label":" ","price":5.85},{"type":"B","date":"2018-04-18T02:32:19.000Z","volume":12800,"label":" ","price":5.85},{"type":"B","date":"2018-04-18T02:32:19.000Z","volume":4800,"label":" ","price":5.85},{"type":"B","date":"2018-04-18T02:32:19.000Z","volume":4800,"label":" ","price":5.85},{"type":"U","date":"2018-04-18T02:32:19.000Z","volume":1200,"label":"X","price":5.845},{"type":"A","date":"2018-04-18T02:32:19.000Z","volume":4000,"label":" ","price":5.85},{"type":"A","date":"2018-04-18T02:32:28.000Z","volume":32000,"label":" ","price":5.85},{"type":"A","date":"2018-04-18T02:32:28.000Z","volume":1600,"label":" ","price":5.85},{"type":"B","date":"2018-04-18T02:32:30.000Z","volume":400,"label":" ","price":5.86},{"type":"B","date":"2018-04-18T02:32:31.000Z","volume":6400,"label":" ","price":5.86},{"type":"B","date":"2018-04-18T02:32:31.000Z","volume":33600,"label":" ","price":5.85},{"type":"B","date":"2018-04-18T02:32:31.000Z","volume":10000,"label":" ","price":5.84},{"type":"B","date":"2018-04-18T02:32:42.000Z","volume":4400,"label":" ","price":5.87},{"type":"B","date":"2018-04-18T02:32:42.000Z","volume":1200,"label":" ","price":5.85},{"type":"B","date":"2018-04-18T02:32:42.000Z","volume":44400,"label":" ","price":5.84},{"type":"B","date":"2018-04-18T02:32:54.000Z","volume":8000,"label":" ","price":5.87},{"type":"B","date":"2018-04-18T02:32:54.000Z","volume":3200,"label":" ","price":5.85},{"type":"A","date":"2018-04-18T02:33:22.000Z","volume":64000,"label":" ","price":5.85},{"type":"A","date":"2018-04-18T02:33:22.000Z","volume":400,"label":" ","price":5.85},{"type":"A","date":"2018-04-18T02:33:22.000Z","volume":400,"label":" ","price":5.85},{"type":"A","date":"2018-04-18T02:33:22.000Z","volume":4800,"label":" ","price":5.85},{"type":"A","date":"2018-04-18T02:33:22.000Z","volume":3600,"label":" ","price":5.85},{"type":"A","date":"2018-04-18T02:33:22.000Z","volume":800,"label":" ","price":5.85},{"type":"A","date":"2018-04-18T02:33:23.000Z","volume":2000,"label":" ","price":5.85},{"type":"A","date":"2018-04-18T02:33:23.000Z","volume":400,"label":" ","price":5.85},{"type":"B","date":"2018-04-18T02:33:33.000Z","volume":400,"label":" ","price":5.86},{"type":"B","date":"2018-04-18T02:33:39.000Z","volume":800,"label":" ","price":5.86},{"type":"U","date":"2018-04-18T02:34:14.000Z","volume":400,"label":"X","price":5.865},{"type":"A","date":"2018-04-18T02:34:22.000Z","volume":4400,"label":" ","price":5.87},{"type":"A","date":"2018-04-18T02:34:22.000Z","volume":400,"label":" ","price":5.87},{"type":"A","date":"2018-04-18T02:35:03.000Z","volume":5200,"label":" ","price":5.88},{"type":"U","date":"2018-04-18T02:35:12.000Z","volume":1200,"label":"X","price":5.875},{"type":"B","date":"2018-04-18T02:35:21.000Z","volume":9200,"label":" ","price":5.87},{"type":"A","date":"2018-04-18T02:35:26.000Z","volume":2000,"label":" ","price":5.87},{"type":"A","date":"2018-04-18T02:35:26.000Z","volume":400,"label":" ","price":5.87},{"type":"B","date":"2018-04-18T02:35:28.000Z","volume":400,"label":" ","price":5.87},{"type":"A","date":"2018-04-18T02:35:28.000Z","volume":800,"label":" ","price":5.88},{"type":"B","date":"2018-04-18T02:35:56.000Z","volume":400,"label":" ","price":5.87},{"type":"B","date":"2018-04-18T02:35:56.000Z","volume":4000,"label":" ","price":5.87},{"type":"A","date":"2018-04-18T02:36:07.000Z","volume":12800,"label":" ","price":5.88},{"type":"A","date":"2018-04-18T02:36:07.000Z","volume":7200,"label":" ","price":5.89},{"type":"A","date":"2018-04-18T02:36:30.000Z","volume":10000,"label":" ","price":5.87},{"type":"U","date":"2018-04-18T02:37:10.000Z","volume":400,"label":"X","price":5.865},{"type":"B","date":"2018-04-18T02:37:27.000Z","volume":7600,"label":" ","price":5.86},{"type":"B","date":"2018-04-18T02:37:27.000Z","volume":4000,"label":" ","price":5.85},{"type":"B","date":"2018-04-18T02:37:27.000Z","volume":47200,"label":" ","price":5.84},{"type":"B","date":"2018-04-18T02:37:27.000Z","volume":1200,"label":" ","price":5.84},{"type":"A","date":"2018-04-18T02:37:29.000Z","volume":9600,"label":" ","price":5.87},{"type":"B","date":"2018-04-18T02:37:29.000Z","volume":1200,"label":" ","price":5.87},{"type":"A","date":"2018-04-18T02:37:35.000Z","volume":400,"label":" ","price":5.88},{"type":"B","date":"2018-04-18T02:37:36.000Z","volume":9600,"label":" ","price":5.87},{"type":"A","date":"2018-04-18T02:37:46.000Z","volume":45600,"label":" ","price":5.85},{"type":"A","date":"2018-04-18T02:37:46.000Z","volume":6000,"label":" ","price":5.85},{"type":"B","date":"2018-04-18T02:37:53.000Z","volume":11600,"label":" ","price":5.84},{"type":"B","date":"2018-04-18T02:37:53.000Z","volume":14400,"label":" ","price":5.83},{"type":"U","date":"2018-04-18T02:37:54.000Z","volume":1600,"label":"X","price":5.84},{"type":"B","date":"2018-04-18T02:38:00.000Z","volume":400,"label":" ","price":5.82},{"type":"B","date":"2018-04-18T02:38:05.000Z","volume":400,"label":" ","price":5.82},{"type":"B","date":"2018-04-18T02:38:08.000Z","volume":400,"label":" ","price":5.82},{"type":"A","date":"2018-04-18T02:38:09.000Z","volume":29200,"label":" ","price":5.83},{"type":"A","date":"2018-04-18T02:38:09.000Z","volume":800,"label":" ","price":5.83},{"type":"A","date":"2018-04-18T02:38:09.000Z","volume":3200,"label":" ","price":5.83},{"type":"A","date":"2018-04-18T02:38:10.000Z","volume":800,"label":" ","price":5.84},{"type":"A","date":"2018-04-18T02:38:17.000Z","volume":400,"label":" ","price":5.84},{"type":"B","date":"2018-04-18T02:38:28.000Z","volume":400,"label":" ","price":5.83},{"type":"A","date":"2018-04-18T02:38:33.000Z","volume":40000,"label":" ","price":5.84},{"type":"A","date":"2018-04-18T02:38:33.000Z","volume":4000,"label":" ","price":5.84},{"type":"A","date":"2018-04-18T02:38:33.000Z","volume":400,"label":" ","price":5.84},{"type":"U","date":"2018-04-18T02:39:06.000Z","volume":400,"label":"X","price":5.845},{"type":"B","date":"2018-04-18T02:39:20.000Z","volume":400,"label":" ","price":5.84},{"type":"A","date":"2018-04-18T02:40:09.000Z","volume":2000,"label":" ","price":5.85},{"type":"A","date":"2018-04-18T02:40:09.000Z","volume":800,"label":" ","price":5.86},{"type":"A","date":"2018-04-18T02:40:09.000Z","volume":8800,"label":" ","price":5.87},{"type":"A","date":"2018-04-18T02:40:09.000Z","volume":800,"label":" ","price":5.88},{"type":"B","date":"2018-04-18T02:40:17.000Z","volume":13200,"label":" ","price":5.88},{"type":"B","date":"2018-04-18T02:40:24.000Z","volume":2000,"label":"Y","price":5.85},{"type":"B","date":"2018-04-18T02:40:24.000Z","volume":3200,"label":" ","price":5.85},{"type":"B","date":"2018-04-18T02:40:24.000Z","volume":2400,"label":" ","price":5.84},{"type":"A","date":"2018-04-18T02:40:25.000Z","volume":4000,"label":" ","price":5.84},{"type":"A","date":"2018-04-18T02:40:27.000Z","volume":4800,"label":" ","price":5.83},{"type":"A","date":"2018-04-18T02:40:27.000Z","volume":400,"label":" ","price":5.83},{"type":"A","date":"2018-04-18T02:40:55.000Z","volume":9200,"label":" ","price":5.83},{"type":"A","date":"2018-04-18T02:40:55.000Z","volume":26400,"label":"Y","price":5.84},{"type":"A","date":"2018-04-18T02:40:55.000Z","volume":4400,"label":" ","price":5.84},{"type":"B","date":"2018-04-18T02:40:55.000Z","volume":1200,"label":" ","price":5.83},{"type":"A","date":"2018-04-18T02:40:59.000Z","volume":4400,"label":" ","price":5.84},{"type":"B","date":"2018-04-18T02:40:59.000Z","volume":400,"label":" ","price":5.84},{"type":"A","date":"2018-04-18T02:41:21.000Z","volume":800,"label":" ","price":5.86},{"type":"B","date":"2018-04-18T02:41:30.000Z","volume":800,"label":" ","price":5.85},{"type":"B","date":"2018-04-18T02:41:39.000Z","volume":2000,"label":" ","price":5.85},{"type":"B","date":"2018-04-18T02:41:39.000Z","volume":3200,"label":" ","price":5.85},{"type":"U","date":"2018-04-18T02:41:48.000Z","volume":400,"label":"X","price":5.855},{"type":"U","date":"2018-04-18T02:42:23.000Z","volume":400,"label":"X","price":5.855},{"type":"U","date":"2018-04-18T02:42:26.000Z","volume":400,"label":"X","price":5.855},{"type":"A","date":"2018-04-18T02:42:27.000Z","volume":11600,"label":" ","price":5.86},{"type":"A","date":"2018-04-18T02:42:27.000Z","volume":1200,"label":" ","price":5.87},{"type":"A","date":"2018-04-18T02:42:27.000Z","volume":4800,"label":" ","price":5.89},{"type":"A","date":"2018-04-18T02:42:27.000Z","volume":128400,"label":" ","price":5.9},{"type":"B","date":"2018-04-18T02:42:28.000Z","volume":400,"label":" ","price":5.86},{"type":"U","date":"2018-04-18T02:42:36.000Z","volume":400,"label":"X","price":5.87},{"type":"B","date":"2018-04-18T02:42:45.000Z","volume":400,"label":" ","price":5.86},{"type":"A","date":"2018-04-18T02:42:47.000Z","volume":3200,"label":" ","price":5.87},{"type":"B","date":"2018-04-18T02:42:47.000Z","volume":400,"label":" ","price":5.87},{"type":"B","date":"2018-04-18T02:42:51.000Z","volume":400,"label":" ","price":5.87},{"type":"B","date":"2018-04-18T02:42:58.000Z","volume":400,"label":" ","price":5.87},{"type":"B","date":"2018-04-18T02:43:53.000Z","volume":400,"label":" ","price":5.87},{"type":"B","date":"2018-04-18T02:43:53.000Z","volume":14400,"label":" ","price":5.87},{"type":"A","date":"2018-04-18T02:43:57.000Z","volume":800,"label":" ","price":5.87},{"type":"A","date":"2018-04-18T02:43:57.000Z","volume":400,"label":" ","price":5.87},{"type":"A","date":"2018-04-18T02:44:10.000Z","volume":5200,"label":" ","price":5.87},{"type":"A","date":"2018-04-18T02:44:10.000Z","volume":6000,"label":" ","price":5.88},{"type":"A","date":"2018-04-18T02:44:10.000Z","volume":800,"label":" ","price":5.89},{"type":"A","date":"2018-04-18T02:44:10.000Z","volume":58000,"label":" ","price":5.9},{"type":"B","date":"2018-04-18T02:44:50.000Z","volume":400,"label":" ","price":5.87},{"type":"B","date":"2018-04-18T02:45:00.000Z","volume":400,"label":" ","price":5.87},{"type":"A","date":"2018-04-18T02:45:19.000Z","volume":20000,"label":" ","price":5.88},{"type":"A","date":"2018-04-18T02:45:19.000Z","volume":400,"label":" ","price":5.88},{"type":"A","date":"2018-04-18T02:45:19.000Z","volume":2800,"label":" ","price":5.88},{"type":"A","date":"2018-04-18T02:45:35.000Z","volume":8800,"label":" ","price":5.89},{"type":"B","date":"2018-04-18T02:45:35.000Z","volume":1200,"label":" ","price":5.89},{"type":"A","date":"2018-04-18T02:45:53.000Z","volume":400,"label":" ","price":5.9},{"type":"A","date":"2018-04-18T02:45:53.000Z","volume":3600,"label":" ","price":5.9},{"type":"A","date":"2018-04-18T02:45:53.000Z","volume":400,"label":" ","price":5.9},{"type":"B","date":"2018-04-18T02:46:10.000Z","volume":400,"label":" ","price":5.89},{"type":"A","date":"2018-04-18T02:46:20.000Z","volume":4400,"label":" ","price":5.9},{"type":"A","date":"2018-04-18T02:46:20.000Z","volume":400,"label":" ","price":5.9},{"type":"A","date":"2018-04-18T02:46:20.000Z","volume":2000,"label":" ","price":5.91},{"type":"A","date":"2018-04-18T02:46:20.000Z","volume":400,"label":" ","price":5.91},{"type":"A","date":"2018-04-18T02:46:20.000Z","volume":8800,"label":" ","price":5.91},{"type":"B","date":"2018-04-18T02:46:21.000Z","volume":6400,"label":" ","price":5.91},{"type":"B","date":"2018-04-18T02:46:56.000Z","volume":400,"label":" ","price":5.9},{"type":"B","date":"2018-04-18T02:46:58.000Z","volume":15200,"label":" ","price":5.9},{"type":"B","date":"2018-04-18T02:47:09.000Z","volume":4800,"label":" ","price":5.9},{"type":"U","date":"2018-04-18T02:47:17.000Z","volume":1200,"label":"X","price":5.91},{"type":"B","date":"2018-04-18T02:47:35.000Z","volume":400,"label":" ","price":5.9},{"type":"B","date":"2018-04-18T02:47:40.000Z","volume":6000,"label":" ","price":5.9},{"type":"B","date":"2018-04-18T02:48:30.000Z","volume":2000,"label":" ","price":5.89},{"type":"B","date":"2018-04-18T02:48:30.000Z","volume":1600,"label":" ","price":5.88},{"type":"A","date":"2018-04-18T02:48:59.000Z","volume":31200,"label":" ","price":5.88},{"type":"A","date":"2018-04-18T02:48:59.000Z","volume":36000,"label":" ","price":5.89},{"type":"B","date":"2018-04-18T02:48:59.000Z","volume":2800,"label":" ","price":5.89},{"type":"U","date":"2018-04-18T02:49:00.000Z","volume":2800,"label":" ","price":5.87},{"type":"A","date":"2018-04-18T02:49:00.000Z","volume":400,"label":" ","price":5.87},{"type":"A","date":"2018-04-18T02:49:16.000Z","volume":10000,"label":" ","price":5.87},{"type":"A","date":"2018-04-18T02:49:26.000Z","volume":6000,"label":" ","price":5.87},{"type":"B","date":"2018-04-18T02:49:35.000Z","volume":400,"label":" ","price":5.86},{"type":"A","date":"2018-04-18T02:50:49.000Z","volume":17200,"label":" ","price":5.87},{"type":"B","date":"2018-04-18T02:50:57.000Z","volume":15600,"label":" ","price":5.87},{"type":"A","date":"2018-04-18T02:51:00.000Z","volume":10000,"label":" ","price":5.88},{"type":"A","date":"2018-04-18T02:51:10.000Z","volume":17200,"label":" ","price":5.88},{"type":"A","date":"2018-04-18T02:51:10.000Z","volume":1200,"label":" ","price":5.88},{"type":"A","date":"2018-04-18T02:51:10.000Z","volume":1600,"label":" ","price":5.88},{"type":"B","date":"2018-04-18T02:51:18.000Z","volume":14400,"label":" ","price":5.86},{"type":"B","date":"2018-04-18T02:51:24.000Z","volume":400,"label":" ","price":5.85},{"type":"A","date":"2018-04-18T02:51:46.000Z","volume":400,"label":" ","price":5.86},{"type":"B","date":"2018-04-18T02:52:58.000Z","volume":18800,"label":" ","price":5.85},{"type":"B","date":"2018-04-18T02:52:58.000Z","volume":15200,"label":" ","price":5.84},{"type":"U","date":"2018-04-18T02:52:58.000Z","volume":800,"label":" ","price":5.85},{"type":"B","date":"2018-04-18T02:53:01.000Z","volume":400,"label":" ","price":5.85},{"type":"B","date":"2018-04-18T02:53:41.000Z","volume":2000,"label":" ","price":5.85},{"type":"A","date":"2018-04-18T02:54:17.000Z","volume":60000,"label":" ","price":5.86},{"type":"A","date":"2018-04-18T02:54:17.000Z","volume":1600,"label":" ","price":5.86},{"type":"B","date":"2018-04-18T02:54:17.000Z","volume":400,"label":" ","price":5.86},{"type":"B","date":"2018-04-18T02:55:47.000Z","volume":400,"label":" ","price":5.86},{"type":"B","date":"2018-04-18T02:55:52.000Z","volume":9200,"label":" ","price":5.86},{"type":"B","date":"2018-04-18T02:55:52.000Z","volume":800,"label":" ","price":5.86},{"type":"B","date":"2018-04-18T02:55:52.000Z","volume":4800,"label":" ","price":5.86},{"type":"A","date":"2018-04-18T02:56:15.000Z","volume":10000,"label":" ","price":5.86},{"type":"B","date":"2018-04-18T02:56:25.000Z","volume":400,"label":" ","price":5.85},{"type":"A","date":"2018-04-18T02:56:26.000Z","volume":10000,"label":" ","price":5.86},{"type":"A","date":"2018-04-18T02:56:26.000Z","volume":3200,"label":" ","price":5.86},{"type":"B","date":"2018-04-18T02:56:26.000Z","volume":1600,"label":" ","price":5.86},{"type":"B","date":"2018-04-18T02:56:44.000Z","volume":7200,"label":" ","price":5.86},{"type":"A","date":"2018-04-18T02:56:57.000Z","volume":19600,"label":" ","price":5.86},{"type":"B","date":"2018-04-18T02:56:57.000Z","volume":400,"label":" ","price":5.86},{"type":"A","date":"2018-04-18T02:56:58.000Z","volume":2400,"label":" ","price":5.86},{"type":"A","date":"2018-04-18T02:56:58.000Z","volume":400,"label":" ","price":5.86},{"type":"A","date":"2018-04-18T02:56:58.000Z","volume":400,"label":" ","price":5.87},{"type":"A","date":"2018-04-18T02:58:14.000Z","volume":22000,"label":" ","price":5.87},{"type":"B","date":"2018-04-18T02:58:27.000Z","volume":10000,"label":" ","price":5.86},{"type":"B","date":"2018-04-18T02:58:27.000Z","volume":400,"label":"Y","price":5.86},{"type":"B","date":"2018-04-18T02:58:42.000Z","volume":400,"label":" ","price":5.86},{"type":"B","date":"2018-04-18T02:58:45.000Z","volume":400,"label":" ","price":5.86},{"type":"B","date":"2018-04-18T02:58:47.000Z","volume":800,"label":" ","price":5.86},{"type":"B","date":"2018-04-18T02:59:41.000Z","volume":400,"label":" ","price":5.86},{"type":"B","date":"2018-04-18T02:59:51.000Z","volume":400,"label":" ","price":5.85},{"type":"A","date":"2018-04-18T02:59:55.000Z","volume":28000,"label":" ","price":5.87},{"type":"B","date":"2018-04-18T03:00:20.000Z","volume":400,"label":" ","price":5.86},{"type":"U","date":"2018-04-18T03:00:58.000Z","volume":400,"label":"X","price":5.865},{"type":"U","date":"2018-04-18T03:00:58.000Z","volume":400,"label":"X","price":5.865},{"type":"U","date":"2018-04-18T03:00:59.000Z","volume":400,"label":"X","price":5.865},{"type":"A","date":"2018-04-18T03:01:14.000Z","volume":22000,"label":" ","price":5.87},{"type":"A","date":"2018-04-18T03:01:14.000Z","volume":6800,"label":" ","price":5.87},{"type":"A","date":"2018-04-18T03:01:14.000Z","volume":800,"label":" ","price":5.87},{"type":"A","date":"2018-04-18T03:01:14.000Z","volume":400,"label":" ","price":5.87},{"type":"B","date":"2018-04-18T03:01:33.000Z","volume":400,"label":" ","price":5.87},{"type":"B","date":"2018-04-18T03:01:39.000Z","volume":800,"label":" ","price":5.87},{"type":"A","date":"2018-04-18T03:01:49.000Z","volume":3600,"label":" ","price":5.88},{"type":"U","date":"2018-04-18T03:02:02.000Z","volume":800,"label":"X","price":5.875},{"type":"A","date":"2018-04-18T03:02:13.000Z","volume":10000,"label":" ","price":5.88},{"type":"A","date":"2018-04-18T03:02:14.000Z","volume":1200,"label":"Y","price":5.88},{"type":"A","date":"2018-04-18T03:02:14.000Z","volume":3600,"label":" ","price":5.88},{"type":"A","date":"2018-04-18T03:02:14.000Z","volume":3600,"label":" ","price":5.88},{"type":"A","date":"2018-04-18T03:02:15.000Z","volume":1600,"label":" ","price":5.88},{"type":"A","date":"2018-04-18T03:02:15.000Z","volume":400,"label":" ","price":5.88},{"type":"A","date":"2018-04-18T03:02:17.000Z","volume":400,"label":" ","price":5.89},{"type":"B","date":"2018-04-18T03:02:18.000Z","volume":3600,"label":" ","price":5.89},{"type":"B","date":"2018-04-18T03:02:45.000Z","volume":1600,"label":" ","price":5.88},{"type":"B","date":"2018-04-18T03:03:15.000Z","volume":400,"label":" ","price":5.88},{"type":"A","date":"2018-04-18T03:03:41.000Z","volume":56000,"label":" ","price":5.9},{"type":"A","date":"2018-04-18T03:03:43.000Z","volume":400,"label":" ","price":5.9},{"type":"A","date":"2018-04-18T03:03:43.000Z","volume":2000,"label":" ","price":5.9},{"type":"A","date":"2018-04-18T03:03:43.000Z","volume":26400,"label":" ","price":5.9},{"type":"A","date":"2018-04-18T03:03:43.000Z","volume":4000,"label":" ","price":5.9},{"type":"A","date":"2018-04-18T03:03:45.000Z","volume":3200,"label":" ","price":5.9},{"type":"B","date":"2018-04-18T03:03:46.000Z","volume":400,"label":" ","price":5.89},{"type":"A","date":"2018-04-18T03:04:19.000Z","volume":1600,"label":" ","price":5.9},{"type":"B","date":"2018-04-18T03:04:32.000Z","volume":4000,"label":"Y","price":5.89},{"type":"B","date":"2018-04-18T03:04:32.000Z","volume":800,"label":" ","price":5.89},{"type":"A","date":"2018-04-18T03:04:32.000Z","volume":1600,"label":" ","price":5.9},{"type":"B","date":"2018-04-18T03:04:48.000Z","volume":400,"label":" ","price":5.89},{"type":"A","date":"2018-04-18T03:04:48.000Z","volume":400,"label":" ","price":5.9},{"type":"B","date":"2018-04-18T03:05:05.000Z","volume":400,"label":" ","price":5.89},{"type":"B","date":"2018-04-18T03:05:08.000Z","volume":400,"label":" ","price":5.89},{"type":"B","date":"2018-04-18T03:06:10.000Z","volume":800,"label":" ","price":5.89},{"type":"U","date":"2018-04-18T03:06:17.000Z","volume":1200,"label":"X","price":5.895},{"type":"B","date":"2018-04-18T03:06:21.000Z","volume":4000,"label":" ","price":5.89},{"type":"B","date":"2018-04-18T03:06:21.000Z","volume":10000,"label":" ","price":5.89},{"type":"B","date":"2018-04-18T03:06:22.000Z","volume":6800,"label":" ","price":5.89},{"type":"B","date":"2018-04-18T03:06:28.000Z","volume":800,"label":" ","price":5.89},{"type":"B","date":"2018-04-18T03:06:36.000Z","volume":800,"label":" ","price":5.89},{"type":"B","date":"2018-04-18T03:06:40.000Z","volume":400,"label":" ","price":5.89},{"type":"B","date":"2018-04-18T03:06:43.000Z","volume":3200,"label":" ","price":5.89},{"type":"B","date":"2018-04-18T03:06:43.000Z","volume":2000,"label":" ","price":5.89},{"type":"B","date":"2018-04-18T03:06:43.000Z","volume":2000,"label":" ","price":5.89},{"type":"B","date":"2018-04-18T03:06:51.000Z","volume":2400,"label":" ","price":5.89},{"type":"B","date":"2018-04-18T03:07:17.000Z","volume":3200,"label":" ","price":5.85},{"type":"A","date":"2018-04-18T03:07:19.000Z","volume":400,"label":" ","price":5.86},{"type":"B","date":"2018-04-18T03:07:21.000Z","volume":2000,"label":" ","price":5.85},{"type":"B","date":"2018-04-18T03:07:22.000Z","volume":400,"label":" ","price":5.85},{"type":"B","date":"2018-04-18T03:07:27.000Z","volume":400,"label":" ","price":5.85},{"type":"B","date":"2018-04-18T03:08:04.000Z","volume":1600,"label":" ","price":5.85},{"type":"B","date":"2018-04-18T03:08:11.000Z","volume":4800,"label":" ","price":5.85},{"type":"B","date":"2018-04-18T03:09:01.000Z","volume":2000,"label":" ","price":5.85},{"type":"B","date":"2018-04-18T03:09:09.000Z","volume":2400,"label":" ","price":5.85},{"type":"B","date":"2018-04-18T03:09:09.000Z","volume":400,"label":" ","price":5.85},{"type":"B","date":"2018-04-18T03:09:15.000Z","volume":800,"label":" ","price":5.85},{"type":"B","date":"2018-04-18T03:09:16.000Z","volume":400,"label":" ","price":5.85},{"type":"B","date":"2018-04-18T03:09:27.000Z","volume":4000,"label":" ","price":5.85},{"type":"B","date":"2018-04-18T03:09:58.000Z","volume":1600,"label":" ","price":5.85},{"type":"B","date":"2018-04-18T03:10:05.000Z","volume":400,"label":" ","price":5.85},{"type":"B","date":"2018-04-18T03:10:06.000Z","volume":4400,"label":" ","price":5.85},{"type":"B","date":"2018-04-18T03:10:10.000Z","volume":2400,"label":" ","price":5.85},{"type":"A","date":"2018-04-18T03:10:16.000Z","volume":400,"label":" ","price":5.86},{"type":"B","date":"2018-04-18T03:10:26.000Z","volume":1200,"label":" ","price":5.85},{"type":"B","date":"2018-04-18T03:10:54.000Z","volume":2000,"label":" ","price":5.85},{"type":"B","date":"2018-04-18T03:11:17.000Z","volume":2000,"label":" ","price":5.85},{"type":"B","date":"2018-04-18T03:11:51.000Z","volume":1600,"label":" ","price":5.85},{"type":"B","date":"2018-04-18T03:12:10.000Z","volume":800,"label":" ","price":5.85},{"type":"B","date":"2018-04-18T03:12:12.000Z","volume":400,"label":" ","price":5.85},{"type":"B","date":"2018-04-18T03:12:13.000Z","volume":2400,"label":" ","price":5.85},{"type":"B","date":"2018-04-18T03:12:17.000Z","volume":5600,"label":" ","price":5.85},{"type":"B","date":"2018-04-18T03:12:23.000Z","volume":2000,"label":" ","price":5.85},{"type":"B","date":"2018-04-18T03:12:48.000Z","volume":2000,"label":" ","price":5.85},{"type":"B","date":"2018-04-18T03:12:48.000Z","volume":2800,"label":" ","price":5.85},{"type":"B","date":"2018-04-18T03:12:50.000Z","volume":3600,"label":" ","price":5.85},{"type":"B","date":"2018-04-18T03:13:03.000Z","volume":1600,"label":"Y","price":5.85},{"type":"B","date":"2018-04-18T03:13:03.000Z","volume":6400,"label":" ","price":5.85},{"type":"A","date":"2018-04-18T03:13:03.000Z","volume":4000,"label":" ","price":5.85},{"type":"B","date":"2018-04-18T03:13:30.000Z","volume":400,"label":" ","price":5.83},{"type":"B","date":"2018-04-18T03:13:44.000Z","volume":400,"label":" ","price":5.83},{"type":"B","date":"2018-04-18T03:13:45.000Z","volume":1600,"label":" ","price":5.83},{"type":"B","date":"2018-04-18T03:13:47.000Z","volume":3200,"label":" ","price":5.83},{"type":"B","date":"2018-04-18T03:14:42.000Z","volume":2000,"label":" ","price":5.83},{"type":"B","date":"2018-04-18T03:15:12.000Z","volume":3600,"label":" ","price":5.83},{"type":"B","date":"2018-04-18T03:15:12.000Z","volume":6800,"label":" ","price":5.83},{"type":"B","date":"2018-04-18T03:15:17.000Z","volume":3600,"label":" ","price":5.83},{"type":"B","date":"2018-04-18T03:15:22.000Z","volume":400,"label":" ","price":5.82},{"type":"B","date":"2018-04-18T03:15:38.000Z","volume":400,"label":" ","price":5.82},{"type":"B","date":"2018-04-18T03:15:53.000Z","volume":1600,"label":" ","price":5.81},{"type":"A","date":"2018-04-18T03:15:59.000Z","volume":39600,"label":" ","price":5.82},{"type":"A","date":"2018-04-18T03:15:59.000Z","volume":4800,"label":" ","price":5.82},{"type":"A","date":"2018-04-18T03:15:59.000Z","volume":3200,"label":" ","price":5.82},{"type":"U","date":"2018-04-18T03:15:59.000Z","volume":400,"label":" ","price":5.82},{"type":"B","date":"2018-04-18T03:15:59.000Z","volume":400,"label":" ","price":5.82},{"type":"A","date":"2018-04-18T03:16:33.000Z","volume":16400,"label":" ","price":5.83},{"type":"A","date":"2018-04-18T03:16:34.000Z","volume":4000,"label":" ","price":5.83},{"type":"A","date":"2018-04-18T03:16:34.000Z","volume":16400,"label":" ","price":5.83},{"type":"B","date":"2018-04-18T03:16:55.000Z","volume":400,"label":" ","price":5.83},{"type":"B","date":"2018-04-18T03:18:13.000Z","volume":400,"label":" ","price":5.84},{"type":"B","date":"2018-04-18T03:18:13.000Z","volume":15600,"label":" ","price":5.84},{"type":"A","date":"2018-04-18T03:18:13.000Z","volume":400,"label":" ","price":5.85},{"type":"B","date":"2018-04-18T03:19:08.000Z","volume":2000,"label":" ","price":5.84},{"type":"A","date":"2018-04-18T03:19:56.000Z","volume":4800,"label":"Y","price":5.85},{"type":"B","date":"2018-04-18T03:19:57.000Z","volume":400,"label":" ","price":5.84},{"type":"B","date":"2018-04-18T03:20:05.000Z","volume":1600,"label":" ","price":5.84},{"type":"B","date":"2018-04-18T03:20:20.000Z","volume":400,"label":" ","price":5.84},{"type":"B","date":"2018-04-18T03:20:20.000Z","volume":6000,"label":" ","price":5.84},{"type":"A","date":"2018-04-18T03:20:37.000Z","volume":13200,"label":"Y","price":5.85},{"type":"B","date":"2018-04-18T03:21:02.000Z","volume":800,"label":"Y","price":5.84},{"type":"B","date":"2018-04-18T03:21:02.000Z","volume":1200,"label":" ","price":5.84},{"type":"B","date":"2018-04-18T03:21:03.000Z","volume":1200,"label":"Y","price":5.84},{"type":"B","date":"2018-04-18T03:21:03.000Z","volume":23200,"label":" ","price":5.84},{"type":"A","date":"2018-04-18T03:21:04.000Z","volume":4400,"label":" ","price":5.84},{"type":"B","date":"2018-04-18T03:21:04.000Z","volume":2800,"label":" ","price":5.82},{"type":"A","date":"2018-04-18T03:21:53.000Z","volume":2400,"label":"Y","price":5.84},{"type":"A","date":"2018-04-18T03:21:53.000Z","volume":11200,"label":" ","price":5.84},{"type":"B","date":"2018-04-18T03:21:59.000Z","volume":1600,"label":" ","price":5.83},{"type":"A","date":"2018-04-18T03:22:33.000Z","volume":16000,"label":" ","price":5.84},{"type":"B","date":"2018-04-18T03:22:40.000Z","volume":400,"label":" ","price":5.83},{"type":"A","date":"2018-04-18T03:23:06.000Z","volume":10000,"label":" ","price":5.84},{"type":"B","date":"2018-04-18T03:23:06.000Z","volume":8400,"label":" ","price":5.83},{"type":"B","date":"2018-04-18T03:23:06.000Z","volume":800,"label":" ","price":5.82},{"type":"A","date":"2018-04-18T03:23:06.000Z","volume":4000,"label":" ","price":5.84},{"type":"A","date":"2018-04-18T03:23:12.000Z","volume":800,"label":" ","price":5.83},{"type":"A","date":"2018-04-18T03:23:16.000Z","volume":10800,"label":" ","price":5.83},{"type":"A","date":"2018-04-18T03:23:16.000Z","volume":1200,"label":" ","price":5.84},{"type":"A","date":"2018-04-18T03:23:45.000Z","volume":400,"label":" ","price":5.84},{"type":"B","date":"2018-04-18T03:23:46.000Z","volume":400,"label":" ","price":5.83},{"type":"B","date":"2018-04-18T03:25:18.000Z","volume":3600,"label":" ","price":5.83},{"type":"U","date":"2018-04-18T03:25:26.000Z","volume":1600,"label":"X","price":5.835},{"type":"B","date":"2018-04-18T03:26:11.000Z","volume":1600,"label":" ","price":5.83},{"type":"B","date":"2018-04-18T03:26:13.000Z","volume":5200,"label":" ","price":5.83},{"type":"B","date":"2018-04-18T03:27:08.000Z","volume":1600,"label":" ","price":5.83},{"type":"B","date":"2018-04-18T03:27:08.000Z","volume":400,"label":" ","price":5.83},{"type":"B","date":"2018-04-18T03:27:10.000Z","volume":400,"label":" ","price":5.83},{"type":"A","date":"2018-04-18T03:27:12.000Z","volume":20000,"label":" ","price":5.84},{"type":"B","date":"2018-04-18T03:27:12.000Z","volume":6000,"label":" ","price":5.83},{"type":"B","date":"2018-04-18T03:27:22.000Z","volume":2800,"label":" ","price":5.83},{"type":"A","date":"2018-04-18T03:27:22.000Z","volume":3600,"label":" ","price":5.83},{"type":"B","date":"2018-04-18T03:30:06.000Z","volume":4400,"label":" ","price":5.83},{"type":"B","date":"2018-04-18T03:30:15.000Z","volume":2000,"label":" ","price":5.83},{"type":"B","date":"2018-04-18T03:30:16.000Z","volume":400,"label":" ","price":5.83},{"type":"B","date":"2018-04-18T03:30:36.000Z","volume":400,"label":" ","price":5.83},{"type":"B","date":"2018-04-18T03:31:12.000Z","volume":1600,"label":" ","price":5.83},{"type":"A","date":"2018-04-18T03:31:14.000Z","volume":12000,"label":" ","price":5.84},{"type":"B","date":"2018-04-18T03:31:36.000Z","volume":400,"label":" ","price":5.83},{"type":"B","date":"2018-04-18T03:32:09.000Z","volume":1200,"label":"Y","price":5.83},{"type":"B","date":"2018-04-18T03:32:09.000Z","volume":1200,"label":" ","price":5.83},{"type":"A","date":"2018-04-18T03:32:09.000Z","volume":400,"label":" ","price":5.84},{"type":"A","date":"2018-04-18T03:32:11.000Z","volume":12000,"label":" ","price":5.84},{"type":"A","date":"2018-04-18T03:32:11.000Z","volume":3600,"label":" ","price":5.84},{"type":"B","date":"2018-04-18T03:33:25.000Z","volume":400,"label":" ","price":5.83},{"type":"B","date":"2018-04-18T03:33:34.000Z","volume":400,"label":" ","price":5.83},{"type":"A","date":"2018-04-18T03:33:52.000Z","volume":800,"label":" ","price":5.84},{"type":"B","date":"2018-04-18T03:34:00.000Z","volume":400,"label":" ","price":5.83},{"type":"B","date":"2018-04-18T03:34:16.000Z","volume":2000,"label":" ","price":5.83},{"type":"A","date":"2018-04-18T03:34:52.000Z","volume":4000,"label":" ","price":5.84},{"type":"B","date":"2018-04-18T03:34:52.000Z","volume":3600,"label":" ","price":5.83},{"type":"B","date":"2018-04-18T03:35:13.000Z","volume":1600,"label":" ","price":5.83},{"type":"B","date":"2018-04-18T03:35:23.000Z","volume":2400,"label":" ","price":5.83},{"type":"A","date":"2018-04-18T03:35:23.000Z","volume":3200,"label":" ","price":5.84},{"type":"A","date":"2018-04-18T03:35:54.000Z","volume":18400,"label":" ","price":5.84},{"type":"B","date":"2018-04-18T03:36:04.000Z","volume":400,"label":" ","price":5.84},{"type":"B","date":"2018-04-18T03:36:49.000Z","volume":400,"label":" ","price":5.84},{"type":"B","date":"2018-04-18T03:36:52.000Z","volume":800,"label":" ","price":5.84},{"type":"A","date":"2018-04-18T03:37:01.000Z","volume":35200,"label":" ","price":5.85},{"type":"B","date":"2018-04-18T03:37:05.000Z","volume":800,"label":" ","price":5.85},{"type":"B","date":"2018-04-18T03:37:15.000Z","volume":400,"label":" ","price":5.85},{"type":"A","date":"2018-04-18T03:37:18.000Z","volume":59200,"label":" ","price":5.86},{"type":"A","date":"2018-04-18T03:37:19.000Z","volume":6400,"label":" ","price":5.87},{"type":"A","date":"2018-04-18T03:37:20.000Z","volume":15600,"label":" ","price":5.88},{"type":"B","date":"2018-04-18T03:37:25.000Z","volume":400,"label":" ","price":5.88},{"type":"B","date":"2018-04-18T03:37:40.000Z","volume":400,"label":" ","price":5.88},{"type":"B","date":"2018-04-18T03:37:42.000Z","volume":400,"label":" ","price":5.88},{"type":"A","date":"2018-04-18T03:37:47.000Z","volume":400,"label":" ","price":5.89},{"type":"U","date":"2018-04-18T03:38:18.000Z","volume":800,"label":"X","price":5.885},{"type":"B","date":"2018-04-18T03:38:54.000Z","volume":30000,"label":" ","price":5.88},{"type":"A","date":"2018-04-18T03:38:54.000Z","volume":4000,"label":" ","price":5.88},{"type":"B","date":"2018-04-18T03:39:15.000Z","volume":1600,"label":" ","price":5.86},{"type":"B","date":"2018-04-18T03:39:55.000Z","volume":400,"label":" ","price":5.86},{"type":"B","date":"2018-04-18T03:40:05.000Z","volume":400,"label":" ","price":5.86},{"type":"B","date":"2018-04-18T03:40:12.000Z","volume":2000,"label":" ","price":5.86},{"type":"B","date":"2018-04-18T03:40:33.000Z","volume":400,"label":" ","price":5.86},{"type":"B","date":"2018-04-18T03:40:50.000Z","volume":400,"label":" ","price":5.86},{"type":"B","date":"2018-04-18T03:41:09.000Z","volume":2000,"label":" ","price":5.86},{"type":"B","date":"2018-04-18T03:41:19.000Z","volume":400,"label":" ","price":5.86},{"type":"B","date":"2018-04-18T03:42:06.000Z","volume":1200,"label":" ","price":5.86},{"type":"B","date":"2018-04-18T03:43:03.000Z","volume":2400,"label":" ","price":5.86},{"type":"B","date":"2018-04-18T03:43:06.000Z","volume":1200,"label":" ","price":5.86},{"type":"B","date":"2018-04-18T03:43:06.000Z","volume":3600,"label":" ","price":5.85},{"type":"B","date":"2018-04-18T03:43:59.000Z","volume":1600,"label":" ","price":5.86},{"type":"A","date":"2018-04-18T03:44:00.000Z","volume":400,"label":" ","price":5.87},{"type":"B","date":"2018-04-18T03:44:05.000Z","volume":400,"label":" ","price":5.86},{"type":"B","date":"2018-04-18T03:44:09.000Z","volume":400,"label":" ","price":5.86},{"type":"B","date":"2018-04-18T03:44:15.000Z","volume":400,"label":" ","price":5.86},{"type":"B","date":"2018-04-18T03:44:16.000Z","volume":1200,"label":" ","price":5.86},{"type":"B","date":"2018-04-18T03:44:56.000Z","volume":1200,"label":" ","price":5.85},{"type":"B","date":"2018-04-18T03:45:01.000Z","volume":400,"label":" ","price":5.85},{"type":"B","date":"2018-04-18T03:45:13.000Z","volume":3200,"label":" ","price":5.85},{"type":"B","date":"2018-04-18T03:45:20.000Z","volume":2000,"label":" ","price":5.85},{"type":"B","date":"2018-04-18T03:45:22.000Z","volume":400,"label":" ","price":5.85},{"type":"B","date":"2018-04-18T03:46:21.000Z","volume":1600,"label":" ","price":5.85},{"type":"B","date":"2018-04-18T03:47:03.000Z","volume":6000,"label":" ","price":5.85},{"type":"B","date":"2018-04-18T03:47:18.000Z","volume":2000,"label":" ","price":5.85},{"type":"B","date":"2018-04-18T03:47:35.000Z","volume":3200,"label":" ","price":5.85},{"type":"B","date":"2018-04-18T03:47:41.000Z","volume":400,"label":" ","price":5.85},{"type":"A","date":"2018-04-18T03:47:46.000Z","volume":10000,"label":" ","price":5.86},{"type":"B","date":"2018-04-18T03:49:12.000Z","volume":2000,"label":" ","price":5.85},{"type":"B","date":"2018-04-18T03:49:28.000Z","volume":400,"label":" ","price":5.85},{"type":"B","date":"2018-04-18T03:49:48.000Z","volume":6400,"label":" ","price":5.85},{"type":"B","date":"2018-04-18T03:50:09.000Z","volume":1600,"label":" ","price":5.85},{"type":"B","date":"2018-04-18T03:50:17.000Z","volume":1200,"label":" ","price":5.85},{"type":"B","date":"2018-04-18T03:50:25.000Z","volume":2400,"label":" ","price":5.85},{"type":"B","date":"2018-04-18T03:51:05.000Z","volume":400,"label":" ","price":5.85},{"type":"B","date":"2018-04-18T03:51:05.000Z","volume":2000,"label":" ","price":5.85},{"type":"B","date":"2018-04-18T03:51:57.000Z","volume":2000,"label":" ","price":5.85},{"type":"B","date":"2018-04-18T03:52:06.000Z","volume":1600,"label":" ","price":5.85},{"type":"B","date":"2018-04-18T03:52:31.000Z","volume":2000,"label":" ","price":5.85},{"type":"B","date":"2018-04-18T03:52:31.000Z","volume":2800,"label":" ","price":5.85},{"type":"U","date":"2018-04-18T03:52:48.000Z","volume":400,"label":"X","price":5.85},{"type":"A","date":"2018-04-18T03:53:08.000Z","volume":400,"label":" ","price":5.86},{"type":"B","date":"2018-04-18T03:53:27.000Z","volume":1600,"label":" ","price":5.85},{"type":"B","date":"2018-04-18T03:53:44.000Z","volume":1600,"label":" ","price":5.85},{"type":"B","date":"2018-04-18T03:53:56.000Z","volume":400,"label":" ","price":5.85},{"type":"B","date":"2018-04-18T03:54:24.000Z","volume":1600,"label":" ","price":5.85},{"type":"A","date":"2018-04-18T03:54:24.000Z","volume":400,"label":" ","price":5.86},{"type":"B","date":"2018-04-18T03:54:31.000Z","volume":400,"label":" ","price":5.85},{"type":"B","date":"2018-04-18T03:54:31.000Z","volume":2000,"label":" ","price":5.85},{"type":"B","date":"2018-04-18T03:54:52.000Z","volume":50000,"label":" ","price":5.85},{"type":"B","date":"2018-04-18T03:54:52.000Z","volume":24000,"label":" ","price":5.85},{"type":"U","date":"2018-04-18T03:54:52.000Z","volume":4000,"label":" ","price":5.85},{"type":"B","date":"2018-04-18T03:55:19.000Z","volume":2800,"label":" ","price":5.85},{"type":"B","date":"2018-04-18T03:55:21.000Z","volume":400,"label":"Y","price":5.85},{"type":"B","date":"2018-04-18T03:55:21.000Z","volume":1600,"label":" ","price":5.85},{"type":"B","date":"2018-04-18T03:55:31.000Z","volume":400,"label":" ","price":5.85},{"type":"B","date":"2018-04-18T03:56:18.000Z","volume":1600,"label":" ","price":5.84},{"type":"B","date":"2018-04-18T03:56:46.000Z","volume":2000,"label":" ","price":5.84},{"type":"B","date":"2018-04-18T03:57:15.000Z","volume":2000,"label":" ","price":5.84},{"type":"B","date":"2018-04-18T03:57:55.000Z","volume":400,"label":" ","price":5.84},{"type":"B","date":"2018-04-18T03:58:05.000Z","volume":2000,"label":" ","price":5.84},{"type":"B","date":"2018-04-18T03:58:08.000Z","volume":1600,"label":" ","price":5.84},{"type":"B","date":"2018-04-18T03:58:10.000Z","volume":2000,"label":" ","price":5.84},{"type":"B","date":"2018-04-18T03:58:11.000Z","volume":1600,"label":" ","price":5.84},{"type":"B","date":"2018-04-18T03:58:22.000Z","volume":1600,"label":" ","price":5.84},{"type":"B","date":"2018-04-18T03:58:22.000Z","volume":2000,"label":" ","price":5.84},{"type":"B","date":"2018-04-18T03:58:22.000Z","volume":5200,"label":" ","price":5.83},{"type":"B","date":"2018-04-18T03:58:24.000Z","volume":400,"label":" ","price":5.83},{"type":"B","date":"2018-04-18T03:58:56.000Z","volume":800,"label":" ","price":5.84},{"type":"B","date":"2018-04-18T03:58:57.000Z","volume":2400,"label":" ","price":5.83},{"type":"A","date":"2018-04-18T03:59:06.000Z","volume":2000,"label":" ","price":5.84},{"type":"B","date":"2018-04-18T03:59:08.000Z","volume":2000,"label":" ","price":5.83},{"type":"B","date":"2018-04-18T03:59:09.000Z","volume":400,"label":" ","price":5.83},{"type":"B","date":"2018-04-18T03:59:11.000Z","volume":2800,"label":" ","price":5.83},{"type":"B","date":"2018-04-18T03:59:26.000Z","volume":800,"label":" ","price":5.83},{"type":"B","date":"2018-04-18T03:59:26.000Z","volume":1200,"label":" ","price":5.83},{"type":"B","date":"2018-04-18T03:59:31.000Z","volume":400,"label":" ","price":5.83},{"type":"B","date":"2018-04-18T05:00:01.000Z","volume":20000,"label":" ","price":5.83},{"type":"A","date":"2018-04-18T05:00:02.000Z","volume":8000,"label":" ","price":5.84},{"type":"A","date":"2018-04-18T05:00:04.000Z","volume":4000,"label":" ","price":5.84},{"type":"B","date":"2018-04-18T05:00:30.000Z","volume":2000,"label":" ","price":5.83},{"type":"A","date":"2018-04-18T05:00:51.000Z","volume":9600,"label":" ","price":5.84},{"type":"A","date":"2018-04-18T05:00:51.000Z","volume":25600,"label":" ","price":5.84},{"type":"A","date":"2018-04-18T05:00:54.000Z","volume":18400,"label":" ","price":5.85},{"type":"U","date":"2018-04-18T05:01:40.000Z","volume":800,"label":" ","price":5.85},{"type":"B","date":"2018-04-18T05:02:59.000Z","volume":400,"label":" ","price":5.85},{"type":"U","date":"2018-04-18T05:03:20.000Z","volume":800,"label":"X","price":5.855},{"type":"U","date":"2018-04-18T05:03:20.000Z","volume":800,"label":"X","price":5.855},{"type":"B","date":"2018-04-18T05:03:20.000Z","volume":400,"label":" ","price":5.85},{"type":"B","date":"2018-04-18T05:03:56.000Z","volume":1600,"label":" ","price":5.85},{"type":"B","date":"2018-04-18T05:04:52.000Z","volume":400,"label":" ","price":5.85},{"type":"B","date":"2018-04-18T05:04:53.000Z","volume":2000,"label":" ","price":5.85},{"type":"A","date":"2018-04-18T05:05:02.000Z","volume":13200,"label":" ","price":5.86},{"type":"A","date":"2018-04-18T05:05:02.000Z","volume":15600,"label":" ","price":5.86},{"type":"A","date":"2018-04-18T05:05:03.000Z","volume":400,"label":" ","price":5.87},{"type":"A","date":"2018-04-18T05:05:40.000Z","volume":37600,"label":" ","price":5.87},{"type":"A","date":"2018-04-18T05:05:40.000Z","volume":12400,"label":" ","price":5.88},{"type":"A","date":"2018-04-18T05:05:43.000Z","volume":3200,"label":" ","price":5.88},{"type":"A","date":"2018-04-18T05:05:43.000Z","volume":800,"label":"Y","price":5.88},{"type":"A","date":"2018-04-18T05:05:43.000Z","volume":17200,"label":" ","price":5.88},{"type":"A","date":"2018-04-18T05:05:46.000Z","volume":2000,"label":" ","price":5.89},{"type":"B","date":"2018-04-18T05:05:57.000Z","volume":31600,"label":" ","price":5.89},{"type":"A","date":"2018-04-18T05:06:08.000Z","volume":400,"label":" ","price":5.9},{"type":"B","date":"2018-04-18T05:06:46.000Z","volume":400,"label":" ","price":5.89},{"type":"B","date":"2018-04-18T05:07:29.000Z","volume":800,"label":" ","price":5.89},{"type":"B","date":"2018-04-18T05:07:29.000Z","volume":1600,"label":"Y","price":5.89},{"type":"B","date":"2018-04-18T05:07:29.000Z","volume":7600,"label":" ","price":5.89},{"type":"B","date":"2018-04-18T05:07:29.000Z","volume":2400,"label":" ","price":5.88},{"type":"B","date":"2018-04-18T05:08:02.000Z","volume":2000,"label":" ","price":5.87},{"type":"B","date":"2018-04-18T05:08:45.000Z","volume":3200,"label":"Y","price":5.87},{"type":"B","date":"2018-04-18T05:08:45.000Z","volume":1200,"label":" ","price":5.87},{"type":"A","date":"2018-04-18T05:08:57.000Z","volume":10000,"label":" ","price":5.88},{"type":"A","date":"2018-04-18T05:08:57.000Z","volume":3600,"label":" ","price":5.88},{"type":"A","date":"2018-04-18T05:08:57.000Z","volume":800,"label":" ","price":5.88},{"type":"B","date":"2018-04-18T05:09:20.000Z","volume":400,"label":" ","price":5.87},{"type":"B","date":"2018-04-18T05:09:56.000Z","volume":1600,"label":" ","price":5.87},{"type":"B","date":"2018-04-18T05:10:10.000Z","volume":400,"label":" ","price":5.87},{"type":"B","date":"2018-04-18T05:10:53.000Z","volume":1600,"label":" ","price":5.87},{"type":"A","date":"2018-04-18T05:11:33.000Z","volume":800,"label":" ","price":5.88},{"type":"B","date":"2018-04-18T05:11:49.000Z","volume":2000,"label":" ","price":5.87},{"type":"A","date":"2018-04-18T05:11:50.000Z","volume":400,"label":" ","price":5.88},{"type":"A","date":"2018-04-18T05:12:13.000Z","volume":800,"label":" ","price":5.88},{"type":"B","date":"2018-04-18T05:12:32.000Z","volume":2400,"label":"Y","price":5.87},{"type":"B","date":"2018-04-18T05:12:32.000Z","volume":400,"label":" ","price":5.87},{"type":"B","date":"2018-04-18T05:12:32.000Z","volume":5200,"label":" ","price":5.87},{"type":"B","date":"2018-04-18T05:13:35.000Z","volume":400,"label":" ","price":5.87},{"type":"B","date":"2018-04-18T05:13:48.000Z","volume":400,"label":" ","price":5.87},{"type":"U","date":"2018-04-18T05:13:50.000Z","volume":1600,"label":"X","price":5.875},{"type":"B","date":"2018-04-18T05:14:40.000Z","volume":1600,"label":" ","price":5.87},{"type":"B","date":"2018-04-18T05:15:37.000Z","volume":2000,"label":" ","price":5.86},{"type":"U","date":"2018-04-18T05:16:01.000Z","volume":10000,"label":" ","price":5.87},{"type":"U","date":"2018-04-18T05:16:01.000Z","volume":4800,"label":" ","price":5.87},{"type":"B","date":"2018-04-18T05:16:33.000Z","volume":2800,"label":" ","price":5.87},{"type":"B","date":"2018-04-18T05:16:33.000Z","volume":400,"label":" ","price":5.87},{"type":"U","date":"2018-04-18T05:16:50.000Z","volume":1200,"label":"X","price":5.875},{"type":"B","date":"2018-04-18T05:16:59.000Z","volume":400,"label":" ","price":5.87},{"type":"B","date":"2018-04-18T05:17:08.000Z","volume":800,"label":" ","price":5.87},{"type":"B","date":"2018-04-18T05:17:22.000Z","volume":4000,"label":" ","price":5.86},{"type":"A","date":"2018-04-18T05:17:22.000Z","volume":3200,"label":" ","price":5.86},{"type":"A","date":"2018-04-18T05:17:22.000Z","volume":6000,"label":" ","price":5.86},{"type":"A","date":"2018-04-18T05:17:22.000Z","volume":400,"label":" ","price":5.87},{"type":"B","date":"2018-04-18T05:17:30.000Z","volume":2000,"label":"Y","price":5.86},{"type":"B","date":"2018-04-18T05:18:16.000Z","volume":400,"label":" ","price":5.86},{"type":"B","date":"2018-04-18T05:18:27.000Z","volume":1600,"label":" ","price":5.86},{"type":"A","date":"2018-04-18T05:19:42.000Z","volume":400,"label":" ","price":5.87},{"type":"A","date":"2018-04-18T05:19:51.000Z","volume":33200,"label":" ","price":5.87},{"type":"A","date":"2018-04-18T05:19:51.000Z","volume":23200,"label":" ","price":5.87},{"type":"B","date":"2018-04-18T05:20:23.000Z","volume":400,"label":" ","price":5.87},{"type":"B","date":"2018-04-18T05:21:14.000Z","volume":3200,"label":" ","price":5.87},{"type":"U","date":"2018-04-18T05:21:20.000Z","volume":2800,"label":"X","price":5.875},{"type":"B","date":"2018-04-18T05:21:34.000Z","volume":1600,"label":" ","price":5.87},{"type":"B","date":"2018-04-18T05:22:45.000Z","volume":400,"label":" ","price":5.87},{"type":"B","date":"2018-04-18T05:22:59.000Z","volume":1600,"label":" ","price":5.87},{"type":"A","date":"2018-04-18T05:22:59.000Z","volume":400,"label":" ","price":5.88},{"type":"B","date":"2018-04-18T05:23:27.000Z","volume":2400,"label":" ","price":5.87},{"type":"A","date":"2018-04-18T05:23:40.000Z","volume":1200,"label":" ","price":5.88},{"type":"B","date":"2018-04-18T05:23:47.000Z","volume":400,"label":" ","price":5.87},{"type":"A","date":"2018-04-18T05:24:24.000Z","volume":1600,"label":" ","price":5.87},{"type":"B","date":"2018-04-18T05:25:49.000Z","volume":2000,"label":" ","price":5.87},{"type":"B","date":"2018-04-18T05:26:46.000Z","volume":1600,"label":" ","price":5.87},{"type":"A","date":"2018-04-18T05:27:11.000Z","volume":1200,"label":"Y","price":5.88},{"type":"B","date":"2018-04-18T05:27:12.000Z","volume":400,"label":" ","price":5.87},{"type":"B","date":"2018-04-18T05:27:12.000Z","volume":400,"label":" ","price":5.87},{"type":"B","date":"2018-04-18T05:27:43.000Z","volume":1600,"label":" ","price":5.87},{"type":"A","date":"2018-04-18T05:28:22.000Z","volume":1200,"label":"Y","price":5.88},{"type":"B","date":"2018-04-18T05:28:40.000Z","volume":2000,"label":" ","price":5.87},{"type":"B","date":"2018-04-18T05:28:46.000Z","volume":1600,"label":"Y","price":5.87},{"type":"B","date":"2018-04-18T05:28:46.000Z","volume":6000,"label":" ","price":5.87},{"type":"B","date":"2018-04-18T05:29:37.000Z","volume":2000,"label":" ","price":5.87},{"type":"B","date":"2018-04-18T05:30:11.000Z","volume":6800,"label":" ","price":5.87},{"type":"B","date":"2018-04-18T05:30:17.000Z","volume":2400,"label":" ","price":5.87},{"type":"A","date":"2018-04-18T05:30:25.000Z","volume":50000,"label":" ","price":5.88},{"type":"A","date":"2018-04-18T05:30:25.000Z","volume":14400,"label":" ","price":5.88},{"type":"B","date":"2018-04-18T05:30:35.000Z","volume":400,"label":" ","price":5.88},{"type":"A","date":"2018-04-18T05:31:31.000Z","volume":400,"label":" ","price":5.89},{"type":"B","date":"2018-04-18T05:31:40.000Z","volume":400,"label":" ","price":5.88},{"type":"B","date":"2018-04-18T05:32:42.000Z","volume":1600,"label":" ","price":5.88},{"type":"B","date":"2018-04-18T05:33:38.000Z","volume":2000,"label":" ","price":5.88},{"type":"B","date":"2018-04-18T05:34:00.000Z","volume":400,"label":" ","price":5.88},{"type":"B","date":"2018-04-18T05:35:04.000Z","volume":1600,"label":" ","price":5.88},{"type":"A","date":"2018-04-18T05:35:17.000Z","volume":800,"label":" ","price":5.89},{"type":"A","date":"2018-04-18T05:35:57.000Z","volume":800,"label":" ","price":5.89},{"type":"B","date":"2018-04-18T05:36:00.000Z","volume":2000,"label":" ","price":5.88},{"type":"B","date":"2018-04-18T05:36:08.000Z","volume":400,"label":" ","price":5.88},{"type":"A","date":"2018-04-18T05:36:29.000Z","volume":5200,"label":"Y","price":5.89},{"type":"A","date":"2018-04-18T05:36:29.000Z","volume":6400,"label":" ","price":5.89},{"type":"A","date":"2018-04-18T05:36:29.000Z","volume":4000,"label":" ","price":5.89},{"type":"A","date":"2018-04-18T05:36:32.000Z","volume":3600,"label":" ","price":5.89},{"type":"A","date":"2018-04-18T05:36:42.000Z","volume":400,"label":" ","price":5.89},{"type":"B","date":"2018-04-18T05:36:57.000Z","volume":1600,"label":" ","price":5.88},{"type":"B","date":"2018-04-18T05:37:12.000Z","volume":1200,"label":"Y","price":5.88},{"type":"B","date":"2018-04-18T05:37:12.000Z","volume":8000,"label":" ","price":5.88},{"type":"B","date":"2018-04-18T05:37:23.000Z","volume":400,"label":" ","price":5.88},{"type":"B","date":"2018-04-18T05:37:54.000Z","volume":2000,"label":" ","price":5.88},{"type":"B","date":"2018-04-18T05:38:51.000Z","volume":1600,"label":" ","price":5.88},{"type":"B","date":"2018-04-18T05:39:48.000Z","volume":2000,"label":" ","price":5.88},{"type":"A","date":"2018-04-18T05:39:52.000Z","volume":400,"label":" ","price":5.89},{"type":"A","date":"2018-04-18T05:40:04.000Z","volume":63200,"label":" ","price":5.89},{"type":"A","date":"2018-04-18T05:40:04.000Z","volume":2000,"label":" ","price":5.9},{"type":"A","date":"2018-04-18T05:40:33.000Z","volume":29600,"label":" ","price":5.9}