[{"type":"A","date":"2018-03-13T07:49:56.000Z","volume":74000,"price":7.05,"category":"ubbull"},{"type":"A","date":"2018-03-13T07:47:45.000Z","volume":82000,"price":7.04,"category":"ubbull"},{"type":"A","date":"2018-03-13T07:03:16.000Z","volume":63000,"price":7,"category":"ubbull"},{"type":"A","date":"2018-03-13T07:02:38.000Z","volume":200000,"price":7,"category":"ubbull"},{"type":"A","date":"2018-03-13T07:02:17.000Z","volume":100000,"price":7,"category":"ubbull"},{"type":"A","date":"2018-03-13T07:01:56.000Z","volume":60000,"price":7,"category":"ubbull"},{"type":"A","date":"2018-03-13T06:46:10.000Z","volume":30000,"price":6.99,"category":"ubbull"},{"type":"A","date":"2018-03-13T06:38:30.000Z","volume":41000,"price":7.03,"category":"ubbull"},{"type":"A","date":"2018-03-13T06:38:03.000Z","volume":30000,"price":7.02,"category":"ubbull"},{"type":"A","date":"2018-03-13T06:31:40.000Z","volume":28000,"price":7.04,"category":"ubbull"},{"type":"A","date":"2018-03-13T05:37:01.000Z","volume":41000,"price":7,"category":"ubbull"},{"type":"A","date":"2018-03-13T05:36:13.000Z","volume":60000,"price":7,"category":"ubbull"},{"type":"A","date":"2018-03-13T05:36:13.000Z","volume":40000,"price":6.99,"category":"ubbull"},{"type":"A","date":"2018-03-13T05:32:02.000Z","volume":30000,"price":6.95,"category":"ubbull"},{"type":"A","date":"2018-03-13T05:30:32.000Z","volume":100000,"price":6.95,"category":"ubbull"},{"type":"A","date":"2018-03-13T05:30:28.000Z","volume":38000,"price":6.95,"category":"ubbull"},{"type":"A","date":"2018-03-13T05:29:36.000Z","volume":91000,"price":6.95,"category":"ubbull"},{"type":"A","date":"2018-03-13T05:28:48.000Z","volume":169000,"price":6.95,"category":"ubbull"},{"type":"A","date":"2018-03-13T05:28:17.000Z","volume":56000,"price":6.95,"category":"ubbull"},{"type":"A","date":"2018-03-13T03:52:52.000Z","volume":36000,"price":7,"category":"ubbull"},{"type":"A","date":"2018-03-13T03:52:27.000Z","volume":106000,"price":7,"category":"ubbull"},{"type":"A","date":"2018-03-13T03:52:27.000Z","volume":61000,"price":6.99,"category":"ubbull"},{"type":"A","date":"2018-03-13T03:42:23.000Z","volume":46000,"price":6.9,"category":"ubbull"},{"type":"A","date":"2018-03-13T03:40:26.000Z","volume":30000,"price":6.89,"category":"ubbull"},{"type":"A","date":"2018-03-13T03:39:44.000Z","volume":30000,"price":6.88,"category":"ubbull"},{"type":"A","date":"2018-03-13T03:18:54.000Z","volume":34000,"price":6.89,"category":"ubbull"},{"type":"A","date":"2018-03-13T02:59:11.000Z","volume":40000,"price":6.9,"category":"ubbull"},{"type":"A","date":"2018-03-13T02:58:42.000Z","volume":50000,"price":6.9,"category":"ubbull"},{"type":"A","date":"2018-03-13T02:49:48.000Z","volume":51000,"price":6.86,"category":"ubbull"},{"type":"A","date":"2018-03-13T02:49:46.000Z","volume":30000,"price":6.86,"category":"ubbull"},{"type":"A","date":"2018-03-13T02:48:47.000Z","volume":60000,"price":6.85,"category":"ubbull"},{"type":"A","date":"2018-03-13T02:37:52.000Z","volume":39000,"price":6.91,"category":"ubbull"},{"type":"A","date":"2018-03-13T02:29:49.000Z","volume":50000,"price":6.91,"category":"ubbull"},{"type":"A","date":"2018-03-13T02:28:33.000Z","volume":88000,"price":6.95,"category":"ubbull"},{"type":"A","date":"2018-03-13T02:27:57.000Z","volume":94000,"price":6.94,"category":"ubbull"},{"type":"A","date":"2018-03-13T02:25:19.000Z","volume":40000,"price":6.93,"category":"ubbull"},{"type":"A","date":"2018-03-13T02:24:42.000Z","volume":50000,"price":6.93,"category":"ubbull"},{"type":"A","date":"2018-03-13T02:12:16.000Z","volume":28000,"price":6.95,"category":"ubbull"},{"type":"A","date":"2018-03-13T02:02:54.000Z","volume":53000,"price":6.93,"category":"ubbull"},{"type":"A","date":"2018-03-13T01:44:19.000Z","volume":97000,"price":6.9,"category":"ubbull"},{"type":"A","date":"2018-03-13T07:49:56.000Z","volume":19000,"price":7.04,"category":"bbull"},{"type":"A","date":"2018-03-13T07:47:45.000Z","volume":14000,"price":7.03,"category":"bbull"},{"type":"A","date":"2018-03-13T07:28:40.000Z","volume":12000,"price":7,"category":"bbull"},{"type":"A","date":"2018-03-13T07:10:33.000Z","volume":15000,"price":7,"category":"bbull"},{"type":"A","date":"2018-03-13T07:07:57.000Z","volume":20000,"price":7,"category":"bbull"},{"type":"A","date":"2018-03-13T06:50:01.000Z","volume":21000,"price":6.99,"category":"bbull"},{"type":"A","date":"2018-03-13T06:38:53.000Z","volume":15000,"price":7.03,"category":"bbull"},{"type":"A","date":"2018-03-13T05:37:27.000Z","volume":14000,"price":7.03,"category":"bbull"},{"type":"A","date":"2018-03-13T05:36:02.000Z","volume":25000,"price":6.99,"category":"bbull"},{"type":"A","date":"2018-03-13T05:31:24.000Z","volume":20000,"price":6.95,"category":"bbull"},{"type":"A","date":"2018-03-13T05:30:30.000Z","volume":13000,"price":6.95,"category":"bbull"},{"type":"A","date":"2018-03-13T03:52:52.000Z","volume":14000,"price":6.97,"category":"bbull"},{"type":"A","date":"2018-03-13T03:51:44.000Z","volume":20000,"price":6.96,"category":"bbull"},{"type":"A","date":"2018-03-13T03:51:44.000Z","volume":12000,"price":6.94,"category":"bbull"},{"type":"A","date":"2018-03-13T03:50:42.000Z","volume":17000,"price":6.93,"category":"bbull"},{"type":"A","date":"2018-03-13T03:50:42.000Z","volume":14000,"price":6.92,"category":"bbull"},{"type":"A","date":"2018-03-13T03:42:42.000Z","volume":24000,"price":6.9,"category":"bbull"},{"type":"A","date":"2018-03-13T03:41:53.000Z","volume":13000,"price":6.89,"category":"bbull"},{"type":"A","date":"2018-03-13T03:40:06.000Z","volume":21000,"price":6.89,"category":"bbull"},{"type":"A","date":"2018-03-13T03:39:18.000Z","volume":20000,"price":6.88,"category":"bbull"},{"type":"A","date":"2018-03-13T03:26:03.000Z","volume":19000,"price":6.88,"category":"bbull"},{"type":"A","date":"2018-03-13T03:19:16.000Z","volume":16000,"price":6.89,"category":"bbull"},{"type":"A","date":"2018-03-13T03:18:54.000Z","volume":15000,"price":6.86,"category":"bbull"},{"type":"A","date":"2018-03-13T03:17:04.000Z","volume":21000,"price":6.86,"category":"bbull"},{"type":"A","date":"2018-03-13T03:17:01.000Z","volume":20000,"price":6.86,"category":"bbull"},{"type":"A","date":"2018-03-13T02:59:23.000Z","volume":12000,"price":6.9,"category":"bbull"},{"type":"A","date":"2018-03-13T02:54:34.000Z","volume":20000,"price":6.86,"category":"bbull"},{"type":"A","date":"2018-03-13T02:50:30.000Z","volume":20000,"price":6.86,"category":"bbull"},{"type":"A","date":"2018-03-13T02:42:46.000Z","volume":20000,"price":6.91,"category":"bbull"},{"type":"A","date":"2018-03-13T02:33:09.000Z","volume":16000,"price":6.91,"category":"bbull"},{"type":"A","date":"2018-03-13T02:28:33.000Z","volume":22000,"price":6.95,"category":"bbull"},{"type":"A","date":"2018-03-13T02:16:19.000Z","volume":21000,"price":6.91,"category":"bbull"},{"type":"A","date":"2018-03-13T02:15:48.000Z","volume":12000,"price":6.91,"category":"bbull"},{"type":"A","date":"2018-03-13T02:12:41.000Z","volume":20000,"price":6.95,"category":"bbull"},{"type":"A","date":"2018-03-13T02:11:22.000Z","volume":20000,"price":6.94,"category":"bbull"},{"type":"A","date":"2018-03-13T02:11:03.000Z","volume":20000,"price":6.94,"category":"bbull"},{"type":"A","date":"2018-03-13T02:02:51.000Z","volume":14000,"price":6.91,"category":"bbull"},{"type":"A","date":"2018-03-13T02:02:15.000Z","volume":13000,"price":6.91,"category":"bbull"},{"type":"A","date":"2018-03-13T01:58:45.000Z","volume":20000,"price":6.92,"category":"bbull"},{"type":"A","date":"2018-03-13T01:58:27.000Z","volume":20000,"price":6.92,"category":"bbull"},{"type":"A","date":"2018-03-13T01:44:02.000Z","volume":15000,"price":6.9,"category":"bbull"},{"type":"A","date":"2018-03-13T07:59:29.000Z","volume":1000,"price":7.05,"category":"rbull"},{"type":"A","date":"2018-03-13T07:59:23.000Z","volume":1000,"price":7.05,"category":"rbull"},{"type":"A","date":"2018-03-13T07:59:02.000Z","volume":1000,"price":7.05,"category":"rbull"},{"type":"A","date":"2018-03-13T07:58:50.000Z","volume":1000,"price":7.05,"category":"rbull"},{"type":"A","date":"2018-03-13T07:58:50.000Z","volume":1000,"price":7.05,"category":"rbull"},{"type":"A","date":"2018-03-13T07:57:16.000Z","volume":1000,"price":7.03,"category":"rbull"},{"type":"A","date":"2018-03-13T07:57:10.000Z","volume":1000,"price":7.03,"category":"rbull"},{"type":"A","date":"2018-03-13T07:55:17.000Z","volume":1000,"price":7.03,"category":"rbull"},{"type":"A","date":"2018-03-13T07:55:00.000Z","volume":1000,"price":7.03,"category":"rbull"},{"type":"A","date":"2018-03-13T07:52:23.000Z","volume":1000,"price":7.06,"category":"rbull"},{"type":"A","date":"2018-03-13T07:49:47.000Z","volume":1000,"price":7.04,"category":"rbull"},{"type":"A","date":"2018-03-13T07:47:45.000Z","volume":1000,"price":7.04,"category":"rbull"},{"type":"A","date":"2018-03-13T07:47:02.000Z","volume":1000,"price":7.03,"category":"rbull"},{"type":"A","date":"2018-03-13T07:46:33.000Z","volume":1000,"price":7.03,"category":"rbull"},{"type":"A","date":"2018-03-13T07:40:47.000Z","volume":1000,"price":7.02,"category":"rbull"},{"type":"A","date":"2018-03-13T07:40:28.000Z","volume":1000,"price":7.03,"category":"rbull"},{"type":"A","date":"2018-03-13T07:38:01.000Z","volume":1000,"price":7.03,"category":"rbull"},{"type":"A","date":"2018-03-13T07:37:17.000Z","volume":1000,"price":7.03,"category":"rbull"},{"type":"A","date":"2018-03-13T07:35:32.000Z","volume":1000,"price":7.02,"category":"rbull"},{"type":"A","date":"2018-03-13T07:35:24.000Z","volume":1000,"price":7.02,"category":"rbull"},{"type":"A","date":"2018-03-13T07:33:32.000Z","volume":1000,"price":7.02,"category":"rbull"},{"type":"A","date":"2018-03-13T07:32:20.000Z","volume":1000,"price":7.02,"category":"rbull"},{"type":"A","date":"2018-03-13T07:30:29.000Z","volume":1000,"price":7.02,"category":"rbull"},{"type":"A","date":"2018-03-13T07:30:01.000Z","volume":1000,"price":7.02,"category":"rbull"},{"type":"A","date":"2018-03-13T07:29:32.000Z","volume":1000,"price":7.02,"category":"rbull"},{"type":"A","date":"2018-03-13T07:28:40.000Z","volume":1000,"price":7.02,"category":"rbull"},{"type":"A","date":"2018-03-13T07:28:40.000Z","volume":1000,"price":7,"category":"rbull"},{"type":"A","date":"2018-03-13T07:23:32.000Z","volume":1000,"price":7,"category":"rbull"},{"type":"A","date":"2018-03-13T07:22:27.000Z","volume":1000,"price":7,"category":"rbull"},{"type":"A","date":"2018-03-13T07:20:00.000Z","volume":1000,"price":7,"category":"rbull"},{"type":"A","date":"2018-03-13T07:18:04.000Z","volume":1000,"price":7,"category":"rbull"},{"type":"A","date":"2018-03-13T07:15:58.000Z","volume":1000,"price":7,"category":"rbull"},{"type":"A","date":"2018-03-13T07:12:00.000Z","volume":1000,"price":7,"category":"rbull"},{"type":"A","date":"2018-03-13T07:10:30.000Z","volume":1000,"price":7,"category":"rbull"},{"type":"A","date":"2018-03-13T07:10:26.000Z","volume":1000,"price":7,"category":"rbull"},{"type":"A","date":"2018-03-13T07:09:09.000Z","volume":1000,"price":7,"category":"rbull"},{"type":"A","date":"2018-03-13T06:59:11.000Z","volume":1000,"price":7,"category":"rbull"},{"type":"A","date":"2018-03-13T06:58:00.000Z","volume":1000,"price":6.99,"category":"rbull"},{"type":"A","date":"2018-03-13T06:57:47.000Z","volume":1000,"price":6.99,"category":"rbull"},{"type":"A","date":"2018-03-13T06:34:30.000Z","volume":1000,"price":7.04,"category":"rbull"},{"type":"A","date":"2018-03-13T06:32:09.000Z","volume":1000,"price":7.05,"category":"rbull"},{"type":"A","date":"2018-03-13T06:31:29.000Z","volume":1000,"price":7.04,"category":"rbull"},{"type":"A","date":"2018-03-13T06:30:40.000Z","volume":1000,"price":7.03,"category":"rbull"},{"type":"A","date":"2018-03-13T06:29:02.000Z","volume":1000,"price":7.02,"category":"rbull"},{"type":"A","date":"2018-03-13T06:26:44.000Z","volume":1000,"price":7,"category":"rbull"},{"type":"A","date":"2018-03-13T06:26:03.000Z","volume":1000,"price":7,"category":"rbull"},{"type":"A","date":"2018-03-13T06:21:32.000Z","volume":1000,"price":7.01,"category":"rbull"},{"type":"A","date":"2018-03-13T06:15:42.000Z","volume":1000,"price":7.01,"category":"rbull"},{"type":"A","date":"2018-03-13T06:15:17.000Z","volume":1000,"price":7.02,"category":"rbull"},{"type":"A","date":"2018-03-13T06:14:31.000Z","volume":1000,"price":7.01,"category":"rbull"},{"type":"A","date":"2018-03-13T06:02:49.000Z","volume":1000,"price":7.01,"category":"rbull"},{"type":"A","date":"2018-03-13T06:02:32.000Z","volume":1000,"price":7.01,"category":"rbull"},{"type":"A","date":"2018-03-13T05:52:52.000Z","volume":1000,"price":7,"category":"rbull"},{"type":"A","date":"2018-03-13T05:52:51.000Z","volume":1000,"price":7.01,"category":"rbull"},{"type":"A","date":"2018-03-13T05:51:33.000Z","volume":1000,"price":7.02,"category":"rbull"},{"type":"A","date":"2018-03-13T05:49:32.000Z","volume":1000,"price":6.98,"category":"rbull"},{"type":"A","date":"2018-03-13T05:49:32.000Z","volume":1000,"price":6.98,"category":"rbull"},{"type":"A","date":"2018-03-13T05:49:15.000Z","volume":1000,"price":6.98,"category":"rbull"},{"type":"A","date":"2018-03-13T05:47:18.000Z","volume":1000,"price":6.98,"category":"rbull"},{"type":"A","date":"2018-03-13T05:38:17.000Z","volume":1000,"price":7.02,"category":"rbull"},{"type":"A","date":"2018-03-13T05:38:17.000Z","volume":1000,"price":7.02,"category":"rbull"},{"type":"A","date":"2018-03-13T05:38:17.000Z","volume":1000,"price":7.02,"category":"rbull"},{"type":"A","date":"2018-03-13T05:37:50.000Z","volume":1000,"price":7.05,"category":"rbull"},{"type":"A","date":"2018-03-13T05:37:50.000Z","volume":1000,"price":7.03,"category":"rbull"},{"type":"A","date":"2018-03-13T05:37:27.000Z","volume":1000,"price":7.01,"category":"rbull"},{"type":"A","date":"2018-03-13T05:36:58.000Z","volume":1000,"price":7,"category":"rbull"},{"type":"A","date":"2018-03-13T05:35:51.000Z","volume":1000,"price":6.99,"category":"rbull"},{"type":"A","date":"2018-03-13T05:35:43.000Z","volume":1000,"price":6.99,"category":"rbull"},{"type":"A","date":"2018-03-13T05:35:24.000Z","volume":1000,"price":6.98,"category":"rbull"},{"type":"A","date":"2018-03-13T05:34:44.000Z","volume":1000,"price":6.98,"category":"rbull"},{"type":"A","date":"2018-03-13T05:32:47.000Z","volume":1000,"price":6.95,"category":"rbull"},{"type":"A","date":"2018-03-13T05:32:47.000Z","volume":1000,"price":6.95,"category":"rbull"},{"type":"A","date":"2018-03-13T05:32:43.000Z","volume":1000,"price":6.95,"category":"rbull"},{"type":"A","date":"2018-03-13T05:29:02.000Z","volume":1000,"price":6.95,"category":"rbull"},{"type":"A","date":"2018-03-13T05:26:24.000Z","volume":1000,"price":6.94,"category":"rbull"},{"type":"A","date":"2018-03-13T05:16:32.000Z","volume":1000,"price":6.94,"category":"rbull"},{"type":"A","date":"2018-03-13T05:14:46.000Z","volume":1000,"price":6.94,"category":"rbull"},{"type":"A","date":"2018-03-13T05:07:47.000Z","volume":1000,"price":6.96,"category":"rbull"},{"type":"A","date":"2018-03-13T05:07:47.000Z","volume":1000,"price":6.96,"category":"rbull"},{"type":"A","date":"2018-03-13T05:07:15.000Z","volume":1000,"price":6.96,"category":"rbull"},{"type":"A","date":"2018-03-13T05:03:56.000Z","volume":1000,"price":6.96,"category":"rbull"},{"type":"A","date":"2018-03-13T05:01:47.000Z","volume":1000,"price":6.95,"category":"rbull"},{"type":"A","date":"2018-03-13T05:01:47.000Z","volume":1000,"price":6.95,"category":"rbull"},{"type":"A","date":"2018-03-13T05:01:41.000Z","volume":1000,"price":6.95,"category":"rbull"},{"type":"A","date":"2018-03-13T05:00:12.000Z","volume":1000,"price":6.95,"category":"rbull"},{"type":"A","date":"2018-03-13T05:00:11.000Z","volume":1000,"price":6.95,"category":"rbull"},{"type":"A","date":"2018-03-13T05:00:05.000Z","volume":1000,"price":6.95,"category":"rbull"},{"type":"A","date":"2018-03-13T03:59:25.000Z","volume":1000,"price":6.95,"category":"rbull"},{"type":"A","date":"2018-03-13T03:53:50.000Z","volume":1000,"price":6.99,"category":"rbull"},{"type":"A","date":"2018-03-13T03:50:42.000Z","volume":1000,"price":6.92,"category":"rbull"},{"type":"A","date":"2018-03-13T03:47:42.000Z","volume":1000,"price":6.91,"category":"rbull"},{"type":"A","date":"2018-03-13T03:43:00.000Z","volume":1000,"price":6.91,"category":"rbull"},{"type":"A","date":"2018-03-13T03:41:45.000Z","volume":1000,"price":6.89,"category":"rbull"},{"type":"A","date":"2018-03-13T03:35:04.000Z","volume":1000,"price":6.89,"category":"rbull"},{"type":"A","date":"2018-03-13T03:33:52.000Z","volume":1000,"price":6.86,"category":"rbull"},{"type":"A","date":"2018-03-13T03:30:11.000Z","volume":1000,"price":6.9,"category":"rbull"},{"type":"A","date":"2018-03-13T03:29:49.000Z","volume":1000,"price":6.89,"category":"rbull"},{"type":"A","date":"2018-03-13T03:28:58.000Z","volume":1000,"price":6.89,"category":"rbull"},{"type":"A","date":"2018-03-13T03:26:22.000Z","volume":1000,"price":6.89,"category":"rbull"},{"type":"A","date":"2018-03-13T03:21:23.000Z","volume":1000,"price":6.89,"category":"rbull"},{"type":"A","date":"2018-03-13T03:18:54.000Z","volume":1000,"price":6.88,"category":"rbull"},{"type":"A","date":"2018-03-13T03:17:49.000Z","volume":1000,"price":6.86,"category":"rbull"},{"type":"A","date":"2018-03-13T03:17:19.000Z","volume":1000,"price":6.88,"category":"rbull"},{"type":"A","date":"2018-03-13T03:15:56.000Z","volume":1000,"price":6.86,"category":"rbull"},{"type":"A","date":"2018-03-13T03:09:50.000Z","volume":1000,"price":6.87,"category":"rbull"},{"type":"A","date":"2018-03-13T03:06:36.000Z","volume":1000,"price":6.87,"category":"rbull"},{"type":"A","date":"2018-03-13T03:04:47.000Z","volume":1000,"price":6.88,"category":"rbull"},{"type":"A","date":"2018-03-13T03:00:21.000Z","volume":1000,"price":6.91,"category":"rbull"},{"type":"A","date":"2018-03-13T02:57:56.000Z","volume":1000,"price":6.89,"category":"rbull"},{"type":"A","date":"2018-03-13T02:56:44.000Z","volume":1000,"price":6.87,"category":"rbull"},{"type":"A","date":"2018-03-13T02:56:04.000Z","volume":1000,"price":6.86,"category":"rbull"},{"type":"A","date":"2018-03-13T02:56:04.000Z","volume":1000,"price":6.86,"category":"rbull"},{"type":"A","date":"2018-03-13T02:51:57.000Z","volume":1000,"price":6.86,"category":"rbull"},{"type":"A","date":"2018-03-13T02:51:27.000Z","volume":1000,"price":6.89,"category":"rbull"},{"type":"A","date":"2018-03-13T02:51:02.000Z","volume":1000,"price":6.88,"category":"rbull"},{"type":"A","date":"2018-03-13T02:48:39.000Z","volume":1000,"price":6.85,"category":"rbull"},{"type":"A","date":"2018-03-13T02:48:07.000Z","volume":1000,"price":6.85,"category":"rbull"},{"type":"A","date":"2018-03-13T02:48:06.000Z","volume":1000,"price":6.85,"category":"rbull"},{"type":"A","date":"2018-03-13T02:48:04.000Z","volume":1000,"price":6.85,"category":"rbull"},{"type":"A","date":"2018-03-13T02:48:04.000Z","volume":1000,"price":6.85,"category":"rbull"},{"type":"A","date":"2018-03-13T02:47:17.000Z","volume":1000,"price":6.85,"category":"rbull"},{"type":"A","date":"2018-03-13T02:45:18.000Z","volume":1000,"price":6.9,"category":"rbull"},{"type":"A","date":"2018-03-13T02:42:47.000Z","volume":1000,"price":6.91,"category":"rbull"},{"type":"A","date":"2018-03-13T02:40:29.000Z","volume":1000,"price":6.91,"category":"rbull"},{"type":"A","date":"2018-03-13T02:39:32.000Z","volume":1000,"price":6.91,"category":"rbull"},{"type":"A","date":"2018-03-13T02:36:20.000Z","volume":1000,"price":6.94,"category":"rbull"},{"type":"A","date":"2018-03-13T02:36:20.000Z","volume":1000,"price":6.93,"category":"rbull"},{"type":"A","date":"2018-03-13T02:36:20.000Z","volume":1000,"price":6.92,"category":"rbull"},{"type":"A","date":"2018-03-13T02:35:39.000Z","volume":1000,"price":6.91,"category":"rbull"},{"type":"A","date":"2018-03-13T02:33:36.000Z","volume":1000,"price":6.91,"category":"rbull"},{"type":"A","date":"2018-03-13T02:29:01.000Z","volume":1000,"price":6.96,"category":"rbull"},{"type":"A","date":"2018-03-13T02:28:47.000Z","volume":1000,"price":6.96,"category":"rbull"},{"type":"A","date":"2018-03-13T02:28:47.000Z","volume":1000,"price":6.96,"category":"rbull"},{"type":"A","date":"2018-03-13T02:28:47.000Z","volume":1000,"price":6.96,"category":"rbull"},{"type":"A","date":"2018-03-13T02:28:47.000Z","volume":1000,"price":6.96,"category":"rbull"},{"type":"A","date":"2018-03-13T02:27:58.000Z","volume":1000,"price":6.94,"category":"rbull"},{"type":"A","date":"2018-03-13T02:27:58.000Z","volume":1000,"price":6.94,"category":"rbull"},{"type":"A","date":"2018-03-13T02:27:58.000Z","volume":1000,"price":6.94,"category":"rbull"},{"type":"A","date":"2018-03-13T02:27:58.000Z","volume":1000,"price":6.94,"category":"rbull"},{"type":"A","date":"2018-03-13T02:27:58.000Z","volume":1000,"price":6.94,"category":"rbull"},{"type":"A","date":"2018-03-13T02:26:23.000Z","volume":1000,"price":6.93,"category":"rbull"},{"type":"A","date":"2018-03-13T02:25:20.000Z","volume":1000,"price":6.93,"category":"rbull"},{"type":"A","date":"2018-03-13T02:25:20.000Z","volume":1000,"price":6.93,"category":"rbull"},{"type":"A","date":"2018-03-13T02:24:15.000Z","volume":1000,"price":6.93,"category":"rbull"},{"type":"A","date":"2018-03-13T02:22:21.000Z","volume":1000,"price":6.91,"category":"rbull"},{"type":"A","date":"2018-03-13T02:22:09.000Z","volume":1000,"price":6.91,"category":"rbull"},{"type":"A","date":"2018-03-13T02:21:46.000Z","volume":1000,"price":6.94,"category":"rbull"},{"type":"A","date":"2018-03-13T02:20:06.000Z","volume":1000,"price":6.91,"category":"rbull"},{"type":"A","date":"2018-03-13T02:18:32.000Z","volume":1000,"price":6.91,"category":"rbull"},{"type":"A","date":"2018-03-13T02:16:33.000Z","volume":1000,"price":6.94,"category":"rbull"},{"type":"A","date":"2018-03-13T02:16:32.000Z","volume":1000,"price":6.93,"category":"rbull"},{"type":"A","date":"2018-03-13T02:15:32.000Z","volume":1000,"price":6.91,"category":"rbull"},{"type":"A","date":"2018-03-13T02:15:16.000Z","volume":1000,"price":6.91,"category":"rbull"},{"type":"A","date":"2018-03-13T02:13:47.000Z","volume":1000,"price":6.97,"category":"rbull"},{"type":"A","date":"2018-03-13T02:12:49.000Z","volume":1000,"price":6.95,"category":"rbull"},{"type":"A","date":"2018-03-13T02:12:47.000Z","volume":1000,"price":6.95,"category":"rbull"},{"type":"A","date":"2018-03-13T02:12:17.000Z","volume":1000,"price":6.95,"category":"rbull"},{"type":"A","date":"2018-03-13T02:12:17.000Z","volume":1000,"price":6.95,"category":"rbull"},{"type":"A","date":"2018-03-13T02:11:34.000Z","volume":1000,"price":6.94,"category":"rbull"},{"type":"A","date":"2018-03-13T02:11:32.000Z","volume":1000,"price":6.94,"category":"rbull"},{"type":"A","date":"2018-03-13T02:09:35.000Z","volume":1000,"price":6.93,"category":"rbull"},{"type":"A","date":"2018-03-13T02:07:33.000Z","volume":1000,"price":6.94,"category":"rbull"},{"type":"A","date":"2018-03-13T02:06:55.000Z","volume":1000,"price":6.91,"category":"rbull"},{"type":"A","date":"2018-03-13T02:06:47.000Z","volume":1000,"price":6.91,"category":"rbull"},{"type":"A","date":"2018-03-13T02:06:45.000Z","volume":1000,"price":6.91,"category":"rbull"},{"type":"A","date":"2018-03-13T02:04:17.000Z","volume":1000,"price":6.91,"category":"rbull"},{"type":"A","date":"2018-03-13T02:02:57.000Z","volume":1000,"price":6.95,"category":"rbull"},{"type":"A","date":"2018-03-13T02:02:57.000Z","volume":1000,"price":6.95,"category":"rbull"},{"type":"A","date":"2018-03-13T02:02:57.000Z","volume":1000,"price":6.95,"category":"rbull"},{"type":"A","date":"2018-03-13T02:02:57.000Z","volume":1000,"price":6.95,"category":"rbull"},{"type":"A","date":"2018-03-13T02:02:57.000Z","volume":1000,"price":6.95,"category":"rbull"},{"type":"A","date":"2018-03-13T02:02:57.000Z","volume":1000,"price":6.95,"category":"rbull"},{"type":"A","date":"2018-03-13T02:02:52.000Z","volume":1000,"price":6.91,"category":"rbull"},{"type":"A","date":"2018-03-13T02:00:17.000Z","volume":1000,"price":6.91,"category":"rbull"},{"type":"A","date":"2018-03-13T01:59:33.000Z","volume":1000,"price":6.94,"category":"rbull"},{"type":"A","date":"2018-03-13T01:59:32.000Z","volume":1000,"price":6.94,"category":"rbull"},{"type":"A","date":"2018-03-13T01:59:22.000Z","volume":1000,"price":6.94,"category":"rbull"},{"type":"A","date":"2018-03-13T01:58:46.000Z","volume":1000,"price":6.92,"category":"rbull"},{"type":"A","date":"2018-03-13T01:58:45.000Z","volume":1000,"price":6.92,"category":"rbull"},{"type":"A","date":"2018-03-13T01:58:28.000Z","volume":1000,"price":6.92,"category":"rbull"},{"type":"A","date":"2018-03-13T01:58:27.000Z","volume":1000,"price":6.92,"category":"rbull"},{"type":"A","date":"2018-03-13T01:57:31.000Z","volume":1000,"price":6.93,"category":"rbull"},{"type":"A","date":"2018-03-13T01:57:24.000Z","volume":1000,"price":6.94,"category":"rbull"},{"type":"A","date":"2018-03-13T01:57:11.000Z","volume":1000,"price":6.92,"category":"rbull"},{"type":"A","date":"2018-03-13T01:56:26.000Z","volume":1000,"price":6.92,"category":"rbull"},{"type":"A","date":"2018-03-13T01:55:32.000Z","volume":1000,"price":6.9,"category":"rbull"},{"type":"A","date":"2018-03-13T01:55:31.000Z","volume":1000,"price":6.9,"category":"rbull"},{"type":"A","date":"2018-03-13T01:55:15.000Z","volume":1000,"price":6.94,"category":"rbull"},{"type":"A","date":"2018-03-13T01:53:45.000Z","volume":1000,"price":6.94,"category":"rbull"},{"type":"A","date":"2018-03-13T01:53:23.000Z","volume":1000,"price":6.95,"category":"rbull"},{"type":"A","date":"2018-03-13T01:51:57.000Z","volume":1000,"price":6.96,"category":"rbull"},{"type":"A","date":"2018-03-13T01:51:57.000Z","volume":1000,"price":6.96,"category":"rbull"},{"type":"A","date":"2018-03-13T01:49:19.000Z","volume":1000,"price":6.97,"category":"rbull"},{"type":"A","date":"2018-03-13T01:48:39.000Z","volume":1000,"price":6.95,"category":"rbull"},{"type":"A","date":"2018-03-13T01:48:07.000Z","volume":1000,"price":6.95,"category":"rbull"},{"type":"A","date":"2018-03-13T01:48:05.000Z","volume":1000,"price":6.95,"category":"rbull"},{"type":"A","date":"2018-03-13T01:47:57.000Z","volume":1000,"price":6.94,"category":"rbull"},{"type":"A","date":"2018-03-13T01:46:51.000Z","volume":1000,"price":6.94,"category":"rbull"},{"type":"A","date":"2018-03-13T01:45:38.000Z","volume":1000,"price":6.94,"category":"rbull"},{"type":"A","date":"2018-03-13T01:44:20.000Z","volume":1000,"price":6.93,"category":"rbull"},{"type":"A","date":"2018-03-13T01:44:20.000Z","volume":1000,"price":6.92,"category":"rbull"},{"type":"A","date":"2018-03-13T01:44:20.000Z","volume":1000,"price":6.92,"category":"rbull"},{"type":"A","date":"2018-03-13T01:44:20.000Z","volume":1000,"price":6.91,"category":"rbull"},{"type":"A","date":"2018-03-13T01:43:00.000Z","volume":1000,"price":6.9,"category":"rbull"},{"type":"A","date":"2018-03-13T01:42:54.000Z","volume":1000,"price":6.9,"category":"rbull"},{"type":"A","date":"2018-03-13T01:42:41.000Z","volume":1000,"price":6.9,"category":"rbull"},{"type":"A","date":"2018-03-13T01:42:37.000Z","volume":1000,"price":6.9,"category":"rbull"},{"type":"A","date":"2018-03-13T01:41:45.000Z","volume":1000,"price":6.9,"category":"rbull"},{"type":"A","date":"2018-03-13T01:40:54.000Z","volume":1000,"price":6.89,"category":"rbull"},{"type":"A","date":"2018-03-13T01:40:44.000Z","volume":1000,"price":6.89,"category":"rbull"},{"type":"A","date":"2018-03-13T01:40:43.000Z","volume":1000,"price":6.89,"category":"rbull"},{"type":"A","date":"2018-03-13T01:37:58.000Z","volume":1000,"price":6.9,"category":"rbull"},{"type":"A","date":"2018-03-13T01:35:57.000Z","volume":1000,"price":6.89,"category":"rbull"},{"type":"A","date":"2018-03-13T01:35:17.000Z","volume":1000,"price":6.88,"category":"rbull"},{"type":"A","date":"2018-03-13T01:33:27.000Z","volume":1000,"price":6.91,"category":"rbull"},{"type":"A","date":"2018-03-13T01:32:46.000Z","volume":1000,"price":6.92,"category":"rbull"},{"type":"A","date":"2018-03-13T01:31:51.000Z","volume":1000,"price":6.94,"category":"rbull"},{"type":"A","date":"2018-03-13T01:31:03.000Z","volume":1000,"price":6.95,"category":"rbull"},{"type":"B","date":"2018-03-13T07:59:58.000Z","volume":1000,"price":7.02,"category":"rbear"},{"type":"B","date":"2018-03-13T07:59:30.000Z","volume":1000,"price":7.02,"category":"rbear"},{"type":"B","date":"2018-03-13T07:57:14.000Z","volume":1000,"price":7.03,"category":"rbear"},{"type":"B","date":"2018-03-13T07:54:08.000Z","volume":1000,"price":7.02,"category":"rbear"},{"type":"B","date":"2018-03-13T07:53:00.000Z","volume":1000,"price":7.03,"category":"rbear"},{"type":"B","date":"2018-03-13T07:53:00.000Z","volume":1000,"price":7.04,"category":"rbear"},{"type":"B","date":"2018-03-13T07:44:03.000Z","volume":1000,"price":7.02,"category":"rbear"},{"type":"B","date":"2018-03-13T07:22:47.000Z","volume":1000,"price":6.99,"category":"rbear"},{"type":"B","date":"2018-03-13T06:50:01.000Z","volume":1000,"price":6.99,"category":"rbear"},{"type":"B","date":"2018-03-13T06:41:16.000Z","volume":1000,"price":7,"category":"rbear"},{"type":"B","date":"2018-03-13T06:40:55.000Z","volume":1000,"price":7,"category":"rbear"},{"type":"B","date":"2018-03-13T06:33:12.000Z","volume":1000,"price":7.02,"category":"rbear"},{"type":"B","date":"2018-03-13T06:26:52.000Z","volume":1000,"price":7,"category":"rbear"},{"type":"B","date":"2018-03-13T06:24:35.000Z","volume":1000,"price":7,"category":"rbear"},{"type":"B","date":"2018-03-13T06:23:38.000Z","volume":1000,"price":7,"category":"rbear"},{"type":"B","date":"2018-03-13T06:22:53.000Z","volume":1000,"price":7,"category":"rbear"},{"type":"B","date":"2018-03-13T06:21:27.000Z","volume":1000,"price":7,"category":"rbear"},{"type":"B","date":"2018-03-13T05:52:52.000Z","volume":1000,"price":7,"category":"rbear"},{"type":"B","date":"2018-03-13T05:52:07.000Z","volume":1000,"price":7,"category":"rbear"},{"type":"B","date":"2018-03-13T05:39:12.000Z","volume":1000,"price":6.98,"category":"rbear"},{"type":"B","date":"2018-03-13T05:39:11.000Z","volume":1000,"price":6.99,"category":"rbear"},{"type":"B","date":"2018-03-13T05:39:10.000Z","volume":1000,"price":6.99,"category":"rbear"},{"type":"B","date":"2018-03-13T05:38:52.000Z","volume":1000,"price":7,"category":"rbear"},{"type":"B","date":"2018-03-13T05:38:48.000Z","volume":1000,"price":7,"category":"rbear"},{"type":"B","date":"2018-03-13T05:37:38.000Z","volume":1000,"price":7.01,"category":"rbear"},{"type":"B","date":"2018-03-13T05:19:12.000Z","volume":1000,"price":6.95,"category":"rbear"},{"type":"B","date":"2018-03-13T05:19:01.000Z","volume":1000,"price":6.95,"category":"rbear"},{"type":"B","date":"2018-03-13T03:58:08.000Z","volume":1000,"price":6.95,"category":"rbear"},{"type":"B","date":"2018-03-13T03:53:20.000Z","volume":1000,"price":6.97,"category":"rbear"},{"type":"B","date":"2018-03-13T03:52:31.000Z","volume":1000,"price":6.98,"category":"rbear"},{"type":"B","date":"2018-03-13T03:50:56.000Z","volume":1000,"price":6.92,"category":"rbear"},{"type":"B","date":"2018-03-13T03:43:30.000Z","volume":1000,"price":6.9,"category":"rbear"},{"type":"B","date":"2018-03-13T03:37:49.000Z","volume":1000,"price":6.88,"category":"rbear"},{"type":"B","date":"2018-03-13T03:28:28.000Z","volume":1000,"price":6.86,"category":"rbear"},{"type":"B","date":"2018-03-13T03:20:01.000Z","volume":1000,"price":6.88,"category":"rbear"},{"type":"B","date":"2018-03-13T03:14:51.000Z","volume":1000,"price":6.88,"category":"rbear"},{"type":"B","date":"2018-03-13T03:10:39.000Z","volume":1000,"price":6.89,"category":"rbear"},{"type":"B","date":"2018-03-13T03:05:57.000Z","volume":1000,"price":6.86,"category":"rbear"},{"type":"B","date":"2018-03-13T03:00:30.000Z","volume":1000,"price":6.9,"category":"rbear"},{"type":"B","date":"2018-03-13T03:00:27.000Z","volume":1000,"price":6.9,"category":"rbear"},{"type":"B","date":"2018-03-13T02:51:29.000Z","volume":1000,"price":6.88,"category":"rbear"},{"type":"B","date":"2018-03-13T02:51:02.000Z","volume":1000,"price":6.88,"category":"rbear"},{"type":"B","date":"2018-03-13T02:45:30.000Z","volume":1000,"price":6.89,"category":"rbear"},{"type":"B","date":"2018-03-13T02:45:30.000Z","volume":1000,"price":6.89,"category":"rbear"},{"type":"B","date":"2018-03-13T02:45:17.000Z","volume":1000,"price":6.89,"category":"rbear"},{"type":"B","date":"2018-03-13T02:30:56.000Z","volume":1000,"price":6.91,"category":"rbear"},{"type":"B","date":"2018-03-13T02:29:49.000Z","volume":1000,"price":6.92,"category":"rbear"},{"type":"B","date":"2018-03-13T02:27:54.000Z","volume":1000,"price":6.92,"category":"rbear"},{"type":"B","date":"2018-03-13T02:20:13.000Z","volume":1000,"price":6.92,"category":"rbear"},{"type":"B","date":"2018-03-13T02:15:11.000Z","volume":1000,"price":6.92,"category":"rbear"},{"type":"B","date":"2018-03-13T02:14:12.000Z","volume":1000,"price":6.95,"category":"rbear"},{"type":"B","date":"2018-03-13T02:02:52.000Z","volume":1000,"price":6.91,"category":"rbear"},{"type":"B","date":"2018-03-13T01:57:59.000Z","volume":1000,"price":6.92,"category":"rbear"},{"type":"B","date":"2018-03-13T01:57:34.000Z","volume":1000,"price":6.92,"category":"rbear"},{"type":"B","date":"2018-03-13T01:54:58.000Z","volume":1000,"price":6.91,"category":"rbear"},{"type":"B","date":"2018-03-13T01:53:22.000Z","volume":1000,"price":6.92,"category":"rbear"},{"type":"B","date":"2018-03-13T01:51:47.000Z","volume":1000,"price":6.95,"category":"rbear"},{"type":"B","date":"2018-03-13T01:51:40.000Z","volume":1000,"price":6.96,"category":"rbear"},{"type":"B","date":"2018-03-13T01:51:35.000Z","volume":1000,"price":6.96,"category":"rbear"},{"type":"B","date":"2018-03-13T01:51:33.000Z","volume":1000,"price":6.96,"category":"rbear"},{"type":"B","date":"2018-03-13T01:51:10.000Z","volume":1000,"price":6.96,"category":"rbear"},{"type":"B","date":"2018-03-13T01:44:37.000Z","volume":1000,"price":6.93,"category":"rbear"},{"type":"B","date":"2018-03-13T01:44:20.000Z","volume":1000,"price":6.93,"category":"rbear"},{"type":"B","date":"2018-03-13T01:42:41.000Z","volume":1000,"price":6.89,"category":"rbear"},{"type":"B","date":"2018-03-13T01:34:23.000Z","volume":1000,"price":6.89,"category":"rbear"},{"type":"B","date":"2018-03-13T01:34:09.000Z","volume":1000,"price":6.89,"category":"rbear"},{"type":"B","date":"2018-03-13T01:34:09.000Z","volume":1000,"price":6.9,"category":"rbear"},{"type":"B","date":"2018-03-13T01:33:21.000Z","volume":1000,"price":6.91,"category":"rbear"},{"type":"B","date":"2018-03-13T01:32:27.000Z","volume":1000,"price":6.92,"category":"rbear"},{"type":"B","date":"2018-03-13T01:32:04.000Z","volume":1000,"price":6.93,"category":"rbear"},{"type":"B","date":"2018-03-13T01:31:44.000Z","volume":1000,"price":6.94,"category":"rbear"},{"type":"B","date":"2018-03-13T06:33:48.000Z","volume":16000,"price":7,"category":"bbear"},{"type":"B","date":"2018-03-13T06:24:09.000Z","volume":13000,"price":6.99,"category":"bbear"},{"type":"B","date":"2018-03-13T06:09:04.000Z","volume":13000,"price":7,"category":"bbear"},{"type":"B","date":"2018-03-13T05:52:02.000Z","volume":19000,"price":7.01,"category":"bbear"},{"type":"B","date":"2018-03-13T05:18:00.000Z","volume":21000,"price":6.97,"category":"bbear"},{"type":"B","date":"2018-03-13T03:45:52.000Z","volume":13000,"price":6.89,"category":"bbear"},{"type":"B","date":"2018-03-13T03:34:20.000Z","volume":12000,"price":6.86,"category":"bbear"},{"type":"B","date":"2018-03-13T03:33:24.000Z","volume":16000,"price":6.86,"category":"bbear"},{"type":"B","date":"2018-03-13T03:32:40.000Z","volume":12000,"price":6.86,"category":"bbear"},{"type":"B","date":"2018-03-13T03:31:14.000Z","volume":25000,"price":6.89,"category":"bbear"},{"type":"B","date":"2018-03-13T03:25:00.000Z","volume":14000,"price":6.86,"category":"bbear"},{"type":"B","date":"2018-03-13T03:20:24.000Z","volume":12000,"price":6.87,"category":"bbear"},{"type":"B","date":"2018-03-13T03:13:53.000Z","volume":15000,"price":6.89,"category":"bbear"},{"type":"B","date":"2018-03-13T03:13:35.000Z","volume":15000,"price":6.89,"category":"bbear"},{"type":"B","date":"2018-03-13T02:50:24.000Z","volume":15000,"price":6.86,"category":"bbear"},{"type":"B","date":"2018-03-13T02:47:03.000Z","volume":20000,"price":6.84,"category":"bbear"},{"type":"B","date":"2018-03-13T02:45:43.000Z","volume":12000,"price":6.87,"category":"bbear"},{"type":"B","date":"2018-03-13T02:45:17.000Z","volume":19000,"price":6.89,"category":"bbear"},{"type":"B","date":"2018-03-13T02:31:34.000Z","volume":20000,"price":6.91,"category":"bbear"},{"type":"B","date":"2018-03-13T02:29:49.000Z","volume":12000,"price":6.91,"category":"bbear"},{"type":"B","date":"2018-03-13T02:28:38.000Z","volume":18000,"price":6.94,"category":"bbear"},{"type":"B","date":"2018-03-13T02:21:52.000Z","volume":13000,"price":6.92,"category":"bbear"},{"type":"B","date":"2018-03-13T01:59:39.000Z","volume":22000,"price":6.91,"category":"bbear"},{"type":"B","date":"2018-03-13T01:59:38.000Z","volume":26000,"price":6.92,"category":"bbear"},{"type":"B","date":"2018-03-13T01:55:15.000Z","volume":12000,"price":6.9,"category":"bbear"},{"type":"B","date":"2018-03-13T01:54:57.000Z","volume":13000,"price":6.9,"category":"bbear"},{"type":"B","date":"2018-03-13T01:54:12.000Z","volume":19000,"price":6.9,"category":"bbear"},{"type":"B","date":"2018-03-13T01:53:22.000Z","volume":14000,"price":6.9,"category":"bbear"},{"type":"B","date":"2018-03-13T06:15:41.000Z","volume":39000,"price":7,"category":"ubbear"},{"type":"B","date":"2018-03-13T05:38:48.000Z","volume":52000,"price":7,"category":"ubbear"},{"type":"B","date":"2018-03-13T05:18:00.000Z","volume":42000,"price":6.95,"category":"ubbear"},{"type":"B","date":"2018-03-13T03:53:22.000Z","volume":61000,"price":6.95,"category":"ubbear"},{"type":"B","date":"2018-03-13T03:20:49.000Z","volume":89000,"price":6.86,"category":"ubbear"},{"type":"B","date":"2018-03-13T03:20:32.000Z","volume":89000,"price":6.86,"category":"ubbear"},{"type":"B","date":"2018-03-13T03:20:24.000Z","volume":67000,"price":6.86,"category":"ubbear"},{"type":"B","date":"2018-03-13T03:20:07.000Z","volume":69000,"price":6.86,"category":"ubbear"},{"type":"B","date":"2018-03-13T03:17:36.000Z","volume":30000,"price":6.86,"category":"ubbear"},{"type":"B","date":"2018-03-13T02:46:18.000Z","volume":57000,"price":6.85,"category":"ubbear"},{"type":"B","date":"2018-03-13T02:46:18.000Z","volume":49000,"price":6.85,"category":"ubbear"},{"type":"B","date":"2018-03-13T02:44:51.000Z","volume":230000,"price":6.9,"category":"ubbear"},{"type":"B","date":"2018-03-13T02:18:22.000Z","volume":30000,"price":6.91,"category":"ubbear"},{"type":"B","date":"2018-03-13T02:04:13.000Z","volume":44000,"price":6.91,"category":"ubbear"},{"type":"B","date":"2018-03-13T02:02:54.000Z","volume":49000,"price":6.94,"category":"ubbear"},{"type":"B","date":"2018-03-13T01:53:40.000Z","volume":38000,"price":6.9,"category":"ubbear"},{"type":"B","date":"2018-03-13T01:52:58.000Z","volume":41000,"price":6.91,"category":"ubbear"}]