[{"type":"A","date":"2018-03-15T07:41:42.000Z","volume":3200,"price":24.55,"category":"ubbull"},{"type":"A","date":"2018-03-15T07:41:42.000Z","volume":9300,"price":24.55,"category":"ubbull"},{"type":"A","date":"2018-03-15T07:29:46.000Z","volume":3000,"price":24.45,"category":"ubbull"},{"type":"A","date":"2018-03-15T03:03:12.000Z","volume":3600,"price":24.55,"category":"ubbull"},{"type":"A","date":"2018-03-15T02:34:35.000Z","volume":8600,"price":24.6,"category":"ubbull"},{"type":"A","date":"2018-03-15T02:34:25.000Z","volume":4200,"price":24.55,"category":"ubbull"},{"type":"A","date":"2018-03-15T01:37:00.000Z","volume":3900,"price":24.45,"category":"ubbull"},{"type":"A","date":"2018-03-15T07:56:40.000Z","volume":2700,"price":24.55,"category":"bbull"},{"type":"A","date":"2018-03-15T07:53:09.000Z","volume":2200,"price":24.6,"category":"bbull"},{"type":"A","date":"2018-03-15T07:51:50.000Z","volume":2300,"price":24.6,"category":"bbull"},{"type":"A","date":"2018-03-15T07:50:23.000Z","volume":2400,"price":24.6,"category":"bbull"},{"type":"A","date":"2018-03-15T07:49:29.000Z","volume":2200,"price":24.6,"category":"bbull"},{"type":"A","date":"2018-03-15T07:43:23.000Z","volume":1300,"price":24.55,"category":"bbull"},{"type":"A","date":"2018-03-15T07:43:06.000Z","volume":1600,"price":24.55,"category":"bbull"},{"type":"A","date":"2018-03-15T07:42:38.000Z","volume":1900,"price":24.55,"category":"bbull"},{"type":"A","date":"2018-03-15T07:36:15.000Z","volume":1500,"price":24.5,"category":"bbull"},{"type":"A","date":"2018-03-15T07:36:11.000Z","volume":1600,"price":24.5,"category":"bbull"},{"type":"A","date":"2018-03-15T07:32:21.000Z","volume":2900,"price":24.45,"category":"bbull"},{"type":"A","date":"2018-03-15T07:25:19.000Z","volume":2600,"price":24.4,"category":"bbull"},{"type":"A","date":"2018-03-15T05:26:56.000Z","volume":1200,"price":24.45,"category":"bbull"},{"type":"A","date":"2018-03-15T02:59:47.000Z","volume":1200,"price":24.55,"category":"bbull"},{"type":"A","date":"2018-03-15T02:05:35.000Z","volume":1600,"price":24.55,"category":"bbull"},{"type":"A","date":"2018-03-15T02:05:07.000Z","volume":2200,"price":24.5,"category":"bbull"},{"type":"A","date":"2018-03-15T01:56:16.000Z","volume":1500,"price":24.4,"category":"bbull"},{"type":"A","date":"2018-03-15T01:54:51.000Z","volume":2900,"price":24.35,"category":"bbull"},{"type":"A","date":"2018-03-15T01:45:19.000Z","volume":1500,"price":24.4,"category":"bbull"},{"type":"A","date":"2018-03-15T01:30:07.000Z","volume":2000,"price":24.45,"category":"bbull"},{"type":"A","date":"2018-03-15T07:59:30.000Z","volume":100,"price":24.6,"category":"rbull"},{"type":"A","date":"2018-03-15T07:59:30.000Z","volume":100,"price":24.6,"category":"rbull"},{"type":"A","date":"2018-03-15T07:58:33.000Z","volume":100,"price":24.6,"category":"rbull"},{"type":"A","date":"2018-03-15T07:57:47.000Z","volume":100,"price":24.6,"category":"rbull"},{"type":"A","date":"2018-03-15T07:53:51.000Z","volume":100,"price":24.55,"category":"rbull"},{"type":"A","date":"2018-03-15T07:52:31.000Z","volume":100,"price":24.6,"category":"rbull"},{"type":"A","date":"2018-03-15T07:50:23.000Z","volume":100,"price":24.6,"category":"rbull"},{"type":"A","date":"2018-03-15T07:46:13.000Z","volume":100,"price":24.55,"category":"rbull"},{"type":"A","date":"2018-03-15T07:46:06.000Z","volume":100,"price":24.55,"category":"rbull"},{"type":"A","date":"2018-03-15T07:32:07.000Z","volume":100,"price":24.45,"category":"rbull"},{"type":"A","date":"2018-03-15T07:20:23.000Z","volume":100,"price":24.4,"category":"rbull"},{"type":"A","date":"2018-03-15T07:15:20.000Z","volume":100,"price":24.4,"category":"rbull"},{"type":"A","date":"2018-03-15T07:00:27.000Z","volume":100,"price":24.4,"category":"rbull"},{"type":"A","date":"2018-03-15T06:10:21.000Z","volume":100,"price":24.5,"category":"rbull"},{"type":"A","date":"2018-03-15T06:05:22.000Z","volume":100,"price":24.5,"category":"rbull"},{"type":"A","date":"2018-03-15T06:05:22.000Z","volume":100,"price":24.5,"category":"rbull"},{"type":"A","date":"2018-03-15T05:49:41.000Z","volume":100,"price":24.5,"category":"rbull"},{"type":"A","date":"2018-03-15T05:23:05.000Z","volume":100,"price":24.45,"category":"rbull"},{"type":"A","date":"2018-03-15T03:58:51.000Z","volume":100,"price":24.5,"category":"rbull"},{"type":"A","date":"2018-03-15T03:52:00.000Z","volume":100,"price":24.5,"category":"rbull"},{"type":"A","date":"2018-03-15T03:40:37.000Z","volume":100,"price":24.55,"category":"rbull"},{"type":"A","date":"2018-03-15T03:33:52.000Z","volume":100,"price":24.6,"category":"rbull"},{"type":"A","date":"2018-03-15T03:31:14.000Z","volume":100,"price":24.6,"category":"rbull"},{"type":"A","date":"2018-03-15T03:31:08.000Z","volume":100,"price":24.6,"category":"rbull"},{"type":"A","date":"2018-03-15T03:24:21.000Z","volume":100,"price":24.6,"category":"rbull"},{"type":"A","date":"2018-03-15T03:22:30.000Z","volume":100,"price":24.6,"category":"rbull"},{"type":"A","date":"2018-03-15T03:20:12.000Z","volume":100,"price":24.6,"category":"rbull"},{"type":"A","date":"2018-03-15T03:19:07.000Z","volume":100,"price":24.6,"category":"rbull"},{"type":"A","date":"2018-03-15T03:15:21.000Z","volume":100,"price":24.6,"category":"rbull"},{"type":"A","date":"2018-03-15T03:14:17.000Z","volume":100,"price":24.6,"category":"rbull"},{"type":"A","date":"2018-03-15T03:08:47.000Z","volume":100,"price":24.6,"category":"rbull"},{"type":"A","date":"2018-03-15T03:06:50.000Z","volume":100,"price":24.6,"category":"rbull"},{"type":"A","date":"2018-03-15T03:01:06.000Z","volume":100,"price":24.55,"category":"rbull"},{"type":"A","date":"2018-03-15T02:56:37.000Z","volume":100,"price":24.5,"category":"rbull"},{"type":"A","date":"2018-03-15T02:56:37.000Z","volume":100,"price":24.5,"category":"rbull"},{"type":"A","date":"2018-03-15T02:56:29.000Z","volume":100,"price":24.5,"category":"rbull"},{"type":"A","date":"2018-03-15T02:52:35.000Z","volume":100,"price":24.55,"category":"rbull"},{"type":"A","date":"2018-03-15T02:49:03.000Z","volume":100,"price":24.55,"category":"rbull"},{"type":"A","date":"2018-03-15T02:43:07.000Z","volume":100,"price":24.6,"category":"rbull"},{"type":"A","date":"2018-03-15T02:42:49.000Z","volume":100,"price":24.6,"category":"rbull"},{"type":"A","date":"2018-03-15T01:42:34.000Z","volume":100,"price":24.5,"category":"rbull"},{"type":"A","date":"2018-03-15T01:39:33.000Z","volume":100,"price":24.5,"category":"rbull"},{"type":"A","date":"2018-03-15T01:37:02.000Z","volume":100,"price":24.5,"category":"rbull"},{"type":"B","date":"2018-03-15T07:59:22.000Z","volume":100,"price":24.5,"category":"rbear"},{"type":"B","date":"2018-03-15T07:59:14.000Z","volume":100,"price":24.5,"category":"rbear"},{"type":"B","date":"2018-03-15T07:59:05.000Z","volume":100,"price":24.5,"category":"rbear"},{"type":"B","date":"2018-03-15T07:59:01.000Z","volume":100,"price":24.5,"category":"rbear"},{"type":"B","date":"2018-03-15T07:59:01.000Z","volume":100,"price":24.5,"category":"rbear"},{"type":"B","date":"2018-03-15T07:55:46.000Z","volume":100,"price":24.5,"category":"rbear"},{"type":"B","date":"2018-03-15T07:52:16.000Z","volume":100,"price":24.55,"category":"rbear"},{"type":"B","date":"2018-03-15T07:49:14.000Z","volume":100,"price":24.55,"category":"rbear"},{"type":"B","date":"2018-03-15T07:45:33.000Z","volume":100,"price":24.5,"category":"rbear"},{"type":"B","date":"2018-03-15T07:38:00.000Z","volume":100,"price":24.5,"category":"rbear"},{"type":"B","date":"2018-03-15T07:30:26.000Z","volume":100,"price":24.35,"category":"rbear"},{"type":"B","date":"2018-03-15T07:22:53.000Z","volume":100,"price":24.35,"category":"rbear"},{"type":"B","date":"2018-03-15T07:21:43.000Z","volume":100,"price":24.35,"category":"rbear"},{"type":"B","date":"2018-03-15T07:15:19.000Z","volume":100,"price":24.35,"category":"rbear"},{"type":"B","date":"2018-03-15T07:07:46.000Z","volume":100,"price":24.35,"category":"rbear"},{"type":"B","date":"2018-03-15T06:59:42.000Z","volume":100,"price":24.35,"category":"rbear"},{"type":"B","date":"2018-03-15T06:53:49.000Z","volume":100,"price":24.35,"category":"rbear"},{"type":"B","date":"2018-03-15T06:52:08.000Z","volume":100,"price":24.35,"category":"rbear"},{"type":"B","date":"2018-03-15T06:46:11.000Z","volume":100,"price":24.35,"category":"rbear"},{"type":"B","date":"2018-03-15T06:44:35.000Z","volume":100,"price":24.35,"category":"rbear"},{"type":"B","date":"2018-03-15T06:41:33.000Z","volume":100,"price":24.35,"category":"rbear"},{"type":"B","date":"2018-03-15T06:37:11.000Z","volume":100,"price":24.35,"category":"rbear"},{"type":"B","date":"2018-03-15T06:37:01.000Z","volume":100,"price":24.35,"category":"rbear"},{"type":"B","date":"2018-03-15T06:36:41.000Z","volume":100,"price":24.35,"category":"rbear"},{"type":"B","date":"2018-03-15T06:29:28.000Z","volume":100,"price":24.35,"category":"rbear"},{"type":"B","date":"2018-03-15T06:26:45.000Z","volume":100,"price":24.35,"category":"rbear"},{"type":"B","date":"2018-03-15T06:21:55.000Z","volume":100,"price":24.35,"category":"rbear"},{"type":"B","date":"2018-03-15T06:17:25.000Z","volume":100,"price":24.4,"category":"rbear"},{"type":"B","date":"2018-03-15T06:14:21.000Z","volume":100,"price":24.35,"category":"rbear"},{"type":"B","date":"2018-03-15T06:09:39.000Z","volume":100,"price":24.4,"category":"rbear"},{"type":"B","date":"2018-03-15T06:08:50.000Z","volume":100,"price":24.4,"category":"rbear"},{"type":"B","date":"2018-03-15T06:07:47.000Z","volume":100,"price":24.4,"category":"rbear"},{"type":"B","date":"2018-03-15T06:01:02.000Z","volume":100,"price":24.35,"category":"rbear"},{"type":"B","date":"2018-03-15T05:59:39.000Z","volume":100,"price":24.35,"category":"rbear"},{"type":"B","date":"2018-03-15T05:51:46.000Z","volume":100,"price":24.35,"category":"rbear"},{"type":"B","date":"2018-03-15T05:29:02.000Z","volume":100,"price":24.4,"category":"rbear"},{"type":"B","date":"2018-03-15T05:03:44.000Z","volume":100,"price":24.45,"category":"rbear"},{"type":"B","date":"2018-03-15T05:03:44.000Z","volume":100,"price":24.45,"category":"rbear"},{"type":"B","date":"2018-03-15T05:02:13.000Z","volume":100,"price":24.45,"category":"rbear"},{"type":"B","date":"2018-03-15T05:01:06.000Z","volume":100,"price":24.45,"category":"rbear"},{"type":"B","date":"2018-03-15T03:50:58.000Z","volume":100,"price":24.5,"category":"rbear"},{"type":"B","date":"2018-03-15T03:47:41.000Z","volume":100,"price":24.5,"category":"rbear"},{"type":"B","date":"2018-03-15T03:22:28.000Z","volume":100,"price":24.55,"category":"rbear"},{"type":"B","date":"2018-03-15T03:20:11.000Z","volume":100,"price":24.55,"category":"rbear"},{"type":"B","date":"2018-03-15T03:20:10.000Z","volume":100,"price":24.55,"category":"rbear"},{"type":"B","date":"2018-03-15T03:10:57.000Z","volume":100,"price":24.5,"category":"rbear"},{"type":"B","date":"2018-03-15T02:52:27.000Z","volume":100,"price":24.5,"category":"rbear"},{"type":"B","date":"2018-03-15T02:49:38.000Z","volume":100,"price":24.5,"category":"rbear"},{"type":"B","date":"2018-03-15T02:46:22.000Z","volume":100,"price":24.55,"category":"rbear"},{"type":"B","date":"2018-03-15T02:24:15.000Z","volume":100,"price":24.5,"category":"rbear"},{"type":"B","date":"2018-03-15T02:07:54.000Z","volume":100,"price":24.55,"category":"rbear"},{"type":"B","date":"2018-03-15T01:46:06.000Z","volume":100,"price":24.3,"category":"rbear"},{"type":"B","date":"2018-03-15T01:39:35.000Z","volume":100,"price":24.45,"category":"rbear"},{"type":"B","date":"2018-03-15T01:37:35.000Z","volume":100,"price":24.45,"category":"rbear"},{"type":"B","date":"2018-03-15T01:33:24.000Z","volume":100,"price":24.3,"category":"rbear"},{"type":"B","date":"2018-03-15T01:32:05.000Z","volume":100,"price":24.3,"category":"rbear"},{"type":"B","date":"2018-03-15T07:56:49.000Z","volume":2000,"price":24.55,"category":"bbear"},{"type":"B","date":"2018-03-15T07:56:49.000Z","volume":1600,"price":24.55,"category":"bbear"},{"type":"B","date":"2018-03-15T07:25:59.000Z","volume":2100,"price":24.4,"category":"bbear"},{"type":"B","date":"2018-03-15T07:01:47.000Z","volume":1400,"price":24.35,"category":"bbear"},{"type":"B","date":"2018-03-15T06:31:52.000Z","volume":1400,"price":24.35,"category":"bbear"},{"type":"B","date":"2018-03-15T06:10:42.000Z","volume":1100,"price":24.4,"category":"bbear"},{"type":"B","date":"2018-03-15T05:31:15.000Z","volume":2100,"price":24.4,"category":"bbear"},{"type":"B","date":"2018-03-15T05:21:43.000Z","volume":1300,"price":24.4,"category":"bbear"},{"type":"B","date":"2018-03-15T05:21:12.000Z","volume":1500,"price":24.4,"category":"bbear"},{"type":"B","date":"2018-03-15T05:09:55.000Z","volume":1600,"price":24.4,"category":"bbear"},{"type":"B","date":"2018-03-15T05:03:43.000Z","volume":2600,"price":24.45,"category":"bbear"},{"type":"B","date":"2018-03-15T05:00:00.000Z","volume":1400,"price":24.5,"category":"bbear"},{"type":"B","date":"2018-03-15T03:47:32.000Z","volume":1400,"price":24.5,"category":"bbear"},{"type":"B","date":"2018-03-15T03:31:12.000Z","volume":1600,"price":24.5,"category":"bbear"},{"type":"B","date":"2018-03-15T03:00:51.000Z","volume":2000,"price":24.5,"category":"bbear"},{"type":"B","date":"2018-03-15T03:00:50.000Z","volume":1900,"price":24.5,"category":"bbear"},{"type":"B","date":"2018-03-15T03:00:49.000Z","volume":2300,"price":24.5,"category":"bbear"},{"type":"B","date":"2018-03-15T02:59:46.000Z","volume":2900,"price":24.5,"category":"bbear"},{"type":"B","date":"2018-03-15T02:50:02.000Z","volume":1600,"price":24.5,"category":"bbear"},{"type":"B","date":"2018-03-15T02:49:03.000Z","volume":2600,"price":24.5,"category":"bbear"},{"type":"B","date":"2018-03-15T02:40:53.000Z","volume":1100,"price":24.55,"category":"bbear"},{"type":"B","date":"2018-03-15T02:37:03.000Z","volume":1900,"price":24.5,"category":"bbear"},{"type":"B","date":"2018-03-15T02:36:44.000Z","volume":1300,"price":24.55,"category":"bbear"},{"type":"B","date":"2018-03-15T02:33:52.000Z","volume":2600,"price":24.5,"category":"bbear"},{"type":"B","date":"2018-03-15T02:32:31.000Z","volume":1400,"price":24.55,"category":"bbear"},{"type":"B","date":"2018-03-15T02:06:16.000Z","volume":1500,"price":24.6,"category":"bbear"},{"type":"B","date":"2018-03-15T01:54:02.000Z","volume":2200,"price":24.3,"category":"bbear"},{"type":"B","date":"2018-03-15T01:45:30.000Z","volume":2500,"price":24.4,"category":"bbear"},{"type":"B","date":"2018-03-15T01:30:54.000Z","volume":2400,"price":24.5,"category":"bbear"},{"type":"B","date":"2018-03-15T07:53:51.000Z","volume":12900,"price":24.55,"category":"ubbear"},{"type":"B","date":"2018-03-15T07:37:07.000Z","volume":3100,"price":24.5,"category":"ubbear"},{"type":"B","date":"2018-03-15T05:48:03.000Z","volume":3000,"price":24.35,"category":"ubbear"},{"type":"B","date":"2018-03-15T05:31:15.000Z","volume":7900,"price":24.4,"category":"ubbear"},{"type":"B","date":"2018-03-15T03:00:50.000Z","volume":3100,"price":24.5,"category":"ubbear"},{"type":"B","date":"2018-03-15T01:54:52.000Z","volume":6600,"price":24.35,"category":"ubbear"}]