[{"type":"U","date":"2018-04-06T01:20:00.000Z","volume":28000,"label":"U","price":4.05},{"type":"A","date":"2018-04-06T01:30:47.000Z","volume":2000,"label":" ","price":4.02},{"type":"B","date":"2018-04-06T01:30:56.000Z","volume":10000,"label":" ","price":4},{"type":"B","date":"2018-04-06T01:30:56.000Z","volume":1000,"label":" ","price":4},{"type":"B","date":"2018-04-06T01:30:56.000Z","volume":2000,"label":" ","price":4},{"type":"B","date":"2018-04-06T01:30:56.000Z","volume":2000,"label":" ","price":4},{"type":"B","date":"2018-04-06T01:30:56.000Z","volume":1000,"label":" ","price":4},{"type":"B","date":"2018-04-06T01:30:56.000Z","volume":2000,"label":" ","price":4},{"type":"B","date":"2018-04-06T01:30:56.000Z","volume":1000,"label":" ","price":4},{"type":"B","date":"2018-04-06T01:30:56.000Z","volume":1000,"label":" ","price":4},{"type":"B","date":"2018-04-06T01:30:56.000Z","volume":1000,"label":" ","price":4},{"type":"B","date":"2018-04-06T01:30:57.000Z","volume":1000,"label":" ","price":4},{"type":"U","date":"2018-04-06T01:31:40.000Z","volume":2000,"label":" ","price":4},{"type":"U","date":"2018-04-06T01:31:40.000Z","volume":3000,"label":" ","price":4},{"type":"U","date":"2018-04-06T01:31:40.000Z","volume":3000,"label":" ","price":4},{"type":"A","date":"2018-04-06T01:31:53.000Z","volume":1000,"label":" ","price":4.01},{"type":"U","date":"2018-04-06T01:32:42.000Z","volume":1000,"label":" ","price":4},{"type":"B","date":"2018-04-06T01:32:42.000Z","volume":2000,"label":" ","price":3.99},{"type":"A","date":"2018-04-06T01:34:03.000Z","volume":1000,"label":" ","price":4.01},{"type":"B","date":"2018-04-06T01:34:22.000Z","volume":4000,"label":" ","price":3.99},{"type":"B","date":"2018-04-06T01:34:22.000Z","volume":4000,"label":" ","price":3.99},{"type":"B","date":"2018-04-06T01:34:22.000Z","volume":4000,"label":" ","price":3.99},{"type":"B","date":"2018-04-06T01:34:22.000Z","volume":4000,"label":" ","price":3.99},{"type":"B","date":"2018-04-06T01:34:22.000Z","volume":1000,"label":" ","price":3.99},{"type":"B","date":"2018-04-06T01:34:22.000Z","volume":2000,"label":" ","price":3.99},{"type":"B","date":"2018-04-06T01:34:22.000Z","volume":5000,"label":" ","price":3.99},{"type":"U","date":"2018-04-06T01:34:49.000Z","volume":7000,"label":" ","price":3.99},{"type":"U","date":"2018-04-06T01:34:49.000Z","volume":3000,"label":" ","price":3.99},{"type":"U","date":"2018-04-06T01:34:49.000Z","volume":3000,"label":" ","price":3.99},{"type":"B","date":"2018-04-06T01:34:50.000Z","volume":3000,"label":" ","price":3.99},{"type":"B","date":"2018-04-06T01:34:50.000Z","volume":1000,"label":" ","price":3.99},{"type":"B","date":"2018-04-06T01:34:50.000Z","volume":1000,"label":" ","price":3.99},{"type":"B","date":"2018-04-06T01:34:51.000Z","volume":3000,"label":" ","price":3.99},{"type":"B","date":"2018-04-06T01:34:51.000Z","volume":7000,"label":" ","price":3.99},{"type":"B","date":"2018-04-06T01:34:52.000Z","volume":7000,"label":" ","price":3.99},{"type":"B","date":"2018-04-06T01:35:03.000Z","volume":13000,"label":" ","price":3.99},{"type":"B","date":"2018-04-06T01:35:03.000Z","volume":3000,"label":" ","price":3.99},{"type":"B","date":"2018-04-06T01:35:03.000Z","volume":3000,"label":" ","price":3.99},{"type":"B","date":"2018-04-06T01:35:03.000Z","volume":1000,"label":" ","price":3.99},{"type":"B","date":"2018-04-06T01:35:03.000Z","volume":2000,"label":" ","price":3.99},{"type":"B","date":"2018-04-06T01:35:03.000Z","volume":1000,"label":" ","price":3.99},{"type":"B","date":"2018-04-06T01:35:03.000Z","volume":2000,"label":" ","price":3.99},{"type":"B","date":"2018-04-06T01:35:51.000Z","volume":1000,"label":" ","price":3.98},{"type":"B","date":"2018-04-06T01:35:53.000Z","volume":4000,"label":" ","price":3.98},{"type":"U","date":"2018-04-06T01:36:00.000Z","volume":1000,"label":"X","price":4},{"type":"B","date":"2018-04-06T01:36:23.000Z","volume":10000,"label":" ","price":3.98},{"type":"U","date":"2018-04-06T01:36:25.000Z","volume":1000,"label":" ","price":3.99},{"type":"A","date":"2018-04-06T01:37:00.000Z","volume":10000,"label":" ","price":4},{"type":"U","date":"2018-04-06T01:37:04.000Z","volume":1000,"label":"X","price":4},{"type":"A","date":"2018-04-06T01:37:51.000Z","volume":1000,"label":" ","price":4},{"type":"B","date":"2018-04-06T01:38:46.000Z","volume":20000,"label":" ","price":3.99},{"type":"B","date":"2018-04-06T01:38:46.000Z","volume":7000,"label":" ","price":3.99},{"type":"A","date":"2018-04-06T01:38:46.000Z","volume":5000,"label":"Y","price":4},{"type":"A","date":"2018-04-06T01:38:46.000Z","volume":10000,"label":" ","price":4},{"type":"A","date":"2018-04-06T01:38:46.000Z","volume":1000,"label":" ","price":4},{"type":"B","date":"2018-04-06T01:38:58.000Z","volume":58000,"label":" ","price":3.99},{"type":"A","date":"2018-04-06T01:38:59.000Z","volume":2000,"label":" ","price":4.01},{"type":"U","date":"2018-04-06T01:39:15.000Z","volume":1000,"label":" ","price":4},{"type":"B","date":"2018-04-06T01:39:31.000Z","volume":41000,"label":" ","price":3.99},{"type":"B","date":"2018-04-06T01:39:31.000Z","volume":7000,"label":" ","price":3.99},{"type":"U","date":"2018-04-06T01:39:31.000Z","volume":7000,"label":" ","price":3.99},{"type":"A","date":"2018-04-06T01:39:32.000Z","volume":1000,"label":" ","price":4},{"type":"B","date":"2018-04-06T01:39:33.000Z","volume":21000,"label":" ","price":3.98},{"type":"A","date":"2018-04-06T01:39:50.000Z","volume":1000,"label":" ","price":3.99},{"type":"U","date":"2018-04-06T01:40:16.000Z","volume":1000,"label":" ","price":3.98},{"type":"U","date":"2018-04-06T01:40:16.000Z","volume":8000,"label":" ","price":3.98},{"type":"B","date":"2018-04-06T01:40:18.000Z","volume":9000,"label":" ","price":3.98},{"type":"B","date":"2018-04-06T01:40:18.000Z","volume":2000,"label":" ","price":3.98},{"type":"B","date":"2018-04-06T01:40:21.000Z","volume":5000,"label":" ","price":3.97},{"type":"B","date":"2018-04-06T01:40:58.000Z","volume":2000,"label":" ","price":3.97},{"type":"B","date":"2018-04-06T01:41:28.000Z","volume":2000,"label":" ","price":3.97},{"type":"B","date":"2018-04-06T01:42:13.000Z","volume":2000,"label":" ","price":3.97},{"type":"A","date":"2018-04-06T01:43:10.000Z","volume":40000,"label":" ","price":3.98},{"type":"A","date":"2018-04-06T01:43:10.000Z","volume":6000,"label":" ","price":3.98},{"type":"A","date":"2018-04-06T01:43:10.000Z","volume":1000,"label":" ","price":3.98},{"type":"B","date":"2018-04-06T01:43:10.000Z","volume":7000,"label":" ","price":3.98},{"type":"B","date":"2018-04-06T01:43:10.000Z","volume":3000,"label":" ","price":3.98},{"type":"A","date":"2018-04-06T01:43:15.000Z","volume":10000,"label":" ","price":3.99},{"type":"A","date":"2018-04-06T01:43:21.000Z","volume":2000,"label":" ","price":4},{"type":"B","date":"2018-04-06T01:43:23.000Z","volume":17000,"label":" ","price":3.98},{"type":"B","date":"2018-04-06T01:43:23.000Z","volume":21000,"label":" ","price":3.98},{"type":"A","date":"2018-04-06T01:43:34.000Z","volume":2000,"label":" ","price":4},{"type":"B","date":"2018-04-06T01:44:38.000Z","volume":48000,"label":" ","price":3.98},{"type":"B","date":"2018-04-06T01:44:39.000Z","volume":10000,"label":" ","price":3.98},{"type":"A","date":"2018-04-06T01:44:39.000Z","volume":5000,"label":" ","price":3.98},{"type":"A","date":"2018-04-06T01:44:40.000Z","volume":9000,"label":" ","price":3.98},{"type":"B","date":"2018-04-06T01:44:52.000Z","volume":50000,"label":" ","price":3.97},{"type":"B","date":"2018-04-06T01:44:52.000Z","volume":71000,"label":" ","price":3.97},{"type":"A","date":"2018-04-06T01:45:43.000Z","volume":150000,"label":" ","price":3.97},{"type":"A","date":"2018-04-06T01:45:43.000Z","volume":32000,"label":" ","price":3.97},{"type":"A","date":"2018-04-06T01:46:03.000Z","volume":5000,"label":" ","price":4},{"type":"B","date":"2018-04-06T01:46:38.000Z","volume":18000,"label":" ","price":3.98},{"type":"A","date":"2018-04-06T01:48:12.000Z","volume":1000,"label":"Y","price":3.98},{"type":"A","date":"2018-04-06T01:49:25.000Z","volume":5000,"label":"Y","price":3.98},{"type":"A","date":"2018-04-06T01:49:25.000Z","volume":4000,"label":" ","price":3.98},{"type":"A","date":"2018-04-06T01:49:46.000Z","volume":1000,"label":" ","price":4},{"type":"B","date":"2018-04-06T01:50:18.000Z","volume":12000,"label":"Y","price":3.98},{"type":"B","date":"2018-04-06T01:50:18.000Z","volume":42000,"label":" ","price":3.98},{"type":"B","date":"2018-04-06T01:50:18.000Z","volume":7000,"label":" ","price":3.97},{"type":"A","date":"2018-04-06T01:50:18.000Z","volume":11000,"label":" ","price":3.98},{"type":"A","date":"2018-04-06T01:50:18.000Z","volume":3000,"label":" ","price":3.98},{"type":"B","date":"2018-04-06T01:50:27.000Z","volume":1000,"label":" ","price":3.97},{"type":"B","date":"2018-04-06T01:50:29.000Z","volume":3000,"label":" ","price":3.97},{"type":"A","date":"2018-04-06T01:50:39.000Z","volume":1000,"label":" ","price":3.98},{"type":"B","date":"2018-04-06T01:50:39.000Z","volume":1000,"label":" ","price":3.97},{"type":"A","date":"2018-04-06T01:50:45.000Z","volume":4000,"label":" ","price":3.98},{"type":"B","date":"2018-04-06T01:50:58.000Z","volume":3000,"label":" ","price":3.97},{"type":"B","date":"2018-04-06T01:51:46.000Z","volume":4000,"label":" ","price":3.96},{"type":"A","date":"2018-04-06T01:53:38.000Z","volume":17000,"label":" ","price":3.97},{"type":"A","date":"2018-04-06T01:53:46.000Z","volume":1000,"label":"Y","price":3.98},{"type":"A","date":"2018-04-06T01:54:04.000Z","volume":1000,"label":" ","price":3.99},{"type":"A","date":"2018-04-06T01:54:04.000Z","volume":5000,"label":" ","price":3.99},{"type":"B","date":"2018-04-06T01:54:17.000Z","volume":36000,"label":" ","price":3.99},{"type":"B","date":"2018-04-06T01:54:17.000Z","volume":5000,"label":" ","price":3.99},{"type":"B","date":"2018-04-06T01:54:17.000Z","volume":5000,"label":" ","price":3.99},{"type":"B","date":"2018-04-06T01:54:17.000Z","volume":5000,"label":" ","price":3.99},{"type":"B","date":"2018-04-06T01:54:17.000Z","volume":3000,"label":" ","price":3.99},{"type":"A","date":"2018-04-06T01:55:26.000Z","volume":4000,"label":"Y","price":3.99},{"type":"A","date":"2018-04-06T01:55:26.000Z","volume":6000,"label":" ","price":3.99},{"type":"A","date":"2018-04-06T01:56:22.000Z","volume":1000,"label":" ","price":4},{"type":"A","date":"2018-04-06T01:56:54.000Z","volume":8000,"label":" ","price":4},{"type":"A","date":"2018-04-06T01:57:05.000Z","volume":20000,"label":" ","price":4},{"type":"A","date":"2018-04-06T01:58:49.000Z","volume":1000,"label":" ","price":4},{"type":"A","date":"2018-04-06T01:59:18.000Z","volume":198000,"label":" ","price":3.99},{"type":"U","date":"2018-04-06T01:59:43.000Z","volume":3000,"label":"X","price":4},{"type":"A","date":"2018-04-06T01:59:43.000Z","volume":13000,"label":" ","price":4},{"type":"A","date":"2018-04-06T01:59:44.000Z","volume":10000,"label":" ","price":4},{"type":"A","date":"2018-04-06T01:59:49.000Z","volume":68000,"label":"Y","price":4},{"type":"A","date":"2018-04-06T01:59:49.000Z","volume":22000,"label":" ","price":4},{"type":"U","date":"2018-04-06T01:59:49.000Z","volume":1000,"label":"X","price":4.005},{"type":"U","date":"2018-04-06T01:59:49.000Z","volume":1000,"label":"X","price":4.005},{"type":"U","date":"2018-04-06T01:59:49.000Z","volume":1000,"label":"X","price":4.005},{"type":"B","date":"2018-04-06T01:59:49.000Z","volume":5000,"label":"Y","price":4},{"type":"A","date":"2018-04-06T01:59:58.000Z","volume":12000,"label":" ","price":4.01},{"type":"B","date":"2018-04-06T02:00:39.000Z","volume":10000,"label":" ","price":4},{"type":"B","date":"2018-04-06T02:00:58.000Z","volume":34000,"label":" ","price":4},{"type":"A","date":"2018-04-06T02:01:25.000Z","volume":2000,"label":" ","price":4.01},{"type":"A","date":"2018-04-06T02:01:59.000Z","volume":1000,"label":" ","price":4.01},{"type":"A","date":"2018-04-06T02:03:54.000Z","volume":1000,"label":" ","price":4.01},{"type":"A","date":"2018-04-06T02:03:57.000Z","volume":11000,"label":" ","price":4.01},{"type":"A","date":"2018-04-06T02:03:57.000Z","volume":28000,"label":" ","price":4.01},{"type":"U","date":"2018-04-06T02:03:57.000Z","volume":1000,"label":"X","price":4.01},{"type":"U","date":"2018-04-06T02:03:57.000Z","volume":2000,"label":"X","price":4.01},{"type":"A","date":"2018-04-06T02:04:04.000Z","volume":5000,"label":" ","price":4.02},{"type":"U","date":"2018-04-06T02:04:08.000Z","volume":1000,"label":"X","price":4.01},{"type":"U","date":"2018-04-06T02:04:08.000Z","volume":4000,"label":"X","price":4.01},{"type":"U","date":"2018-04-06T02:04:11.000Z","volume":5000,"label":"X","price":4.01},{"type":"A","date":"2018-04-06T02:05:51.000Z","volume":1000,"label":" ","price":4.02},{"type":"A","date":"2018-04-06T02:06:32.000Z","volume":17000,"label":" ","price":4.02},{"type":"B","date":"2018-04-06T02:06:33.000Z","volume":3000,"label":" ","price":4.02},{"type":"A","date":"2018-04-06T02:07:00.000Z","volume":1000,"label":" ","price":4.03},{"type":"A","date":"2018-04-06T02:07:45.000Z","volume":1000,"label":" ","price":4.03},{"type":"A","date":"2018-04-06T02:09:03.000Z","volume":11000,"label":" ","price":4.03},{"type":"A","date":"2018-04-06T02:09:16.000Z","volume":20000,"label":" ","price":4.03},{"type":"A","date":"2018-04-06T02:09:21.000Z","volume":11000,"label":" ","price":4.03},{"type":"A","date":"2018-04-06T02:09:43.000Z","volume":1000,"label":" ","price":4.03},{"type":"A","date":"2018-04-06T02:10:22.000Z","volume":11000,"label":" ","price":4.03},{"type":"A","date":"2018-04-06T02:11:17.000Z","volume":1000,"label":" ","price":4.03},{"type":"B","date":"2018-04-06T02:11:41.000Z","volume":98000,"label":" ","price":4.02},{"type":"A","date":"2018-04-06T02:11:41.000Z","volume":1000,"label":" ","price":4.02},{"type":"A","date":"2018-04-06T02:11:41.000Z","volume":4000,"label":" ","price":4.02},{"type":"A","date":"2018-04-06T02:12:33.000Z","volume":3000,"label":" ","price":4.02},{"type":"A","date":"2018-04-06T02:12:56.000Z","volume":3000,"label":" ","price":4.02},{"type":"A","date":"2018-04-06T02:14:24.000Z","volume":1000,"label":" ","price":4.02},{"type":"A","date":"2018-04-06T02:15:37.000Z","volume":1000,"label":" ","price":4.02},{"type":"A","date":"2018-04-06T02:15:45.000Z","volume":1000,"label":" ","price":4.02},{"type":"A","date":"2018-04-06T02:16:12.000Z","volume":1000,"label":" ","price":4.02},{"type":"A","date":"2018-04-06T02:18:15.000Z","volume":1000,"label":" ","price":4.02},{"type":"A","date":"2018-04-06T02:18:15.000Z","volume":20000,"label":" ","price":4.02},{"type":"A","date":"2018-04-06T02:18:27.000Z","volume":60000,"label":" ","price":4.03},{"type":"U","date":"2018-04-06T02:18:28.000Z","volume":1000,"label":"X","price":4.03},{"type":"U","date":"2018-04-06T02:18:28.000Z","volume":2000,"label":"X","price":4.03},{"type":"U","date":"2018-04-06T02:18:30.000Z","volume":1000,"label":"X","price":4.03},{"type":"U","date":"2018-04-06T02:18:30.000Z","volume":4000,"label":"X","price":4.03},{"type":"U","date":"2018-04-06T02:18:30.000Z","volume":2000,"label":"X","price":4.03},{"type":"U","date":"2018-04-06T02:18:32.000Z","volume":4000,"label":" ","price":4.03},{"type":"A","date":"2018-04-06T02:18:55.000Z","volume":2000,"label":" ","price":4.04},{"type":"A","date":"2018-04-06T02:19:11.000Z","volume":1000,"label":" ","price":4.04},{"type":"A","date":"2018-04-06T02:19:56.000Z","volume":1000,"label":" ","price":4.04},{"type":"A","date":"2018-04-06T02:20:10.000Z","volume":180000,"label":" ","price":4.03},{"type":"A","date":"2018-04-06T02:20:10.000Z","volume":1000,"label":" ","price":4.03},{"type":"U","date":"2018-04-06T02:20:13.000Z","volume":6000,"label":"X","price":4.03},{"type":"U","date":"2018-04-06T02:20:13.000Z","volume":1000,"label":"X","price":4.03},{"type":"U","date":"2018-04-06T02:20:13.000Z","volume":3000,"label":"X","price":4.03},{"type":"U","date":"2018-04-06T02:20:16.000Z","volume":7000,"label":"X","price":4.03},{"type":"U","date":"2018-04-06T02:20:17.000Z","volume":3000,"label":"X","price":4.03},{"type":"A","date":"2018-04-06T02:20:37.000Z","volume":20000,"label":" ","price":4.03},{"type":"B","date":"2018-04-06T02:21:05.000Z","volume":60000,"label":" ","price":4.02},{"type":"B","date":"2018-04-06T02:21:05.000Z","volume":6000,"label":" ","price":4.02},{"type":"A","date":"2018-04-06T02:21:25.000Z","volume":5000,"label":" ","price":4.03},{"type":"B","date":"2018-04-06T02:22:28.000Z","volume":14000,"label":" ","price":4.02},{"type":"B","date":"2018-04-06T02:22:29.000Z","volume":2000,"label":" ","price":4.02},{"type":"B","date":"2018-04-06T02:22:50.000Z","volume":1000,"label":" ","price":4.02},{"type":"A","date":"2018-04-06T02:22:50.000Z","volume":11000,"label":" ","price":4.03},{"type":"U","date":"2018-04-06T02:22:53.000Z","volume":1000,"label":"X","price":4.02},{"type":"U","date":"2018-04-06T02:22:53.000Z","volume":1000,"label":"X","price":4.02},{"type":"U","date":"2018-04-06T02:22:53.000Z","volume":1000,"label":"X","price":4.02},{"type":"U","date":"2018-04-06T02:22:53.000Z","volume":6000,"label":"X","price":4.02},{"type":"U","date":"2018-04-06T02:22:56.000Z","volume":2000,"label":"X","price":4.02},{"type":"A","date":"2018-04-06T02:23:46.000Z","volume":1000,"label":" ","price":4.03},{"type":"A","date":"2018-04-06T02:23:55.000Z","volume":24000,"label":"Y","price":4.03},{"type":"A","date":"2018-04-06T02:23:55.000Z","volume":36000,"label":" ","price":4.03},{"type":"A","date":"2018-04-06T02:24:45.000Z","volume":1000,"label":" ","price":4.03},{"type":"A","date":"2018-04-06T02:24:47.000Z","volume":1000,"label":" ","price":4.03},{"type":"A","date":"2018-04-06T02:24:47.000Z","volume":7000,"label":" ","price":4.03},{"type":"A","date":"2018-04-06T02:26:44.000Z","volume":1000,"label":" ","price":4.03},{"type":"A","date":"2018-04-06T02:27:03.000Z","volume":1000,"label":"Y","price":4.03},{"type":"A","date":"2018-04-06T02:27:03.000Z","volume":10000,"label":" ","price":4.03},{"type":"A","date":"2018-04-06T02:27:04.000Z","volume":5000,"label":" ","price":4.03},{"type":"A","date":"2018-04-06T02:27:49.000Z","volume":1000,"label":" ","price":4.03},{"type":"B","date":"2018-04-06T02:28:31.000Z","volume":60000,"label":" ","price":4.02},{"type":"B","date":"2018-04-06T02:28:41.000Z","volume":52000,"label":" ","price":4.02},{"type":"A","date":"2018-04-06T02:28:42.000Z","volume":37000,"label":" ","price":4.02},{"type":"B","date":"2018-04-06T02:31:03.000Z","volume":1000,"label":" ","price":4.01},{"type":"A","date":"2018-04-06T02:33:27.000Z","volume":1000,"label":" ","price":4.02},{"type":"A","date":"2018-04-06T02:33:52.000Z","volume":1000,"label":" ","price":4.02},{"type":"A","date":"2018-04-06T02:34:42.000Z","volume":37000,"label":" ","price":4.02},{"type":"B","date":"2018-04-06T02:34:43.000Z","volume":9000,"label":" ","price":4.02},{"type":"A","date":"2018-04-06T02:36:03.000Z","volume":1000,"label":" ","price":4.03},{"type":"A","date":"2018-04-06T02:36:23.000Z","volume":1000,"label":" ","price":4.03},{"type":"A","date":"2018-04-06T02:36:23.000Z","volume":8000,"label":" ","price":4.03},{"type":"A","date":"2018-04-06T02:38:40.000Z","volume":1000,"label":" ","price":4.03},{"type":"A","date":"2018-04-06T02:39:10.000Z","volume":6000,"label":" ","price":4.03},{"type":"A","date":"2018-04-06T02:39:27.000Z","volume":22000,"label":" ","price":4.03},{"type":"A","date":"2018-04-06T02:40:19.000Z","volume":1000,"label":" ","price":4.03},{"type":"A","date":"2018-04-06T02:40:29.000Z","volume":1000,"label":" ","price":4.03},{"type":"A","date":"2018-04-06T02:40:31.000Z","volume":10000,"label":" ","price":4.03},{"type":"A","date":"2018-04-06T02:40:31.000Z","volume":4000,"label":" ","price":4.03},{"type":"A","date":"2018-04-06T02:40:31.000Z","volume":3000,"label":" ","price":4.03},{"type":"A","date":"2018-04-06T02:40:58.000Z","volume":7000,"label":" ","price":4.03},{"type":"A","date":"2018-04-06T02:41:21.000Z","volume":1000,"label":" ","price":4.03},{"type":"A","date":"2018-04-06T02:41:22.000Z","volume":12000,"label":" ","price":4.03},{"type":"A","date":"2018-04-06T02:41:22.000Z","volume":4000,"label":" ","price":4.03},{"type":"B","date":"2018-04-06T02:41:22.000Z","volume":1000,"label":" ","price":4.03},{"type":"B","date":"2018-04-06T02:41:50.000Z","volume":41000,"label":" ","price":4.03},{"type":"A","date":"2018-04-06T02:41:50.000Z","volume":7000,"label":" ","price":4.03},{"type":"A","date":"2018-04-06T02:43:00.000Z","volume":1000,"label":" ","price":4.03},{"type":"A","date":"2018-04-06T02:43:32.000Z","volume":23000,"label":" ","price":4.03},{"type":"A","date":"2018-04-06T02:43:32.000Z","volume":5000,"label":" ","price":4.03},{"type":"A","date":"2018-04-06T02:44:01.000Z","volume":1000,"label":" ","price":4.03},{"type":"B","date":"2018-04-06T02:44:48.000Z","volume":1000,"label":" ","price":4.02},{"type":"B","date":"2018-04-06T02:45:27.000Z","volume":4000,"label":" ","price":4.02},{"type":"B","date":"2018-04-06T02:46:02.000Z","volume":1000,"label":" ","price":4.02},{"type":"A","date":"2018-04-06T02:46:47.000Z","volume":1000,"label":" ","price":4.03},{"type":"U","date":"2018-04-06T02:46:51.000Z","volume":1000,"label":"X","price":4.03},{"type":"B","date":"2018-04-06T02:49:37.000Z","volume":1000,"label":" ","price":4.02},{"type":"B","date":"2018-04-06T02:50:06.000Z","volume":10000,"label":" ","price":4.02},{"type":"A","date":"2018-04-06T02:51:15.000Z","volume":1000,"label":" ","price":4.03},{"type":"B","date":"2018-04-06T02:51:22.000Z","volume":85000,"label":" ","price":4.02},{"type":"A","date":"2018-04-06T02:51:22.000Z","volume":13000,"label":" ","price":4.02},{"type":"A","date":"2018-04-06T02:51:22.000Z","volume":1000,"label":" ","price":4.02},{"type":"U","date":"2018-04-06T02:52:41.000Z","volume":1000,"label":"X","price":4.015},{"type":"A","date":"2018-04-06T02:52:41.000Z","volume":1000,"label":" ","price":4.02},{"type":"A","date":"2018-04-06T02:54:53.000Z","volume":1000,"label":" ","price":4.02},{"type":"A","date":"2018-04-06T02:55:51.000Z","volume":1000,"label":" ","price":4.02},{"type":"U","date":"2018-04-06T02:58:16.000Z","volume":2000,"label":"X","price":4.02},{"type":"A","date":"2018-04-06T02:58:16.000Z","volume":3000,"label":" ","price":4.02},{"type":"A","date":"2018-04-06T02:58:18.000Z","volume":1000,"label":" ","price":4.02},{"type":"A","date":"2018-04-06T02:58:49.000Z","volume":1000,"label":" ","price":4.02},{"type":"B","date":"2018-04-06T02:59:34.000Z","volume":94000,"label":" ","price":4.01},{"type":"A","date":"2018-04-06T02:59:34.000Z","volume":8000,"label":" ","price":4.01},{"type":"A","date":"2018-04-06T03:02:46.000Z","volume":1000,"label":" ","price":4.01},{"type":"A","date":"2018-04-06T03:03:58.000Z","volume":1000,"label":" ","price":4.01},{"type":"A","date":"2018-04-06T03:05:42.000Z","volume":1000,"label":" ","price":4.01},{"type":"A","date":"2018-04-06T03:07:13.000Z","volume":1000,"label":" ","price":4.01},{"type":"A","date":"2018-04-06T03:08:29.000Z","volume":11000,"label":" ","price":4.01},{"type":"A","date":"2018-04-06T03:09:50.000Z","volume":1000,"label":" ","price":4.01},{"type":"A","date":"2018-04-06T03:09:50.000Z","volume":2000,"label":" ","price":4.01},{"type":"A","date":"2018-04-06T03:10:15.000Z","volume":17000,"label":" ","price":4.01},{"type":"A","date":"2018-04-06T03:11:27.000Z","volume":1000,"label":" ","price":4.01},{"type":"B","date":"2018-04-06T03:12:35.000Z","volume":1000,"label":" ","price":4},{"type":"A","date":"2018-04-06T03:12:49.000Z","volume":8000,"label":" ","price":4.01},{"type":"A","date":"2018-04-06T03:12:51.000Z","volume":2000,"label":" ","price":4.01},{"type":"A","date":"2018-04-06T03:13:50.000Z","volume":4000,"label":" ","price":4.01},{"type":"A","date":"2018-04-06T03:13:57.000Z","volume":14000,"label":" ","price":4.01},{"type":"U","date":"2018-04-06T03:14:13.000Z","volume":3000,"label":"X","price":4.01},{"type":"A","date":"2018-04-06T03:15:13.000Z","volume":1000,"label":" ","price":4.01},{"type":"A","date":"2018-04-06T03:17:00.000Z","volume":1000,"label":" ","price":4.01},{"type":"A","date":"2018-04-06T03:17:18.000Z","volume":11000,"label":" ","price":4.01},{"type":"A","date":"2018-04-06T03:17:20.000Z","volume":16000,"label":" ","price":4.01},{"type":"A","date":"2018-04-06T03:17:20.000Z","volume":3000,"label":" ","price":4.01},{"type":"A","date":"2018-04-06T03:17:20.000Z","volume":13000,"label":" ","price":4.01},{"type":"A","date":"2018-04-06T03:17:20.000Z","volume":3000,"label":" ","price":4.01},{"type":"A","date":"2018-04-06T03:17:20.000Z","volume":24000,"label":" ","price":4.01},{"type":"A","date":"2018-04-06T03:17:20.000Z","volume":9000,"label":" ","price":4.01},{"type":"B","date":"2018-04-06T03:17:20.000Z","volume":1000,"label":" ","price":4.01},{"type":"A","date":"2018-04-06T03:17:20.000Z","volume":6000,"label":" ","price":4.01},{"type":"A","date":"2018-04-06T03:17:21.000Z","volume":1000,"label":" ","price":4.02},{"type":"B","date":"2018-04-06T03:19:32.000Z","volume":1000,"label":" ","price":4.01},{"type":"B","date":"2018-04-06T03:19:32.000Z","volume":1000,"label":" ","price":4.01},{"type":"B","date":"2018-04-06T03:19:32.000Z","volume":1000,"label":"Y","price":4.01},{"type":"B","date":"2018-04-06T03:19:32.000Z","volume":7000,"label":" ","price":4.01},{"type":"B","date":"2018-04-06T03:19:32.000Z","volume":4000,"label":" ","price":4.01},{"type":"A","date":"2018-04-06T03:19:45.000Z","volume":1000,"label":" ","price":4.02},{"type":"B","date":"2018-04-06T03:20:25.000Z","volume":90000,"label":" ","price":4.01},{"type":"B","date":"2018-04-06T03:21:02.000Z","volume":155000,"label":" ","price":4.01},{"type":"A","date":"2018-04-06T03:21:04.000Z","volume":1000,"label":" ","price":4.02},{"type":"A","date":"2018-04-06T03:23:35.000Z","volume":1000,"label":" ","price":4.02},{"type":"A","date":"2018-04-06T03:24:22.000Z","volume":1000,"label":" ","price":4.02},{"type":"A","date":"2018-04-06T03:24:22.000Z","volume":11000,"label":" ","price":4.02},{"type":"A","date":"2018-04-06T03:26:43.000Z","volume":1000,"label":" ","price":4.02},{"type":"A","date":"2018-04-06T03:27:27.000Z","volume":11000,"label":" ","price":4.02},{"type":"A","date":"2018-04-06T03:28:26.000Z","volume":11000,"label":" ","price":4.02},{"type":"A","date":"2018-04-06T03:29:01.000Z","volume":45000,"label":" ","price":4.02},{"type":"A","date":"2018-04-06T03:29:01.000Z","volume":34000,"label":" ","price":4.02},{"type":"B","date":"2018-04-06T03:29:03.000Z","volume":6000,"label":" ","price":4.02},{"type":"A","date":"2018-04-06T03:29:40.000Z","volume":16000,"label":" ","price":4.03},{"type":"A","date":"2018-04-06T03:29:40.000Z","volume":11000,"label":" ","price":4.03},{"type":"A","date":"2018-04-06T03:29:40.000Z","volume":7000,"label":" ","price":4.03},{"type":"B","date":"2018-04-06T03:30:50.000Z","volume":1000,"label":" ","price":4.03},{"type":"A","date":"2018-04-06T03:31:06.000Z","volume":3000,"label":" ","price":4.03},{"type":"A","date":"2018-04-06T03:31:15.000Z","volume":1000,"label":" ","price":4.03},{"type":"B","date":"2018-04-06T03:32:24.000Z","volume":50000,"label":" ","price":4.02},{"type":"B","date":"2018-04-06T03:32:24.000Z","volume":1000,"label":"Y","price":4.02},{"type":"B","date":"2018-04-06T03:32:24.000Z","volume":23000,"label":" ","price":4.02},{"type":"B","date":"2018-04-06T03:32:24.000Z","volume":9000,"label":" ","price":4.02},{"type":"A","date":"2018-04-06T03:32:26.000Z","volume":1000,"label":" ","price":4.03},{"type":"B","date":"2018-04-06T03:32:40.000Z","volume":1000,"label":" ","price":4.02},{"type":"B","date":"2018-04-06T03:36:41.000Z","volume":70000,"label":" ","price":4.01},{"type":"A","date":"2018-04-06T03:36:41.000Z","volume":5000,"label":" ","price":4.01},{"type":"A","date":"2018-04-06T03:39:14.000Z","volume":10000,"label":" ","price":4.01},{"type":"A","date":"2018-04-06T03:40:21.000Z","volume":1000,"label":" ","price":4.01},{"type":"U","date":"2018-04-06T03:40:52.000Z","volume":1000,"label":"X","price":4.01},{"type":"A","date":"2018-04-06T03:41:14.000Z","volume":1000,"label":" ","price":4.01},{"type":"A","date":"2018-04-06T03:46:28.000Z","volume":10000,"label":" ","price":4.01},{"type":"A","date":"2018-04-06T03:47:17.000Z","volume":1000,"label":" ","price":4.01},{"type":"A","date":"2018-04-06T03:48:08.000Z","volume":4000,"label":" ","price":4.01},{"type":"A","date":"2018-04-06T03:48:32.000Z","volume":17000,"label":" ","price":4.01},{"type":"A","date":"2018-04-06T03:48:33.000Z","volume":2000,"label":" ","price":4.01},{"type":"U","date":"2018-04-06T03:50:18.000Z","volume":1000,"label":"X","price":4.005},{"type":"A","date":"2018-04-06T03:50:57.000Z","volume":1000,"label":" ","price":4.01},{"type":"A","date":"2018-04-06T03:51:10.000Z","volume":8000,"label":" ","price":4.01},{"type":"A","date":"2018-04-06T03:51:13.000Z","volume":3000,"label":" ","price":4.01},{"type":"A","date":"2018-04-06T03:52:12.000Z","volume":10000,"label":" ","price":4.01},{"type":"U","date":"2018-04-06T03:52:12.000Z","volume":1000,"label":"X","price":4.01},{"type":"A","date":"2018-04-06T03:52:24.000Z","volume":13000,"label":" ","price":4.01},{"type":"A","date":"2018-04-06T03:52:24.000Z","volume":6000,"label":" ","price":4.01},{"type":"U","date":"2018-04-06T03:52:24.000Z","volume":2000,"label":"X","price":4.01},{"type":"A","date":"2018-04-06T03:52:24.000Z","volume":1000,"label":" ","price":4.01},{"type":"A","date":"2018-04-06T03:52:24.000Z","volume":2000,"label":" ","price":4.01},{"type":"B","date":"2018-04-06T03:52:25.000Z","volume":160000,"label":" ","price":4},{"type":"B","date":"2018-04-06T03:52:25.000Z","volume":3000,"label":" ","price":4},{"type":"U","date":"2018-04-06T03:52:32.000Z","volume":3000,"label":"X","price":4.01},{"type":"B","date":"2018-04-06T03:52:54.000Z","volume":1000,"label":" ","price":4},{"type":"B","date":"2018-04-06T03:53:11.000Z","volume":8000,"label":" ","price":4},{"type":"B","date":"2018-04-06T03:53:20.000Z","volume":3000,"label":" ","price":4},{"type":"B","date":"2018-04-06T03:53:24.000Z","volume":2000,"label":" ","price":4},{"type":"B","date":"2018-04-06T03:54:10.000Z","volume":120000,"label":" ","price":4},{"type":"B","date":"2018-04-06T03:55:50.000Z","volume":5000,"label":" ","price":4},{"type":"A","date":"2018-04-06T03:55:50.000Z","volume":11000,"label":" ","price":4.01},{"type":"A","date":"2018-04-06T03:57:42.000Z","volume":1000,"label":" ","price":4.01},{"type":"A","date":"2018-04-06T03:58:25.000Z","volume":3000,"label":" ","price":4.01},{"type":"A","date":"2018-04-06T03:58:58.000Z","volume":1000,"label":" ","price":4.01},{"type":"A","date":"2018-04-06T05:01:02.000Z","volume":1000,"label":" ","price":4.01},{"type":"A","date":"2018-04-06T05:01:40.000Z","volume":107000,"label":" ","price":4.01},{"type":"B","date":"2018-04-06T05:01:51.000Z","volume":2000,"label":" ","price":4.01},{"type":"B","date":"2018-04-06T05:02:03.000Z","volume":1000,"label":" ","price":4.01},{"type":"A","date":"2018-04-06T05:02:32.000Z","volume":12000,"label":" ","price":4.02},{"type":"B","date":"2018-04-06T05:03:53.000Z","volume":1000,"label":" ","price":4.01},{"type":"B","date":"2018-04-06T05:04:28.000Z","volume":5000,"label":" ","price":4.01},{"type":"B","date":"2018-04-06T05:04:47.000Z","volume":1000,"label":" ","price":4.01},{"type":"A","date":"2018-04-06T05:06:08.000Z","volume":5000,"label":" ","price":4.02},{"type":"A","date":"2018-04-06T05:06:17.000Z","volume":1000,"label":" ","price":4.02},{"type":"A","date":"2018-04-06T05:06:50.000Z","volume":18000,"label":" ","price":4.02},{"type":"A","date":"2018-04-06T05:06:56.000Z","volume":16000,"label":" ","price":4.02},{"type":"B","date":"2018-04-06T05:08:08.000Z","volume":11000,"label":" ","price":4.01},{"type":"A","date":"2018-04-06T05:08:08.000Z","volume":3000,"label":" ","price":4.02},{"type":"A","date":"2018-04-06T05:08:09.000Z","volume":3000,"label":" ","price":4.02},{"type":"A","date":"2018-04-06T05:08:13.000Z","volume":1000,"label":" ","price":4.02},{"type":"U","date":"2018-04-06T05:08:21.000Z","volume":1000,"label":"X","price":4.01},{"type":"A","date":"2018-04-06T05:09:49.000Z","volume":11000,"label":" ","price":4.02},{"type":"B","date":"2018-04-06T05:10:21.000Z","volume":1000,"label":" ","price":4.01},{"type":"A","date":"2018-04-06T05:11:07.000Z","volume":1000,"label":" ","price":4.02},{"type":"B","date":"2018-04-06T05:12:34.000Z","volume":20000,"label":" ","price":4.01},{"type":"B","date":"2018-04-06T05:12:59.000Z","volume":10000,"label":" ","price":4.01},{"type":"B","date":"2018-04-06T05:12:59.000Z","volume":1000,"label":" ","price":4.01},{"type":"B","date":"2018-04-06T05:13:09.000Z","volume":73000,"label":" ","price":4.01},{"type":"B","date":"2018-04-06T05:13:09.000Z","volume":54000,"label":" ","price":4.01},{"type":"B","date":"2018-04-06T05:14:29.000Z","volume":1000,"label":" ","price":4.01},{"type":"B","date":"2018-04-06T05:14:32.000Z","volume":5000,"label":" ","price":4.01},{"type":"B","date":"2018-04-06T05:14:32.000Z","volume":1000,"label":" ","price":4.01},{"type":"B","date":"2018-04-06T05:14:36.000Z","volume":7000,"label":" ","price":4.01},{"type":"U","date":"2018-04-06T05:15:04.000Z","volume":1000,"label":"X","price":4.01},{"type":"A","date":"2018-04-06T05:15:15.000Z","volume":1000,"label":" ","price":4.02},{"type":"U","date":"2018-04-06T05:15:20.000Z","volume":2000,"label":"X","price":4.01},{"type":"A","date":"2018-04-06T05:16:03.000Z","volume":100000,"label":" ","price":4.02},{"type":"U","date":"2018-04-06T05:16:03.000Z","volume":2000,"label":"X","price":4.01},{"type":"B","date":"2018-04-06T05:18:48.000Z","volume":7000,"label":" ","price":4.01},{"type":"B","date":"2018-04-06T05:18:48.000Z","volume":7000,"label":" ","price":4.01},{"type":"B","date":"2018-04-06T05:19:59.000Z","volume":129000,"label":" ","price":4.01},{"type":"A","date":"2018-04-06T05:20:37.000Z","volume":1000,"label":" ","price":4.02},{"type":"A","date":"2018-04-06T05:21:23.000Z","volume":12000,"label":" ","price":4.02},{"type":"B","date":"2018-04-06T05:22:34.000Z","volume":7000,"label":" ","price":4.01},{"type":"B","date":"2018-04-06T05:23:38.000Z","volume":12000,"label":" ","price":4.01},{"type":"B","date":"2018-04-06T05:23:49.000Z","volume":1000,"label":" ","price":4.01},{"type":"B","date":"2018-04-06T05:24:56.000Z","volume":20000,"label":" ","price":4.01},{"type":"B","date":"2018-04-06T05:24:56.000Z","volume":1000,"label":" ","price":4.01},{"type":"B","date":"2018-04-06T05:24:56.000Z","volume":1000,"label":" ","price":4.01},{"type":"B","date":"2018-04-06T05:25:10.000Z","volume":63000,"label":" ","price":4.01},{"type":"B","date":"2018-04-06T05:25:10.000Z","volume":6000,"label":" ","price":4.01},{"type":"B","date":"2018-04-06T05:25:10.000Z","volume":1000,"label":" ","price":4.01},{"type":"A","date":"2018-04-06T05:25:12.000Z","volume":4000,"label":" ","price":4.01},{"type":"B","date":"2018-04-06T05:25:12.000Z","volume":2000,"label":" ","price":4},{"type":"A","date":"2018-04-06T05:26:02.000Z","volume":1000,"label":" ","price":4.01},{"type":"A","date":"2018-04-06T05:26:40.000Z","volume":1000,"label":" ","price":4.01},{"type":"B","date":"2018-04-06T05:29:41.000Z","volume":4000,"label":" ","price":4},{"type":"B","date":"2018-04-06T05:30:48.000Z","volume":4000,"label":" ","price":4},{"type":"A","date":"2018-04-06T05:31:43.000Z","volume":1000,"label":" ","price":4.01},{"type":"B","date":"2018-04-06T05:31:54.000Z","volume":14000,"label":" ","price":4},{"type":"B","date":"2018-04-06T05:32:04.000Z","volume":8000,"label":" ","price":4},{"type":"B","date":"2018-04-06T05:32:43.000Z","volume":300000,"label":" ","price":4},{"type":"B","date":"2018-04-06T05:32:43.000Z","volume":16000,"label":" ","price":4},{"type":"A","date":"2018-04-06T05:32:43.000Z","volume":2000,"label":" ","price":4},{"type":"B","date":"2018-04-06T05:32:44.000Z","volume":1000,"label":" ","price":3.99},{"type":"B","date":"2018-04-06T05:33:52.000Z","volume":274000,"label":" ","price":3.99},{"type":"B","date":"2018-04-06T05:33:52.000Z","volume":186000,"label":" ","price":3.98},{"type":"B","date":"2018-04-06T05:35:22.000Z","volume":18000,"label":" ","price":3.98},{"type":"A","date":"2018-04-06T05:35:32.000Z","volume":1000,"label":" ","price":3.98},{"type":"B","date":"2018-04-06T05:36:03.000Z","volume":9000,"label":" ","price":3.97},{"type":"A","date":"2018-04-06T05:37:10.000Z","volume":39000,"label":" ","price":3.98},{"type":"A","date":"2018-04-06T05:37:23.000Z","volume":44000,"label":" ","price":3.98},{"type":"B","date":"2018-04-06T05:37:23.000Z","volume":22000,"label":" ","price":3.98},{"type":"B","date":"2018-04-06T05:37:48.000Z","volume":34000,"label":"Y","price":3.98},{"type":"B","date":"2018-04-06T05:37:48.000Z","volume":237000,"label":" ","price":3.98},{"type":"A","date":"2018-04-06T05:38:31.000Z","volume":20000,"label":" ","price":3.99},{"type":"A","date":"2018-04-06T05:39:02.000Z","volume":11000,"label":" ","price":3.99},{"type":"A","date":"2018-04-06T05:39:55.000Z","volume":1000,"label":" ","price":3.99},{"type":"A","date":"2018-04-06T05:42:04.000Z","volume":1000,"label":" ","price":3.99},{"type":"A","date":"2018-04-06T05:43:20.000Z","volume":1000,"label":" ","price":3.99},{"type":"A","date":"2018-04-06T05:43:49.000Z","volume":7000,"label":" ","price":3.99},{"type":"A","date":"2018-04-06T05:43:51.000Z","volume":4000,"label":" ","price":3.99},{"type":"A","date":"2018-04-06T05:44:02.000Z","volume":1000,"label":" ","price":3.99},{"type":"A","date":"2018-04-06T05:44:14.000Z","volume":1000,"label":" ","price":3.99},{"type":"A","date":"2018-04-06T05:44:43.000Z","volume":16000,"label":" ","price":3.99},{"type":"A","date":"2018-04-06T05:44:52.000Z","volume":3000,"label":" ","price":3.99},{"type":"A","date":"2018-04-06T05:44:54.000Z","volume":46000,"label":" ","price":3.99},{"type":"A","date":"2018-04-06T05:45:01.000Z","volume":7000,"label":" ","price":4},{"type":"B","date":"2018-04-06T05:45:03.000Z","volume":1000,"label":"Y","price":4},{"type":"B","date":"2018-04-06T05:45:03.000Z","volume":15000,"label":" ","price":4},{"type":"A","date":"2018-04-06T05:45:06.000Z","volume":1000,"label":" ","price":4.01},{"type":"A","date":"2018-04-06T05:45:25.000Z","volume":2000,"label":" ","price":4.01},{"type":"A","date":"2018-04-06T05:45:39.000Z","volume":9000,"label":" ","price":4.01},{"type":"B","date":"2018-04-06T05:45:46.000Z","volume":21000,"label":" ","price":4.01},{"type":"A","date":"2018-04-06T05:45:46.000Z","volume":2000,"label":" ","price":4.01},{"type":"A","date":"2018-04-06T05:47:43.000Z","volume":17000,"label":" ","price":4.01},{"type":"A","date":"2018-04-06T05:50:04.000Z","volume":1000,"label":" ","price":4.01},{"type":"A","date":"2018-04-06T05:50:13.000Z","volume":1000,"label":" ","price":4.01},{"type":"A","date":"2018-04-06T05:50:30.000Z","volume":1000,"label":" ","price":4.01},{"type":"A","date":"2018-04-06T05:50:30.000Z","volume":4000,"label":" ","price":4.01},{"type":"A","date":"2018-04-06T05:50:44.000Z","volume":18000,"label":" ","price":4.01},{"type":"A","date":"2018-04-06T05:52:06.000Z","volume":205000,"label":" ","price":4.01},{"type":"A","date":"2018-04-06T05:52:06.000Z","volume":1000,"label":" ","price":4.01},{"type":"A","date":"2018-04-06T05:53:43.000Z","volume":10000,"label":" ","price":4.01},{"type":"A","date":"2018-04-06T05:53:44.000Z","volume":18000,"label":" ","price":4.01},{"type":"A","date":"2018-04-06T05:53:44.000Z","volume":12000,"label":" ","price":4.01},{"type":"A","date":"2018-04-06T05:53:44.000Z","volume":1000,"label":" ","price":4.01},{"type":"A","date":"2018-04-06T05:53:44.000Z","volume":3000,"label":" ","price":4.01},{"type":"A","date":"2018-04-06T05:53:44.000Z","volume":1000,"label":"Y","price":4.01},{"type":"A","date":"2018-04-06T05:53:44.000Z","volume":9000,"label":" ","price":4.01},{"type":"A","date":"2018-04-06T05:53:45.000Z","volume":1000,"label":" ","price":4.02},{"type":"A","date":"2018-04-06T05:55:00.000Z","volume":1000,"label":" ","price":4.02},{"type":"A","date":"2018-04-06T05:56:12.000Z","volume":1000,"label":" ","price":4.02},{"type":"A","date":"2018-04-06T05:57:05.000Z","volume":19000,"label":" ","price":4.02},{"type":"A","date":"2018-04-06T05:58:28.000Z","volume":1000,"label":" ","price":4.02},{"type":"A","date":"2018-04-06T05:58:57.000Z","volume":10000,"label":" ","price":4.02},{"type":"A","date":"2018-04-06T06:00:20.000Z","volume":19000,"label":" ","price":4.02},{"type":"A","date":"2018-04-06T06:01:51.000Z","volume":1000,"label":" ","price":4.02},{"type":"A","date":"2018-04-06T06:02:32.000Z","volume":1000,"label":" ","price":4.02},{"type":"B","date":"2018-04-06T06:03:04.000Z","volume":12000,"label":" ","price":4.01},{"type":"A","date":"2018-04-06T06:03:48.000Z","volume":11000,"label":" ","price":4.02},{"type":"A","date":"2018-04-06T06:05:46.000Z","volume":19000,"label":" ","price":4.02},{"type":"A","date":"2018-04-06T06:06:02.000Z","volume":150000,"label":" ","price":4.02},{"type":"A","date":"2018-04-06T06:06:02.000Z","volume":30000,"label":" ","price":4.02},{"type":"A","date":"2018-04-06T06:06:44.000Z","volume":9000,"label":" ","price":4.02},{"type":"B","date":"2018-04-06T06:06:44.000Z","volume":5000,"label":" ","price":4.02},{"type":"B","date":"2018-04-06T06:06:44.000Z","volume":3000,"label":"Y","price":4.02},{"type":"B","date":"2018-04-06T06:06:44.000Z","volume":24000,"label":" ","price":4.02},{"type":"U","date":"2018-04-06T06:06:44.000Z","volume":17000,"label":"Y","price":4.02},{"type":"B","date":"2018-04-06T06:06:49.000Z","volume":4000,"label":" ","price":4.02},{"type":"B","date":"2018-04-06T06:06:56.000Z","volume":200000,"label":" ","price":4.02},{"type":"B","date":"2018-04-06T06:06:56.000Z","volume":3000,"label":" ","price":4.02},{"type":"A","date":"2018-04-06T06:07:16.000Z","volume":1000,"label":" ","price":4.02},{"type":"A","date":"2018-04-06T06:07:47.000Z","volume":1000,"label":" ","price":4.02},{"type":"A","date":"2018-04-06T06:08:09.000Z","volume":148000,"label":" ","price":4.02},{"type":"A","date":"2018-04-06T06:08:34.000Z","volume":2000,"label":" ","price":4.02},{"type":"A","date":"2018-04-06T06:08:54.000Z","volume":2000,"label":" ","price":4.02},{"type":"A","date":"2018-04-06T06:08:54.000Z","volume":17000,"label":" ","price":4.02},{"type":"B","date":"2018-04-06T06:08:59.000Z","volume":9000,"label":" ","price":4.02},{"type":"B","date":"2018-04-06T06:08:59.000Z","volume":1000,"label":" ","price":4.02},{"type":"B","date":"2018-04-06T06:09:05.000Z","volume":1000,"label":" ","price":4.02},{"type":"B","date":"2018-04-06T06:09:06.000Z","volume":1000,"label":" ","price":4.02},{"type":"A","date":"2018-04-06T06:09:28.000Z","volume":150000,"label":" ","price":4.02},{"type":"A","date":"2018-04-06T06:10:22.000Z","volume":1000,"label":" ","price":4.02},{"type":"A","date":"2018-04-06T06:11:06.000Z","volume":85000,"label":" ","price":4.02},{"type":"A","date":"2018-04-06T06:11:17.000Z","volume":1000,"label":" ","price":4.02},{"type":"A","date":"2018-04-06T06:11:53.000Z","volume":23000,"label":" ","price":4.02},{"type":"A","date":"2018-04-06T06:12:47.000Z","volume":190000,"label":" ","price":4.02},{"type":"A","date":"2018-04-06T06:12:55.000Z","volume":1000,"label":" ","price":4.02},{"type":"A","date":"2018-04-06T06:13:42.000Z","volume":1000,"label":" ","price":4.02},{"type":"A","date":"2018-04-06T06:15:58.000Z","volume":1000,"label":" ","price":4.02},{"type":"A","date":"2018-04-06T06:15:58.000Z","volume":24000,"label":" ","price":4.02},{"type":"A","date":"2018-04-06T06:15:58.000Z","volume":3000,"label":" ","price":4.02},{"type":"A","date":"2018-04-06T06:15:58.000Z","volume":12000,"label":" ","price":4.02},{"type":"A","date":"2018-04-06T06:15:58.000Z","volume":1000,"label":" ","price":4.03},{"type":"B","date":"2018-04-06T06:16:00.000Z","volume":7000,"label":" ","price":4.01},{"type":"A","date":"2018-04-06T06:16:12.000Z","volume":1000,"label":" ","price":4.03},{"type":"A","date":"2018-04-06T06:18:02.000Z","volume":4000,"label":" ","price":4.03},{"type":"A","date":"2018-04-06T06:18:04.000Z","volume":7000,"label":" ","price":4.03},{"type":"A","date":"2018-04-06T06:18:11.000Z","volume":92000,"label":" ","price":4.02},{"type":"A","date":"2018-04-06T06:18:11.000Z","volume":3000,"label":" ","price":4.02},{"type":"A","date":"2018-04-06T06:18:11.000Z","volume":6000,"label":" ","price":4.02},{"type":"A","date":"2018-04-06T06:18:11.000Z","volume":5000,"label":" ","price":4.03},{"type":"A","date":"2018-04-06T06:19:16.000Z","volume":1000,"label":" ","price":4.03},{"type":"A","date":"2018-04-06T06:19:22.000Z","volume":1000,"label":" ","price":4.03},{"type":"A","date":"2018-04-06T06:20:37.000Z","volume":150000,"label":" ","price":4.02},{"type":"A","date":"2018-04-06T06:20:37.000Z","volume":5000,"label":" ","price":4.02},{"type":"A","date":"2018-04-06T06:21:03.000Z","volume":10000,"label":" ","price":4.02},{"type":"A","date":"2018-04-06T06:21:29.000Z","volume":18000,"label":" ","price":4.02},{"type":"A","date":"2018-04-06T06:23:13.000Z","volume":11000,"label":" ","price":4.03},{"type":"A","date":"2018-04-06T06:24:19.000Z","volume":1000,"label":" ","price":4.03},{"type":"A","date":"2018-04-06T06:24:36.000Z","volume":1000,"label":" ","price":4.03},{"type":"B","date":"2018-04-06T06:24:54.000Z","volume":12000,"label":" ","price":4.01},{"type":"B","date":"2018-04-06T06:24:54.000Z","volume":1000,"label":"Y","price":4.01},{"type":"B","date":"2018-04-06T06:24:54.000Z","volume":54000,"label":" ","price":4.01},{"type":"B","date":"2018-04-06T06:24:54.000Z","volume":12000,"label":" ","price":4.01},{"type":"A","date":"2018-04-06T06:24:56.000Z","volume":160000,"label":" ","price":4.02},{"type":"A","date":"2018-04-06T06:27:17.000Z","volume":1000,"label":" ","price":4.02},{"type":"A","date":"2018-04-06T06:28:43.000Z","volume":1000,"label":" ","price":4.02},{"type":"A","date":"2018-04-06T06:29:13.000Z","volume":22000,"label":" ","price":4.02},{"type":"A","date":"2018-04-06T06:31:55.000Z","volume":63000,"label":" ","price":4.02},{"type":"B","date":"2018-04-06T06:32:15.000Z","volume":50000,"label":" ","price":4.01},{"type":"A","date":"2018-04-06T06:32:41.000Z","volume":1000,"label":" ","price":4.03},{"type":"B","date":"2018-04-06T06:33:51.000Z","volume":100000,"label":" ","price":4.02},{"type":"B","date":"2018-04-06T06:33:51.000Z","volume":8000,"label":" ","price":4.02},{"type":"B","date":"2018-04-06T06:35:09.000Z","volume":100000,"label":" ","price":4.01},{"type":"B","date":"2018-04-06T06:37:09.000Z","volume":1000,"label":" ","price":4.01},{"type":"A","date":"2018-04-06T06:38:01.000Z","volume":1000,"label":" ","price":4.03},{"type":"U","date":"2018-04-06T06:38:59.000Z","volume":1000,"label":"X","price":4.02},{"type":"B","date":"2018-04-06T06:41:34.000Z","volume":1000,"label":" ","price":4.02},{"type":"U","date":"2018-04-06T06:41:34.000Z","volume":25000,"label":" ","price":4.02},{"type":"B","date":"2018-04-06T06:41:34.000Z","volume":1000,"label":" ","price":4.02},{"type":"B","date":"2018-04-06T06:41:39.000Z","volume":1000,"label":" ","price":4.02},{"type":"A","date":"2018-04-06T06:42:35.000Z","volume":11000,"label":" ","price":4.03},{"type":"A","date":"2018-04-06T06:43:49.000Z","volume":1000,"label":" ","price":4.03},{"type":"A","date":"2018-04-06T06:47:30.000Z","volume":10000,"label":" ","price":4.03},{"type":"A","date":"2018-04-06T06:48:13.000Z","volume":25000,"label":" ","price":4.03},{"type":"A","date":"2018-04-06T06:49:09.000Z","volume":1000,"label":" ","price":4.03},{"type":"A","date":"2018-04-06T06:50:14.000Z","volume":1000,"label":" ","price":4.03},{"type":"B","date":"2018-04-06T06:50:22.000Z","volume":12000,"label":" ","price":4.02},{"type":"B","date":"2018-04-06T06:50:22.000Z","volume":2000,"label":" ","price":4.02},{"type":"B","date":"2018-04-06T06:50:25.000Z","volume":1000,"label":"Y","price":4.02},{"type":"B","date":"2018-04-06T06:50:25.000Z","volume":16000,"label":" ","price":4.02},{"type":"B","date":"2018-04-06T06:50:27.000Z","volume":2000,"label":" ","price":4.02},{"type":"B","date":"2018-04-06T06:50:43.000Z","volume":72000,"label":" ","price":4.02},{"type":"A","date":"2018-04-06T06:50:43.000Z","volume":3000,"label":" ","price":4.02},{"type":"B","date":"2018-04-06T06:51:13.000Z","volume":31000,"label":" ","price":4.01},{"type":"A","date":"2018-04-06T06:51:13.000Z","volume":19000,"label":" ","price":4.01},{"type":"B","date":"2018-04-06T06:52:49.000Z","volume":14000,"label":" ","price":4.01},{"type":"B","date":"2018-04-06T06:53:22.000Z","volume":1000,"label":" ","price":4.01},{"type":"A","date":"2018-04-06T06:57:24.000Z","volume":1000,"label":" ","price":4.02},{"type":"A","date":"2018-04-06T06:57:35.000Z","volume":1000,"label":" ","price":4.02},{"type":"A","date":"2018-04-06T06:57:58.000Z","volume":100000,"label":" ","price":4.01},{"type":"A","date":"2018-04-06T06:58:00.000Z","volume":9000,"label":" ","price":4.01},{"type":"B","date":"2018-04-06T06:58:02.000Z","volume":1000,"label":" ","price":4.01},{"type":"A","date":"2018-04-06T06:59:51.000Z","volume":1000,"label":" ","price":4.02},{"type":"B","date":"2018-04-06T07:01:09.000Z","volume":1000,"label":" ","price":4.01},{"type":"A","date":"2018-04-06T07:01:20.000Z","volume":3000,"label":" ","price":4.02},{"type":"A","date":"2018-04-06T07:02:07.000Z","volume":7000,"label":" ","price":4.02},{"type":"A","date":"2018-04-06T07:02:09.000Z","volume":5000,"label":" ","price":4.02},{"type":"A","date":"2018-04-06T07:03:01.000Z","volume":1000,"label":" ","price":4.02},{"type":"A","date":"2018-04-06T07:03:10.000Z","volume":95000,"label":" ","price":4.02},{"type":"B","date":"2018-04-06T07:03:10.000Z","volume":5000,"label":" ","price":4.02},{"type":"B","date":"2018-04-06T07:03:10.000Z","volume":18000,"label":"Y","price":4.02},{"type":"B","date":"2018-04-06T07:03:11.000Z","volume":1000,"label":" ","price":4.02},{"type":"A","date":"2018-04-06T07:03:52.000Z","volume":25000,"label":" ","price":4.03},{"type":"B","date":"2018-04-06T07:05:16.000Z","volume":12000,"label":" ","price":4.02},{"type":"B","date":"2018-04-06T07:05:18.000Z","volume":1000,"label":" ","price":4.02},{"type":"A","date":"2018-04-06T07:07:07.000Z","volume":10000,"label":" ","price":4.03},{"type":"A","date":"2018-04-06T07:08:46.000Z","volume":1000,"label":" ","price":4.03},{"type":"A","date":"2018-04-06T07:10:57.000Z","volume":1000,"label":" ","price":4.03},{"type":"A","date":"2018-04-06T07:11:29.000Z","volume":11000,"label":" ","price":4.03},{"type":"A","date":"2018-04-06T07:11:48.000Z","volume":1000,"label":" ","price":4.03},{"type":"A","date":"2018-04-06T07:13:17.000Z","volume":25000,"label":" ","price":4.03},{"type":"A","date":"2018-04-06T07:14:00.000Z","volume":1000,"label":" ","price":4.03},{"type":"B","date":"2018-04-06T07:14:01.000Z","volume":20000,"label":" ","price":4.02},{"type":"B","date":"2018-04-06T07:14:02.000Z","volume":3000,"label":" ","price":4.02},{"type":"B","date":"2018-04-06T07:14:11.000Z","volume":1000,"label":" ","price":4.02},{"type":"A","date":"2018-04-06T07:16:31.000Z","volume":11000,"label":" ","price":4.03},{"type":"B","date":"2018-04-06T07:16:35.000Z","volume":1000,"label":" ","price":4.02},{"type":"A","date":"2018-04-06T07:16:42.000Z","volume":1000,"label":" ","price":4.03},{"type":"A","date":"2018-04-06T07:18:13.000Z","volume":1000,"label":" ","price":4.03},{"type":"A","date":"2018-04-06T07:18:58.000Z","volume":24000,"label":" ","price":4.03},{"type":"A","date":"2018-04-06T07:19:13.000Z","volume":1000,"label":" ","price":4.03},{"type":"A","date":"2018-04-06T07:21:42.000Z","volume":9000,"label":" ","price":4.03},{"type":"A","date":"2018-04-06T07:22:18.000Z","volume":1000,"label":" ","price":4.03},{"type":"A","date":"2018-04-06T07:22:18.000Z","volume":1000,"label":" ","price":4.03},{"type":"A","date":"2018-04-06T07:23:19.000Z","volume":27000,"label":" ","price":4.03},{"type":"B","date":"2018-04-06T07:23:24.000Z","volume":1000,"label":"Y","price":4.02},{"type":"B","date":"2018-04-06T07:23:24.000Z","volume":17000,"label":" ","price":4.02},{"type":"B","date":"2018-04-06T07:23:24.000Z","volume":2000,"label":" ","price":4.02},{"type":"B","date":"2018-04-06T07:23:24.000Z","volume":15000,"label":"Y","price":4.02},{"type":"B","date":"2018-04-06T07:23:24.000Z","volume":38000,"label":" ","price":4.02},{"type":"B","date":"2018-04-06T07:23:24.000Z","volume":3000,"label":"Y","price":4.02},{"type":"B","date":"2018-04-06T07:23:24.000Z","volume":9000,"label":" ","price":4.02},{"type":"B","date":"2018-04-06T07:23:41.000Z","volume":1000,"label":" ","price":4.02},{"type":"A","date":"2018-04-06T07:23:56.000Z","volume":13000,"label":" ","price":4.02},{"type":"A","date":"2018-04-06T07:27:05.000Z","volume":1000,"label":" ","price":4.02},{"type":"A","date":"2018-04-06T07:27:24.000Z","volume":1000,"label":" ","price":4.02},{"type":"A","date":"2018-04-06T07:28:02.000Z","volume":4000,"label":" ","price":4.02},{"type":"A","date":"2018-04-06T07:30:01.000Z","volume":1000,"label":" ","price":4.02},{"type":"A","date":"2018-04-06T07:30:22.000Z","volume":1000,"label":" ","price":4.02},{"type":"A","date":"2018-04-06T07:31:36.000Z","volume":1000,"label":" ","price":4.02},{"type":"A","date":"2018-04-06T07:31:38.000Z","volume":2000,"label":" ","price":4.02},{"type":"A","date":"2018-04-06T07:32:46.000Z","volume":3000,"label":" ","price":4.02},{"type":"A","date":"2018-04-06T07:32:48.000Z","volume":1000,"label":" ","price":4.02},{"type":"A","date":"2018-04-06T07:32:48.000Z","volume":1000,"label":" ","price":4.02},{"type":"A","date":"2018-04-06T07:33:28.000Z","volume":50000,"label":" ","price":4.02},{"type":"B","date":"2018-04-06T07:33:28.000Z","volume":1000,"label":" ","price":4.01},{"type":"A","date":"2018-04-06T07:33:28.000Z","volume":3000,"label":" ","price":4.02},{"type":"A","date":"2018-04-06T07:33:32.000Z","volume":1000,"label":"Y","price":4.02},{"type":"A","date":"2018-04-06T07:34:05.000Z","volume":1000,"label":" ","price":4.02},{"type":"A","date":"2018-04-06T07:34:07.000Z","volume":2000,"label":" ","price":4.02},{"type":"A","date":"2018-04-06T07:34:42.000Z","volume":100000,"label":" ","price":4.02},{"type":"A","date":"2018-04-06T07:34:42.000Z","volume":4000,"label":" ","price":4.02},{"type":"B","date":"2018-04-06T07:34:42.000Z","volume":1000,"label":" ","price":4.01},{"type":"A","date":"2018-04-06T07:35:17.000Z","volume":2000,"label":" ","price":4.02},{"type":"A","date":"2018-04-06T07:35:19.000Z","volume":2000,"label":" ","price":4.02},{"type":"A","date":"2018-04-06T07:35:51.000Z","volume":1000,"label":"Y","price":4.02},{"type":"A","date":"2018-04-06T07:36:25.000Z","volume":1000,"label":" ","price":4.02},{"type":"A","date":"2018-04-06T07:36:27.000Z","volume":2000,"label":" ","price":4.02},{"type":"A","date":"2018-04-06T07:36:55.000Z","volume":1000,"label":" ","price":4.02},{"type":"A","date":"2018-04-06T07:37:28.000Z","volume":3000,"label":" ","price":4.02},{"type":"A","date":"2018-04-06T07:37:28.000Z","volume":3000,"label":" ","price":4.02},{"type":"A","date":"2018-04-06T07:37:30.000Z","volume":1000,"label":" ","price":4.02},{"type":"A","date":"2018-04-06T07:38:25.000Z","volume":1000,"label":" ","price":4.02},{"type":"A","date":"2018-04-06T07:38:26.000Z","volume":2000,"label":" ","price":4.02},{"type":"A","date":"2018-04-06T07:38:28.000Z","volume":1000,"label":" ","price":4.02},{"type":"A","date":"2018-04-06T07:38:36.000Z","volume":2000,"label":" ","price":4.02},{"type":"A","date":"2018-04-06T07:40:05.000Z","volume":2000,"label":" ","price":4.02},{"type":"A","date":"2018-04-06T07:40:06.000Z","volume":6000,"label":" ","price":4.02},{"type":"A","date":"2018-04-06T07:40:07.000Z","volume":1000,"label":" ","price":4.02},{"type":"A","date":"2018-04-06T07:40:07.000Z","volume":2000,"label":" ","price":4.02},{"type":"A","date":"2018-04-06T07:40:54.000Z","volume":3000,"label":" ","price":4.02},{"type":"B","date":"2018-04-06T07:40:54.000Z","volume":1000,"label":" ","price":4.01},{"type":"A","date":"2018-04-06T07:41:14.000Z","volume":1000,"label":" ","price":4.02},{"type":"A","date":"2018-04-06T07:41:16.000Z","volume":2000,"label":" ","price":4.02},{"type":"A","date":"2018-04-06T07:41:20.000Z","volume":1000,"label":" ","price":4.02},{"type":"A","date":"2018-04-06T07:42:23.000Z","volume":2000,"label":" ","price":4.02},{"type":"A","date":"2018-04-06T07:42:25.000Z","volume":2000,"label":" ","price":4.02},{"type":"A","date":"2018-04-06T07:42:55.000Z","volume":7000,"label":" ","price":4.02},{"type":"A","date":"2018-04-06T07:43:20.000Z","volume":2000,"label":" ","price":4.02},{"type":"A","date":"2018-04-06T07:43:22.000Z","volume":1000,"label":" ","price":4.02},{"type":"A","date":"2018-04-06T07:43:40.000Z","volume":1000,"label":" ","price":4.02},{"type":"A","date":"2018-04-06T07:43:46.000Z","volume":1000,"label":" ","price":4.02},{"type":"A","date":"2018-04-06T07:44:12.000Z","volume":1000,"label":" ","price":4.02},{"type":"A","date":"2018-04-06T07:44:30.000Z","volume":3000,"label":" ","price":4.02},{"type":"A","date":"2018-04-06T07:44:32.000Z","volume":1000,"label":" ","price":4.02},{"type":"A","date":"2018-04-06T07:44:46.000Z","volume":5000,"label":" ","price":4.02},{"type":"A","date":"2018-04-06T07:45:37.000Z","volume":2000,"label":" ","price":4.02},{"type":"A","date":"2018-04-06T07:45:39.000Z","volume":1000,"label":" ","price":4.02},{"type":"A","date":"2018-04-06T07:46:00.000Z","volume":4000,"label":" ","price":4.02},{"type":"A","date":"2018-04-06T07:47:02.000Z","volume":1000,"label":" ","price":4.02},{"type":"A","date":"2018-04-06T07:47:05.000Z","volume":3000,"label":" ","price":4.02},{"type":"A","date":"2018-04-06T07:47:07.000Z","volume":1000,"label":" ","price":4.02},{"type":"A","date":"2018-04-06T07:48:35.000Z","volume":2000,"label":" ","price":4.02},{"type":"A","date":"2018-04-06T07:48:43.000Z","volume":1000,"label":" ","price":4.02},{"type":"A","date":"2018-04-06T07:48:45.000Z","volume":2000,"label":" ","price":4.02},{"type":"A","date":"2018-04-06T07:49:17.000Z","volume":5000,"label":" ","price":4.02},{"type":"A","date":"2018-04-06T07:49:20.000Z","volume":2000,"label":" ","price":4.02},{"type":"A","date":"2018-04-06T07:49:22.000Z","volume":2000,"label":" ","price":4.02},{"type":"A","date":"2018-04-06T07:49:22.000Z","volume":3000,"label":" ","price":4.02},{"type":"B","date":"2018-04-06T07:49:26.000Z","volume":7000,"label":" ","price":4.01},{"type":"B","date":"2018-04-06T07:49:50.000Z","volume":10000,"label":" ","price":4.01},{"type":"B","date":"2018-04-06T07:49:50.000Z","volume":2000,"label":" ","price":4.01},{"type":"A","date":"2018-04-06T07:50:00.000Z","volume":1000,"label":" ","price":4.02},{"type":"A","date":"2018-04-06T07:50:08.000Z","volume":1000,"label":" ","price":4.02},{"type":"A","date":"2018-04-06T07:50:09.000Z","volume":66000,"label":" ","price":4.02},{"type":"A","date":"2018-04-06T07:50:09.000Z","volume":5000,"label":" ","price":4.02},{"type":"B","date":"2018-04-06T07:50:09.000Z","volume":1000,"label":" ","price":4.01},{"type":"A","date":"2018-04-06T07:50:43.000Z","volume":10000,"label":" ","price":4.02},{"type":"A","date":"2018-04-06T07:50:51.000Z","volume":50000,"label":" ","price":4.02},{"type":"B","date":"2018-04-06T07:50:51.000Z","volume":1000,"label":" ","price":4.02},{"type":"B","date":"2018-04-06T07:50:51.000Z","volume":1000,"label":" ","price":4.02},{"type":"B","date":"2018-04-06T07:50:51.000Z","volume":1000,"label":" ","price":4.02},{"type":"B","date":"2018-04-06T07:50:51.000Z","volume":1000,"label":" ","price":4.02},{"type":"A","date":"2018-04-06T07:50:58.000Z","volume":4000,"label":" ","price":4.03},{"type":"A","date":"2018-04-06T07:51:12.000Z","volume":1000,"label":" ","price":4.03},{"type":"A","date":"2018-04-06T07:52:35.000Z","volume":7000,"label":" ","price":4.03},{"type":"B","date":"2018-04-06T07:52:54.000Z","volume":4000,"label":" ","price":4.02},{"type":"A","date":"2018-04-06T07:52:54.000Z","volume":1000,"label":" ","price":4.03},{"type":"A","date":"2018-04-06T07:52:58.000Z","volume":3000,"label":" ","price":4.03},{"type":"A","date":"2018-04-06T07:54:08.000Z","volume":1000,"label":" ","price":4.03},{"type":"A","date":"2018-04-06T07:54:57.000Z","volume":7000,"label":" ","price":4.03},{"type":"B","date":"2018-04-06T07:55:04.000Z","volume":50000,"label":" ","price":4.02},{"type":"B","date":"2018-04-06T07:55:04.000Z","volume":1000,"label":" ","price":4.02},{"type":"A","date":"2018-04-06T07:55:13.000Z","volume":1000,"label":" ","price":4.03},{"type":"B","date":"2018-04-06T07:55:28.000Z","volume":10000,"label":" ","price":4.02},{"type":"B","date":"2018-04-06T07:55:29.000Z","volume":1000,"label":" ","price":4.02},{"type":"B","date":"2018-04-06T07:55:29.000Z","volume":6000,"label":" ","price":4.02},{"type":"B","date":"2018-04-06T07:55:37.000Z","volume":1000,"label":" ","price":4.02},{"type":"A","date":"2018-04-06T07:56:51.000Z","volume":1000,"label":" ","price":4.03},{"type":"A","date":"2018-04-06T07:57:24.000Z","volume":6000,"label":" ","price":4.03},{"type":"A","date":"2018-04-06T07:57:47.000Z","volume":1000,"label":" ","price":4.03},{"type":"A","date":"2018-04-06T07:57:51.000Z","volume":1000,"label":" ","price":4.03},{"type":"B","date":"2018-04-06T07:57:54.000Z","volume":50000,"label":" ","price":4.02},{"type":"B","date":"2018-04-06T07:57:54.000Z","volume":6000,"label":" ","price":4.02},{"type":"B","date":"2018-04-06T07:57:54.000Z","volume":1000,"label":" ","price":4.02},{"type":"A","date":"2018-04-06T07:58:35.000Z","volume":1000,"label":" ","price":4.03},{"type":"A","date":"2018-04-06T07:58:58.000Z","volume":1000,"label":" ","price":4.03},{"type":"B","date":"2018-04-06T07:59:25.000Z","volume":1000,"label":" ","price":4.02},{"type":"A","date":"2018-04-06T07:59:28.000Z","volume":2000,"label":" ","price":4.03},{"type":"A","date":"2018-04-06T07:59:34.000Z","volume":1000,"label":" ","price":4.03},{"type":"A","date":"2018-04-06T07:59:43.000Z","volume":1000,"label":" ","price":4.03},{"type":"A","date":"2018-04-06T07:59:43.000Z","volume":1000,"label":" ","price":4.03},{"type":"A","date":"2018-04-06T07:59:46.000Z","volume":1000,"label":" ","price":4.03},{"type":"A","date":"2018-04-06T07:59:50.000Z","volume":1000,"label":" ","price":4.03},{"type":"A","date":"2018-04-06T07:59:52.000Z","volume":1000,"label":" ","price":4.03},{"type":"A","date":"2018-04-06T07:59:54.000Z","volume":1000,"label":" ","price":4.03},{"type":"A","date":"2018-04-06T07:59:57.000Z","volume":1000,"label":" ","price":4.03},{"type":"U","date":"2018-04-06T08:08:20.000Z","volume":392000,"label":"U","price":4.03}]