[{"type":"U","date":"2018-03-20T01:05:00.000Z","volume":950,"label":"P","price":53.3},{"type":"U","date":"2018-03-20T01:20:00.000Z","volume":8000,"label":"U","price":53.4},{"type":"B","date":"2018-03-20T01:30:02.000Z","volume":1000,"label":" ","price":53.45},{"type":"B","date":"2018-03-20T01:30:11.000Z","volume":2000,"label":" ","price":53.45},{"type":"B","date":"2018-03-20T01:32:23.000Z","volume":10000,"label":" ","price":53.45},{"type":"U","date":"2018-03-20T01:32:23.000Z","volume":1000,"label":"X","price":53.45},{"type":"U","date":"2018-03-20T01:32:23.000Z","volume":1000,"label":"X","price":53.45},{"type":"B","date":"2018-03-20T01:32:25.000Z","volume":2000,"label":" ","price":53.45},{"type":"B","date":"2018-03-20T01:32:25.000Z","volume":1000,"label":" ","price":53.45},{"type":"U","date":"2018-03-20T01:32:26.000Z","volume":1000,"label":" ","price":53.6},{"type":"U","date":"2018-03-20T01:32:26.000Z","volume":1000,"label":"Y","price":53.45},{"type":"U","date":"2018-03-20T01:32:26.000Z","volume":1000,"label":"Y","price":53.45},{"type":"B","date":"2018-03-20T01:32:27.000Z","volume":1000,"label":" ","price":53.45},{"type":"B","date":"2018-03-20T01:35:12.000Z","volume":1000,"label":" ","price":53.5},{"type":"B","date":"2018-03-20T01:37:51.000Z","volume":4000,"label":" ","price":53.5},{"type":"B","date":"2018-03-20T01:37:51.000Z","volume":1000,"label":" ","price":53.5},{"type":"B","date":"2018-03-20T01:37:51.000Z","volume":3000,"label":" ","price":53.5},{"type":"B","date":"2018-03-20T01:37:51.000Z","volume":1000,"label":" ","price":53.5},{"type":"A","date":"2018-03-20T01:37:51.000Z","volume":1000,"label":" ","price":53.55},{"type":"A","date":"2018-03-20T01:39:41.000Z","volume":5000,"label":" ","price":53.5},{"type":"A","date":"2018-03-20T01:39:51.000Z","volume":2000,"label":" ","price":53.5},{"type":"A","date":"2018-03-20T01:41:26.000Z","volume":3000,"label":" ","price":53.5},{"type":"A","date":"2018-03-20T01:41:26.000Z","volume":3000,"label":" ","price":53.5},{"type":"U","date":"2018-03-20T01:41:32.000Z","volume":1000,"label":" ","price":53.7},{"type":"U","date":"2018-03-20T01:43:08.000Z","volume":1000,"label":" ","price":53.7},{"type":"U","date":"2018-03-20T01:43:16.000Z","volume":830,"label":"D","price":53.7},{"type":"U","date":"2018-03-20T01:51:18.000Z","volume":710,"label":"D","price":53.4},{"type":"A","date":"2018-03-20T01:51:27.000Z","volume":1000,"label":" ","price":53.7},{"type":"A","date":"2018-03-20T01:53:45.000Z","volume":1000,"label":" ","price":53.7},{"type":"A","date":"2018-03-20T01:58:55.000Z","volume":1000,"label":" ","price":53.8},{"type":"A","date":"2018-03-20T01:59:28.000Z","volume":2000,"label":" ","price":53.8},{"type":"A","date":"2018-03-20T01:59:28.000Z","volume":1000,"label":" ","price":53.8},{"type":"A","date":"2018-03-20T01:59:29.000Z","volume":1000,"label":" ","price":53.9},{"type":"A","date":"2018-03-20T02:00:20.000Z","volume":5000,"label":" ","price":53.9},{"type":"A","date":"2018-03-20T02:00:20.000Z","volume":2000,"label":" ","price":53.9},{"type":"A","date":"2018-03-20T02:00:20.000Z","volume":1000,"label":" ","price":53.95},{"type":"U","date":"2018-03-20T02:00:21.000Z","volume":1000,"label":" ","price":53.9},{"type":"U","date":"2018-03-20T02:00:21.000Z","volume":1000,"label":" ","price":53.9},{"type":"A","date":"2018-03-20T02:00:22.000Z","volume":1000,"label":" ","price":53.95},{"type":"A","date":"2018-03-20T02:00:23.000Z","volume":1000,"label":" ","price":53.95},{"type":"A","date":"2018-03-20T02:00:44.000Z","volume":1000,"label":" ","price":54.15},{"type":"U","date":"2018-03-20T02:00:47.000Z","volume":1000,"label":" ","price":54.1},{"type":"U","date":"2018-03-20T02:00:47.000Z","volume":1000,"label":" ","price":54.1},{"type":"B","date":"2018-03-20T02:00:47.000Z","volume":1000,"label":" ","price":54.1},{"type":"A","date":"2018-03-20T02:00:48.000Z","volume":1000,"label":" ","price":54.15},{"type":"A","date":"2018-03-20T02:00:49.000Z","volume":1000,"label":" ","price":54.15},{"type":"B","date":"2018-03-20T02:01:06.000Z","volume":1000,"label":" ","price":54.1},{"type":"B","date":"2018-03-20T02:01:07.000Z","volume":4000,"label":" ","price":54.1},{"type":"B","date":"2018-03-20T02:01:07.000Z","volume":1000,"label":" ","price":53.95},{"type":"B","date":"2018-03-20T02:01:07.000Z","volume":1000,"label":" ","price":53.95},{"type":"A","date":"2018-03-20T02:01:11.000Z","volume":1000,"label":" ","price":54.05},{"type":"A","date":"2018-03-20T02:02:09.000Z","volume":2000,"label":" ","price":54},{"type":"A","date":"2018-03-20T02:02:09.000Z","volume":1000,"label":" ","price":54},{"type":"A","date":"2018-03-20T02:05:20.000Z","volume":1000,"label":" ","price":54},{"type":"A","date":"2018-03-20T02:05:21.000Z","volume":1000,"label":" ","price":54},{"type":"A","date":"2018-03-20T02:05:21.000Z","volume":1000,"label":" ","price":54},{"type":"U","date":"2018-03-20T02:05:31.000Z","volume":1000,"label":" ","price":54.1},{"type":"U","date":"2018-03-20T02:05:31.000Z","volume":1000,"label":" ","price":54.1},{"type":"A","date":"2018-03-20T02:05:32.000Z","volume":1000,"label":" ","price":54.15},{"type":"U","date":"2018-03-20T02:07:03.000Z","volume":1000,"label":" ","price":54.1},{"type":"B","date":"2018-03-20T02:07:03.000Z","volume":1000,"label":" ","price":54.05},{"type":"B","date":"2018-03-20T02:07:07.000Z","volume":1000,"label":" ","price":54},{"type":"B","date":"2018-03-20T02:07:07.000Z","volume":1000,"label":" ","price":53.95},{"type":"B","date":"2018-03-20T02:09:47.000Z","volume":1000,"label":" ","price":54},{"type":"B","date":"2018-03-20T02:10:05.000Z","volume":3000,"label":" ","price":54},{"type":"A","date":"2018-03-20T02:15:22.000Z","volume":1000,"label":" ","price":54},{"type":"A","date":"2018-03-20T02:15:22.000Z","volume":1000,"label":" ","price":54},{"type":"A","date":"2018-03-20T02:16:09.000Z","volume":1000,"label":" ","price":54.05},{"type":"B","date":"2018-03-20T02:16:50.000Z","volume":2000,"label":" ","price":54},{"type":"B","date":"2018-03-20T02:16:50.000Z","volume":1000,"label":" ","price":53.95},{"type":"U","date":"2018-03-20T02:17:17.000Z","volume":1000,"label":"X","price":53.925},{"type":"U","date":"2018-03-20T02:18:11.000Z","volume":1000,"label":"X","price":53.9},{"type":"A","date":"2018-03-20T02:21:16.000Z","volume":1000,"label":" ","price":54},{"type":"U","date":"2018-03-20T02:21:16.000Z","volume":1000,"label":" ","price":53.95},{"type":"A","date":"2018-03-20T02:23:16.000Z","volume":1000,"label":" ","price":54},{"type":"A","date":"2018-03-20T02:23:16.000Z","volume":1000,"label":" ","price":54},{"type":"U","date":"2018-03-20T02:23:16.000Z","volume":1000,"label":"X","price":53.95},{"type":"B","date":"2018-03-20T02:23:30.000Z","volume":1000,"label":" ","price":53.95},{"type":"A","date":"2018-03-20T02:26:32.000Z","volume":1000,"label":" ","price":54},{"type":"A","date":"2018-03-20T02:28:12.000Z","volume":1000,"label":" ","price":54},{"type":"A","date":"2018-03-20T02:30:06.000Z","volume":1000,"label":" ","price":54},{"type":"A","date":"2018-03-20T02:31:37.000Z","volume":1000,"label":" ","price":54},{"type":"A","date":"2018-03-20T02:33:03.000Z","volume":1000,"label":" ","price":54},{"type":"B","date":"2018-03-20T02:33:24.000Z","volume":1000,"label":" ","price":53.95},{"type":"B","date":"2018-03-20T02:34:07.000Z","volume":1000,"label":" ","price":53.95},{"type":"B","date":"2018-03-20T02:34:39.000Z","volume":5000,"label":" ","price":53.95},{"type":"B","date":"2018-03-20T02:35:02.000Z","volume":1000,"label":" ","price":53.85},{"type":"B","date":"2018-03-20T02:35:52.000Z","volume":2000,"label":" ","price":53.75},{"type":"B","date":"2018-03-20T02:35:52.000Z","volume":1000,"label":" ","price":53.75},{"type":"U","date":"2018-03-20T02:36:05.000Z","volume":1000,"label":"X","price":53.8},{"type":"B","date":"2018-03-20T02:37:37.000Z","volume":1000,"label":" ","price":53.65},{"type":"B","date":"2018-03-20T02:39:23.000Z","volume":2000,"label":" ","price":53.7},{"type":"B","date":"2018-03-20T02:41:24.000Z","volume":2000,"label":" ","price":53.75},{"type":"B","date":"2018-03-20T02:42:13.000Z","volume":2000,"label":" ","price":53.7},{"type":"U","date":"2018-03-20T02:42:13.000Z","volume":1000,"label":"X","price":53.7},{"type":"B","date":"2018-03-20T02:42:15.000Z","volume":1000,"label":" ","price":53.7},{"type":"B","date":"2018-03-20T02:45:10.000Z","volume":4000,"label":" ","price":53.65},{"type":"B","date":"2018-03-20T02:47:18.000Z","volume":2000,"label":" ","price":53.55},{"type":"B","date":"2018-03-20T02:49:24.000Z","volume":2000,"label":" ","price":53.45},{"type":"B","date":"2018-03-20T02:49:28.000Z","volume":1000,"label":" ","price":53.45},{"type":"B","date":"2018-03-20T02:49:28.000Z","volume":1000,"label":" ","price":53.45},{"type":"B","date":"2018-03-20T02:49:51.000Z","volume":12000,"label":" ","price":53.4},{"type":"U","date":"2018-03-20T02:49:51.000Z","volume":1000,"label":"X","price":53.4},{"type":"B","date":"2018-03-20T02:50:14.000Z","volume":1000,"label":" ","price":53.4},{"type":"B","date":"2018-03-20T02:50:31.000Z","volume":1000,"label":" ","price":53.4},{"type":"B","date":"2018-03-20T02:51:05.000Z","volume":1000,"label":" ","price":53.4},{"type":"B","date":"2018-03-20T02:52:11.000Z","volume":1000,"label":" ","price":53.4},{"type":"A","date":"2018-03-20T02:52:44.000Z","volume":1000,"label":" ","price":53.45},{"type":"A","date":"2018-03-20T02:53:05.000Z","volume":1000,"label":" ","price":53.45},{"type":"A","date":"2018-03-20T02:53:05.000Z","volume":9000,"label":" ","price":53.45},{"type":"U","date":"2018-03-20T02:53:05.000Z","volume":1000,"label":" ","price":53.45},{"type":"A","date":"2018-03-20T02:53:11.000Z","volume":2000,"label":" ","price":53.6},{"type":"A","date":"2018-03-20T02:53:36.000Z","volume":1000,"label":" ","price":53.6},{"type":"A","date":"2018-03-20T02:54:07.000Z","volume":1000,"label":" ","price":53.6},{"type":"A","date":"2018-03-20T02:54:09.000Z","volume":1000,"label":" ","price":53.6},{"type":"A","date":"2018-03-20T02:56:45.000Z","volume":1000,"label":" ","price":53.65},{"type":"A","date":"2018-03-20T02:58:10.000Z","volume":1000,"label":" ","price":53.65},{"type":"A","date":"2018-03-20T02:58:27.000Z","volume":1000,"label":" ","price":53.65},{"type":"B","date":"2018-03-20T02:58:43.000Z","volume":6000,"label":" ","price":53.65},{"type":"B","date":"2018-03-20T02:58:43.000Z","volume":2000,"label":" ","price":53.6},{"type":"B","date":"2018-03-20T02:58:57.000Z","volume":1000,"label":" ","price":53.55},{"type":"B","date":"2018-03-20T03:00:57.000Z","volume":1000,"label":" ","price":53.55},{"type":"B","date":"2018-03-20T03:02:27.000Z","volume":1000,"label":" ","price":53.6},{"type":"A","date":"2018-03-20T03:06:07.000Z","volume":1000,"label":" ","price":53.65},{"type":"A","date":"2018-03-20T03:06:07.000Z","volume":1000,"label":" ","price":53.65},{"type":"A","date":"2018-03-20T03:07:57.000Z","volume":1000,"label":" ","price":53.65},{"type":"A","date":"2018-03-20T03:08:50.000Z","volume":1000,"label":" ","price":53.7},{"type":"A","date":"2018-03-20T03:09:54.000Z","volume":1000,"label":" ","price":53.7},{"type":"B","date":"2018-03-20T03:10:40.000Z","volume":5000,"label":" ","price":53.65},{"type":"B","date":"2018-03-20T03:10:40.000Z","volume":1000,"label":" ","price":53.65},{"type":"B","date":"2018-03-20T03:10:40.000Z","volume":1000,"label":" ","price":53.65},{"type":"B","date":"2018-03-20T03:10:42.000Z","volume":2000,"label":" ","price":53.6},{"type":"A","date":"2018-03-20T03:10:57.000Z","volume":1000,"label":" ","price":53.55},{"type":"U","date":"2018-03-20T03:12:05.000Z","volume":1000,"label":"X","price":53.475},{"type":"A","date":"2018-03-20T03:12:59.000Z","volume":1000,"label":" ","price":53.5},{"type":"A","date":"2018-03-20T03:13:11.000Z","volume":1000,"label":" ","price":53.55},{"type":"A","date":"2018-03-20T03:13:11.000Z","volume":4000,"label":" ","price":53.55},{"type":"A","date":"2018-03-20T03:13:44.000Z","volume":2000,"label":" ","price":53.75},{"type":"B","date":"2018-03-20T03:14:36.000Z","volume":2000,"label":" ","price":53.7},{"type":"B","date":"2018-03-20T03:14:36.000Z","volume":2000,"label":" ","price":53.7},{"type":"B","date":"2018-03-20T03:14:37.000Z","volume":1000,"label":" ","price":53.7},{"type":"B","date":"2018-03-20T03:14:37.000Z","volume":2000,"label":" ","price":53.65},{"type":"U","date":"2018-03-20T03:15:59.000Z","volume":1000,"label":"X","price":53.55},{"type":"B","date":"2018-03-20T03:17:34.000Z","volume":1000,"label":" ","price":53.5},{"type":"B","date":"2018-03-20T03:18:57.000Z","volume":1000,"label":" ","price":53.55},{"type":"B","date":"2018-03-20T03:20:37.000Z","volume":5000,"label":" ","price":53.55},{"type":"B","date":"2018-03-20T03:20:53.000Z","volume":1000,"label":" ","price":53.55},{"type":"A","date":"2018-03-20T03:23:47.000Z","volume":1000,"label":"Y","price":53.6},{"type":"A","date":"2018-03-20T03:23:47.000Z","volume":16000,"label":" ","price":53.6},{"type":"U","date":"2018-03-20T03:24:32.000Z","volume":2000,"label":" ","price":53.85},{"type":"B","date":"2018-03-20T03:24:32.000Z","volume":4000,"label":" ","price":53.8},{"type":"U","date":"2018-03-20T03:24:32.000Z","volume":1000,"label":" ","price":53.85},{"type":"B","date":"2018-03-20T03:24:32.000Z","volume":3000,"label":" ","price":53.75},{"type":"B","date":"2018-03-20T03:24:32.000Z","volume":1000,"label":" ","price":53.75},{"type":"U","date":"2018-03-20T03:25:27.000Z","volume":1000,"label":"X","price":53.625},{"type":"A","date":"2018-03-20T03:26:40.000Z","volume":2000,"label":" ","price":53.65},{"type":"B","date":"2018-03-20T03:28:04.000Z","volume":1000,"label":" ","price":53.7},{"type":"A","date":"2018-03-20T03:31:01.000Z","volume":1000,"label":" ","price":53.85},{"type":"A","date":"2018-03-20T03:31:14.000Z","volume":4000,"label":" ","price":53.85},{"type":"A","date":"2018-03-20T03:31:14.000Z","volume":10000,"label":" ","price":53.9},{"type":"U","date":"2018-03-20T03:31:54.000Z","volume":1000,"label":"X","price":53.925},{"type":"B","date":"2018-03-20T03:32:07.000Z","volume":4000,"label":" ","price":54.05},{"type":"B","date":"2018-03-20T03:32:07.000Z","volume":1000,"label":" ","price":54},{"type":"B","date":"2018-03-20T03:32:07.000Z","volume":1000,"label":" ","price":54},{"type":"U","date":"2018-03-20T03:32:07.000Z","volume":1000,"label":" ","price":54.05},{"type":"A","date":"2018-03-20T03:32:07.000Z","volume":1000,"label":" ","price":54.1},{"type":"U","date":"2018-03-20T03:36:13.000Z","volume":1000,"label":"X","price":53.975},{"type":"A","date":"2018-03-20T03:37:29.000Z","volume":1000,"label":" ","price":54},{"type":"A","date":"2018-03-20T03:39:09.000Z","volume":1000,"label":" ","price":54},{"type":"A","date":"2018-03-20T03:40:24.000Z","volume":1000,"label":" ","price":54},{"type":"A","date":"2018-03-20T03:41:01.000Z","volume":1000,"label":" ","price":54},{"type":"A","date":"2018-03-20T03:42:53.000Z","volume":1000,"label":" ","price":54},{"type":"A","date":"2018-03-20T03:44:21.000Z","volume":1000,"label":" ","price":54.05},{"type":"A","date":"2018-03-20T03:44:26.000Z","volume":1000,"label":" ","price":54.05},{"type":"A","date":"2018-03-20T03:45:58.000Z","volume":1000,"label":" ","price":54.1},{"type":"A","date":"2018-03-20T03:47:24.000Z","volume":1000,"label":" ","price":54.1},{"type":"A","date":"2018-03-20T03:48:56.000Z","volume":1000,"label":" ","price":54.1},{"type":"A","date":"2018-03-20T03:49:14.000Z","volume":1000,"label":" ","price":54.1},{"type":"A","date":"2018-03-20T03:49:14.000Z","volume":1000,"label":" ","price":54.1},{"type":"A","date":"2018-03-20T03:49:16.000Z","volume":4000,"label":" ","price":54.1},{"type":"U","date":"2018-03-20T03:49:16.000Z","volume":1000,"label":" ","price":54.1},{"type":"A","date":"2018-03-20T03:49:23.000Z","volume":1000,"label":" ","price":54.15},{"type":"B","date":"2018-03-20T03:49:35.000Z","volume":1000,"label":" ","price":54.2},{"type":"U","date":"2018-03-20T03:49:37.000Z","volume":1000,"label":"X","price":54.1},{"type":"A","date":"2018-03-20T03:51:56.000Z","volume":1000,"label":" ","price":54.25},{"type":"A","date":"2018-03-20T03:51:59.000Z","volume":1000,"label":" ","price":54.25},{"type":"A","date":"2018-03-20T03:51:59.000Z","volume":1000,"label":" ","price":54.25},{"type":"B","date":"2018-03-20T03:52:08.000Z","volume":1000,"label":" ","price":54.3},{"type":"U","date":"2018-03-20T03:52:24.000Z","volume":1000,"label":" ","price":54.35},{"type":"B","date":"2018-03-20T03:52:24.000Z","volume":4000,"label":" ","price":54.3},{"type":"B","date":"2018-03-20T03:52:24.000Z","volume":1000,"label":" ","price":54.3},{"type":"A","date":"2018-03-20T03:52:24.000Z","volume":1000,"label":" ","price":54.3},{"type":"B","date":"2018-03-20T03:52:24.000Z","volume":1000,"label":" ","price":54.25},{"type":"B","date":"2018-03-20T03:52:25.000Z","volume":2000,"label":" ","price":54.2},{"type":"U","date":"2018-03-20T03:52:25.000Z","volume":1000,"label":" ","price":54.2},{"type":"A","date":"2018-03-20T03:52:31.000Z","volume":1000,"label":" ","price":54.05},{"type":"A","date":"2018-03-20T03:52:41.000Z","volume":1000,"label":" ","price":54.05},{"type":"A","date":"2018-03-20T03:56:55.000Z","volume":1000,"label":" ","price":54.4},{"type":"A","date":"2018-03-20T03:56:59.000Z","volume":1000,"label":" ","price":54.4},{"type":"A","date":"2018-03-20T03:57:44.000Z","volume":1000,"label":" ","price":54.4},{"type":"B","date":"2018-03-20T03:58:02.000Z","volume":2000,"label":" ","price":54.35},{"type":"B","date":"2018-03-20T03:58:02.000Z","volume":1000,"label":" ","price":54.25},{"type":"A","date":"2018-03-20T03:58:02.000Z","volume":1000,"label":" ","price":54.35},{"type":"U","date":"2018-03-20T05:00:02.000Z","volume":1000,"label":"X","price":54.3},{"type":"B","date":"2018-03-20T05:00:10.000Z","volume":2000,"label":" ","price":54.25},{"type":"U","date":"2018-03-20T05:00:18.000Z","volume":1000,"label":"X","price":54.075},{"type":"U","date":"2018-03-20T05:03:00.000Z","volume":1000,"label":"X","price":54.075},{"type":"U","date":"2018-03-20T05:05:27.000Z","volume":6000,"label":"X","price":54.05},{"type":"A","date":"2018-03-20T05:05:27.000Z","volume":1000,"label":"Y","price":54.1},{"type":"A","date":"2018-03-20T05:05:27.000Z","volume":5000,"label":" ","price":54.1},{"type":"U","date":"2018-03-20T05:22:52.000Z","volume":40000,"label":"X","price":54.075},{"type":"U","date":"2018-03-20T05:34:27.000Z","volume":10,"label":"D","price":53.75},{"type":"B","date":"2018-03-20T05:53:58.000Z","volume":2000,"label":" ","price":54},{"type":"B","date":"2018-03-20T05:53:58.000Z","volume":1000,"label":" ","price":54},{"type":"B","date":"2018-03-20T05:57:17.000Z","volume":1000,"label":" ","price":53.85},{"type":"U","date":"2018-03-20T05:57:40.000Z","volume":1000,"label":"X","price":53.85},{"type":"B","date":"2018-03-20T05:58:34.000Z","volume":1000,"label":" ","price":53.85},{"type":"B","date":"2018-03-20T06:00:08.000Z","volume":1000,"label":" ","price":53.85},{"type":"A","date":"2018-03-20T06:00:09.000Z","volume":1000,"label":" ","price":53.9},{"type":"A","date":"2018-03-20T06:11:05.000Z","volume":7000,"label":" ","price":53.9},{"type":"A","date":"2018-03-20T06:12:07.000Z","volume":2000,"label":" ","price":53.95},{"type":"A","date":"2018-03-20T06:17:41.000Z","volume":2000,"label":" ","price":54},{"type":"U","date":"2018-03-20T06:20:30.000Z","volume":100000,"label":"X","price":53.95},{"type":"U","date":"2018-03-20T06:21:52.000Z","volume":1000,"label":"X","price":54},{"type":"U","date":"2018-03-20T06:24:02.000Z","volume":100000,"label":"X","price":54},{"type":"U","date":"2018-03-20T06:24:03.000Z","volume":1000,"label":"X","price":54},{"type":"U","date":"2018-03-20T06:24:14.000Z","volume":1000,"label":"X","price":54},{"type":"U","date":"2018-03-20T06:39:27.000Z","volume":1000,"label":"X","price":53.95},{"type":"B","date":"2018-03-20T06:43:44.000Z","volume":1000,"label":" ","price":53.95},{"type":"B","date":"2018-03-20T06:57:04.000Z","volume":1000,"label":" ","price":53.95},{"type":"A","date":"2018-03-20T06:57:04.000Z","volume":1000,"label":" ","price":54},{"type":"B","date":"2018-03-20T07:00:24.000Z","volume":1000,"label":" ","price":53.95},{"type":"B","date":"2018-03-20T07:08:29.000Z","volume":2000,"label":" ","price":53.95},{"type":"U","date":"2018-03-20T07:22:43.000Z","volume":1000,"label":"X","price":53.85},{"type":"U","date":"2018-03-20T07:23:29.000Z","volume":1000,"label":"X","price":53.85},{"type":"B","date":"2018-03-20T07:28:44.000Z","volume":1000,"label":" ","price":53.85},{"type":"B","date":"2018-03-20T07:29:45.000Z","volume":1000,"label":" ","price":53.85},{"type":"B","date":"2018-03-20T07:30:53.000Z","volume":1000,"label":" ","price":53.8},{"type":"B","date":"2018-03-20T07:42:11.000Z","volume":1000,"label":" ","price":53.8},{"type":"B","date":"2018-03-20T07:43:44.000Z","volume":1000,"label":" ","price":53.8},{"type":"B","date":"2018-03-20T07:43:54.000Z","volume":1000,"label":" ","price":53.75},{"type":"B","date":"2018-03-20T07:44:04.000Z","volume":1000,"label":" ","price":53.7},{"type":"B","date":"2018-03-20T07:45:29.000Z","volume":7000,"label":" ","price":53.7},{"type":"A","date":"2018-03-20T07:45:46.000Z","volume":2000,"label":" ","price":53.7},{"type":"A","date":"2018-03-20T07:45:46.000Z","volume":17000,"label":" ","price":53.7},{"type":"U","date":"2018-03-20T07:45:46.000Z","volume":1000,"label":" ","price":53.7},{"type":"A","date":"2018-03-20T07:45:47.000Z","volume":2000,"label":" ","price":53.75},{"type":"A","date":"2018-03-20T07:45:48.000Z","volume":1000,"label":" ","price":53.75},{"type":"A","date":"2018-03-20T07:45:48.000Z","volume":1000,"label":" ","price":53.75},{"type":"A","date":"2018-03-20T07:45:51.000Z","volume":2000,"label":" ","price":53.85},{"type":"A","date":"2018-03-20T07:46:05.000Z","volume":6000,"label":" ","price":53.85},{"type":"A","date":"2018-03-20T07:46:35.000Z","volume":2000,"label":" ","price":53.85},{"type":"A","date":"2018-03-20T07:46:55.000Z","volume":3000,"label":" ","price":53.95},{"type":"B","date":"2018-03-20T07:46:59.000Z","volume":1000,"label":" ","price":53.85},{"type":"A","date":"2018-03-20T07:48:05.000Z","volume":12000,"label":" ","price":53.95},{"type":"A","date":"2018-03-20T07:50:35.000Z","volume":1000,"label":" ","price":53.95},{"type":"A","date":"2018-03-20T07:51:05.000Z","volume":4000,"label":" ","price":53.95},{"type":"B","date":"2018-03-20T07:51:30.000Z","volume":1000,"label":" ","price":53.85},{"type":"A","date":"2018-03-20T07:51:35.000Z","volume":1000,"label":" ","price":53.95},{"type":"B","date":"2018-03-20T07:52:31.000Z","volume":1000,"label":" ","price":53.85},{"type":"A","date":"2018-03-20T07:52:35.000Z","volume":1000,"label":" ","price":53.95},{"type":"B","date":"2018-03-20T07:54:01.000Z","volume":1000,"label":" ","price":53.85},{"type":"A","date":"2018-03-20T07:54:05.000Z","volume":1000,"label":" ","price":53.95},{"type":"B","date":"2018-03-20T07:55:01.000Z","volume":1000,"label":" ","price":53.85},{"type":"A","date":"2018-03-20T07:55:05.000Z","volume":1000,"label":" ","price":53.95},{"type":"B","date":"2018-03-20T07:55:18.000Z","volume":1000,"label":"Y","price":53.85},{"type":"B","date":"2018-03-20T07:55:18.000Z","volume":1000,"label":" ","price":53.85},{"type":"U","date":"2018-03-20T07:55:18.000Z","volume":1000,"label":"X","price":53.85},{"type":"A","date":"2018-03-20T07:55:25.000Z","volume":2000,"label":" ","price":53.95},{"type":"B","date":"2018-03-20T07:58:34.000Z","volume":3000,"label":" ","price":53.85},{"type":"A","date":"2018-03-20T07:58:35.000Z","volume":1000,"label":" ","price":53.9},{"type":"B","date":"2018-03-20T07:59:01.000Z","volume":1000,"label":" ","price":53.85},{"type":"A","date":"2018-03-20T07:59:05.000Z","volume":1000,"label":" ","price":53.9},{"type":"A","date":"2018-03-20T07:59:11.000Z","volume":1000,"label":" ","price":53.9},{"type":"A","date":"2018-03-20T07:59:14.000Z","volume":1000,"label":" ","price":53.9},{"type":"A","date":"2018-03-20T07:59:15.000Z","volume":2000,"label":" ","price":53.9},{"type":"A","date":"2018-03-20T07:59:16.000Z","volume":3000,"label":" ","price":53.9},{"type":"A","date":"2018-03-20T07:59:16.000Z","volume":1000,"label":" ","price":53.9},{"type":"A","date":"2018-03-20T07:59:25.000Z","volume":4000,"label":" ","price":53.95},{"type":"A","date":"2018-03-20T07:59:27.000Z","volume":1000,"label":" ","price":53.95},{"type":"A","date":"2018-03-20T07:59:45.000Z","volume":1000,"label":" ","price":53.95},{"type":"U","date":"2018-03-20T08:08:31.000Z","volume":166000,"label":"U","price":54.05}]