[{"type":"A","date":"2018-04-09T01:30:35.000Z","volume":2000,"label":" ","price":6.09},{"type":"B","date":"2018-04-09T01:30:48.000Z","volume":500,"label":" ","price":6.1},{"type":"B","date":"2018-04-09T01:30:50.000Z","volume":500,"label":" ","price":6.09},{"type":"B","date":"2018-04-09T01:31:38.000Z","volume":5500,"label":"Y","price":6.05},{"type":"B","date":"2018-04-09T01:31:38.000Z","volume":2500,"label":" ","price":6.05},{"type":"B","date":"2018-04-09T01:31:38.000Z","volume":500,"label":" ","price":6.04},{"type":"B","date":"2018-04-09T01:31:41.000Z","volume":500,"label":"Y","price":6.03},{"type":"B","date":"2018-04-09T01:31:52.000Z","volume":500,"label":" ","price":6.04},{"type":"B","date":"2018-04-09T01:31:52.000Z","volume":500,"label":" ","price":6.04},{"type":"B","date":"2018-04-09T01:31:57.000Z","volume":1000,"label":" ","price":6.04},{"type":"B","date":"2018-04-09T01:32:26.000Z","volume":500,"label":" ","price":6.03},{"type":"B","date":"2018-04-09T01:32:43.000Z","volume":500,"label":" ","price":6.03},{"type":"A","date":"2018-04-09T01:32:50.000Z","volume":500,"label":" ","price":6.06},{"type":"B","date":"2018-04-09T01:33:17.000Z","volume":500,"label":" ","price":6.04},{"type":"B","date":"2018-04-09T01:33:51.000Z","volume":500,"label":"Y","price":6.03},{"type":"B","date":"2018-04-09T01:34:25.000Z","volume":500,"label":"Y","price":6.04},{"type":"B","date":"2018-04-09T01:34:38.000Z","volume":19500,"label":"Y","price":6.04},{"type":"B","date":"2018-04-09T01:34:38.000Z","volume":2500,"label":" ","price":6.04},{"type":"B","date":"2018-04-09T01:34:42.000Z","volume":1000,"label":" ","price":6.04},{"type":"B","date":"2018-04-09T01:34:48.000Z","volume":1500,"label":" ","price":6.04},{"type":"A","date":"2018-04-09T01:35:07.000Z","volume":500,"label":" ","price":6.04},{"type":"B","date":"2018-04-09T01:35:16.000Z","volume":500,"label":" ","price":6.04},{"type":"B","date":"2018-04-09T01:35:20.000Z","volume":1000,"label":" ","price":6.04},{"type":"B","date":"2018-04-09T01:35:37.000Z","volume":12000,"label":"Y","price":6.04},{"type":"B","date":"2018-04-09T01:35:37.000Z","volume":2500,"label":" ","price":6.04},{"type":"U","date":"2018-04-09T01:35:37.000Z","volume":1500,"label":" ","price":6.04},{"type":"B","date":"2018-04-09T01:35:44.000Z","volume":500,"label":" ","price":6.04},{"type":"B","date":"2018-04-09T01:35:50.000Z","volume":500,"label":" ","price":6.04},{"type":"B","date":"2018-04-09T01:35:52.000Z","volume":3000,"label":" ","price":6.04},{"type":"B","date":"2018-04-09T01:36:23.000Z","volume":500,"label":" ","price":6.03},{"type":"B","date":"2018-04-09T01:36:31.000Z","volume":20000,"label":"Y","price":6.03},{"type":"B","date":"2018-04-09T01:36:31.000Z","volume":3500,"label":" ","price":6.03},{"type":"B","date":"2018-04-09T01:36:31.000Z","volume":23000,"label":"Y","price":6.02},{"type":"B","date":"2018-04-09T01:36:31.000Z","volume":1500,"label":" ","price":6.02},{"type":"B","date":"2018-04-09T01:36:31.000Z","volume":164000,"label":"Y","price":6.01},{"type":"B","date":"2018-04-09T01:36:31.000Z","volume":28000,"label":" ","price":6.01},{"type":"A","date":"2018-04-09T01:36:31.000Z","volume":1000,"label":" ","price":6.01},{"type":"A","date":"2018-04-09T01:36:36.000Z","volume":500,"label":"Y","price":6.01},{"type":"B","date":"2018-04-09T01:37:01.000Z","volume":1500,"label":"Y","price":6.01},{"type":"B","date":"2018-04-09T01:37:01.000Z","volume":4500,"label":" ","price":6.01},{"type":"B","date":"2018-04-09T01:37:01.000Z","volume":28500,"label":"Y","price":6},{"type":"B","date":"2018-04-09T01:37:01.000Z","volume":8000,"label":" ","price":6},{"type":"B","date":"2018-04-09T01:37:11.000Z","volume":1000,"label":" ","price":6.01},{"type":"B","date":"2018-04-09T01:37:15.000Z","volume":500,"label":"Y","price":6},{"type":"A","date":"2018-04-09T01:37:29.000Z","volume":2000,"label":" ","price":6.01},{"type":"A","date":"2018-04-09T01:37:37.000Z","volume":1000,"label":" ","price":6.01},{"type":"B","date":"2018-04-09T01:37:49.000Z","volume":500,"label":"Y","price":6},{"type":"B","date":"2018-04-09T01:38:18.000Z","volume":30000,"label":"Y","price":6.01},{"type":"A","date":"2018-04-09T01:38:18.000Z","volume":2500,"label":" ","price":6.02},{"type":"B","date":"2018-04-09T01:38:40.000Z","volume":500,"label":"Y","price":6},{"type":"A","date":"2018-04-09T01:38:48.000Z","volume":2000,"label":" ","price":6.01},{"type":"A","date":"2018-04-09T01:38:49.000Z","volume":1000,"label":" ","price":6.01},{"type":"A","date":"2018-04-09T01:38:54.000Z","volume":4500,"label":" ","price":6.01},{"type":"B","date":"2018-04-09T01:38:56.000Z","volume":5000,"label":"Y","price":6.01},{"type":"B","date":"2018-04-09T01:39:00.000Z","volume":6500,"label":"Y","price":6.01},{"type":"B","date":"2018-04-09T01:39:00.000Z","volume":3000,"label":" ","price":6.01},{"type":"U","date":"2018-04-09T01:39:03.000Z","volume":2000,"label":" ","price":6.01},{"type":"B","date":"2018-04-09T01:39:14.000Z","volume":500,"label":"Y","price":6.01},{"type":"B","date":"2018-04-09T01:39:19.000Z","volume":9500,"label":"Y","price":6.01},{"type":"B","date":"2018-04-09T01:39:24.000Z","volume":2500,"label":" ","price":6.01},{"type":"B","date":"2018-04-09T01:40:05.000Z","volume":500,"label":"Y","price":6},{"type":"B","date":"2018-04-09T01:40:25.000Z","volume":500,"label":" ","price":6.01},{"type":"B","date":"2018-04-09T01:40:39.000Z","volume":500,"label":"Y","price":6.01},{"type":"B","date":"2018-04-09T01:40:48.000Z","volume":7000,"label":" ","price":6.01},{"type":"B","date":"2018-04-09T01:40:48.000Z","volume":4500,"label":" ","price":6.01},{"type":"A","date":"2018-04-09T01:40:49.000Z","volume":2000,"label":" ","price":6.02},{"type":"B","date":"2018-04-09T01:40:57.000Z","volume":24000,"label":"Y","price":6},{"type":"B","date":"2018-04-09T01:40:57.000Z","volume":4000,"label":" ","price":6},{"type":"B","date":"2018-04-09T01:40:57.000Z","volume":2000,"label":" ","price":5.99},{"type":"B","date":"2018-04-09T01:40:57.000Z","volume":4000,"label":" ","price":5.99},{"type":"B","date":"2018-04-09T01:40:57.000Z","volume":2000,"label":" ","price":6},{"type":"A","date":"2018-04-09T01:41:10.000Z","volume":500,"label":" ","price":6},{"type":"A","date":"2018-04-09T01:41:10.000Z","volume":500,"label":" ","price":6},{"type":"B","date":"2018-04-09T01:41:13.000Z","volume":500,"label":" ","price":5.96},{"type":"B","date":"2018-04-09T01:42:05.000Z","volume":500,"label":" ","price":5.96},{"type":"B","date":"2018-04-09T01:42:38.000Z","volume":500,"label":" ","price":5.96},{"type":"A","date":"2018-04-09T01:42:43.000Z","volume":500,"label":" ","price":6.01},{"type":"A","date":"2018-04-09T01:42:43.000Z","volume":6500,"label":"Y","price":6.02},{"type":"A","date":"2018-04-09T01:42:43.000Z","volume":6000,"label":" ","price":6.02},{"type":"A","date":"2018-04-09T01:42:50.000Z","volume":500,"label":" ","price":6.01},{"type":"A","date":"2018-04-09T01:42:50.000Z","volume":500,"label":" ","price":6.02},{"type":"B","date":"2018-04-09T01:43:12.000Z","volume":500,"label":" ","price":5.98},{"type":"B","date":"2018-04-09T01:44:04.000Z","volume":500,"label":"Y","price":5.98},{"type":"B","date":"2018-04-09T01:44:38.000Z","volume":500,"label":"Y","price":5.98},{"type":"B","date":"2018-04-09T01:45:29.000Z","volume":500,"label":"Y","price":5.98},{"type":"B","date":"2018-04-09T01:46:03.000Z","volume":500,"label":" ","price":5.98},{"type":"A","date":"2018-04-09T01:46:05.000Z","volume":1000,"label":" ","price":6.02},{"type":"A","date":"2018-04-09T01:46:05.000Z","volume":500,"label":" ","price":6.02},{"type":"B","date":"2018-04-09T01:46:13.000Z","volume":3500,"label":" ","price":6.02},{"type":"B","date":"2018-04-09T01:46:13.000Z","volume":6500,"label":" ","price":6.02},{"type":"B","date":"2018-04-09T01:46:37.000Z","volume":500,"label":" ","price":5.98},{"type":"A","date":"2018-04-09T01:47:20.000Z","volume":1000,"label":" ","price":6.02},{"type":"B","date":"2018-04-09T01:47:28.000Z","volume":500,"label":" ","price":6},{"type":"B","date":"2018-04-09T01:48:02.000Z","volume":500,"label":" ","price":6},{"type":"A","date":"2018-04-09T01:48:50.000Z","volume":1000,"label":" ","price":6.02},{"type":"B","date":"2018-04-09T01:48:53.000Z","volume":500,"label":" ","price":6},{"type":"B","date":"2018-04-09T01:49:27.000Z","volume":500,"label":" ","price":6},{"type":"B","date":"2018-04-09T01:50:01.000Z","volume":500,"label":" ","price":6},{"type":"U","date":"2018-04-09T01:50:07.000Z","volume":500,"label":" ","price":6.01},{"type":"B","date":"2018-04-09T01:50:23.000Z","volume":7500,"label":" ","price":6},{"type":"B","date":"2018-04-09T01:50:52.000Z","volume":500,"label":" ","price":6.01},{"type":"B","date":"2018-04-09T01:51:26.000Z","volume":500,"label":" ","price":6.01},{"type":"B","date":"2018-04-09T01:52:17.000Z","volume":500,"label":" ","price":6.01},{"type":"B","date":"2018-04-09T01:52:51.000Z","volume":500,"label":" ","price":6.01},{"type":"B","date":"2018-04-09T01:52:55.000Z","volume":3000,"label":" ","price":6.01},{"type":"B","date":"2018-04-09T01:53:25.000Z","volume":500,"label":" ","price":6.01},{"type":"B","date":"2018-04-09T01:54:16.000Z","volume":500,"label":" ","price":6.01},{"type":"B","date":"2018-04-09T01:54:50.000Z","volume":500,"label":" ","price":6.01},{"type":"B","date":"2018-04-09T01:54:56.000Z","volume":4000,"label":" ","price":6.01},{"type":"A","date":"2018-04-09T01:55:06.000Z","volume":9000,"label":" ","price":6.02},{"type":"B","date":"2018-04-09T01:55:24.000Z","volume":500,"label":"Y","price":6.02},{"type":"B","date":"2018-04-09T01:55:47.000Z","volume":5500,"label":"Y","price":6.02},{"type":"B","date":"2018-04-09T01:55:47.000Z","volume":7000,"label":" ","price":6.02},{"type":"B","date":"2018-04-09T01:56:15.000Z","volume":500,"label":"Y","price":6.02},{"type":"B","date":"2018-04-09T01:56:16.000Z","volume":1500,"label":" ","price":6.02},{"type":"B","date":"2018-04-09T01:56:49.000Z","volume":500,"label":" ","price":6.01},{"type":"B","date":"2018-04-09T01:57:40.000Z","volume":500,"label":" ","price":6.01},{"type":"B","date":"2018-04-09T01:58:14.000Z","volume":500,"label":" ","price":6.01},{"type":"B","date":"2018-04-09T01:58:48.000Z","volume":500,"label":" ","price":6.01},{"type":"B","date":"2018-04-09T01:59:39.000Z","volume":500,"label":" ","price":6.01},{"type":"B","date":"2018-04-09T02:00:13.000Z","volume":500,"label":" ","price":6.02},{"type":"B","date":"2018-04-09T02:01:04.000Z","volume":500,"label":" ","price":6.02},{"type":"B","date":"2018-04-09T02:03:51.000Z","volume":13000,"label":" ","price":6.02},{"type":"B","date":"2018-04-09T02:03:51.000Z","volume":1000,"label":" ","price":6.02},{"type":"B","date":"2018-04-09T02:03:57.000Z","volume":2000,"label":" ","price":6.02},{"type":"B","date":"2018-04-09T02:04:05.000Z","volume":3500,"label":" ","price":6.02},{"type":"A","date":"2018-04-09T02:04:16.000Z","volume":500,"label":" ","price":6.03},{"type":"A","date":"2018-04-09T02:11:35.000Z","volume":500,"label":" ","price":6.03},{"type":"A","date":"2018-04-09T02:12:16.000Z","volume":1500,"label":"Y","price":6.03},{"type":"A","date":"2018-04-09T02:17:22.000Z","volume":15000,"label":"Y","price":6.03},{"type":"A","date":"2018-04-09T02:17:22.000Z","volume":5500,"label":" ","price":6.03},{"type":"A","date":"2018-04-09T02:17:22.000Z","volume":4000,"label":" ","price":6.03},{"type":"B","date":"2018-04-09T02:20:06.000Z","volume":20000,"label":" ","price":6.03},{"type":"B","date":"2018-04-09T02:20:28.000Z","volume":7000,"label":" ","price":6.03},{"type":"B","date":"2018-04-09T02:21:47.000Z","volume":15000,"label":" ","price":6.02},{"type":"B","date":"2018-04-09T02:21:47.000Z","volume":2000,"label":" ","price":6.02},{"type":"B","date":"2018-04-09T02:22:20.000Z","volume":6000,"label":"Y","price":6.02},{"type":"B","date":"2018-04-09T02:22:20.000Z","volume":17500,"label":" ","price":6.02},{"type":"B","date":"2018-04-09T02:22:45.000Z","volume":5500,"label":" ","price":6.01},{"type":"B","date":"2018-04-09T02:22:45.000Z","volume":2500,"label":" ","price":6.01},{"type":"B","date":"2018-04-09T02:25:09.000Z","volume":500,"label":"Y","price":6.01},{"type":"A","date":"2018-04-09T02:25:35.000Z","volume":42500,"label":"Y","price":6.02},{"type":"A","date":"2018-04-09T02:26:04.000Z","volume":500,"label":" ","price":6.02},{"type":"B","date":"2018-04-09T02:26:40.000Z","volume":10500,"label":"Y","price":6.01},{"type":"B","date":"2018-04-09T02:26:40.000Z","volume":12000,"label":" ","price":6.01},{"type":"A","date":"2018-04-09T02:26:42.000Z","volume":10000,"label":"Y","price":6.01},{"type":"A","date":"2018-04-09T02:26:45.000Z","volume":7000,"label":" ","price":6.01},{"type":"A","date":"2018-04-09T02:28:23.000Z","volume":30500,"label":"Y","price":6.01},{"type":"A","date":"2018-04-09T02:28:23.000Z","volume":500,"label":" ","price":6.01},{"type":"A","date":"2018-04-09T02:28:23.000Z","volume":4000,"label":" ","price":6.01},{"type":"A","date":"2018-04-09T02:28:54.000Z","volume":1500,"label":"Y","price":6.01},{"type":"A","date":"2018-04-09T02:29:34.000Z","volume":3000,"label":" ","price":6.01},{"type":"B","date":"2018-04-09T02:30:33.000Z","volume":15000,"label":"Y","price":6.01},{"type":"B","date":"2018-04-09T02:30:33.000Z","volume":1000,"label":" ","price":6.01},{"type":"A","date":"2018-04-09T02:31:00.000Z","volume":16500,"label":"Y","price":6.01},{"type":"A","date":"2018-04-09T02:33:08.000Z","volume":7500,"label":"Y","price":6.01},{"type":"A","date":"2018-04-09T02:37:36.000Z","volume":6500,"label":" ","price":6.02},{"type":"A","date":"2018-04-09T02:37:36.000Z","volume":11000,"label":" ","price":6.02},{"type":"A","date":"2018-04-09T02:37:36.000Z","volume":8000,"label":" ","price":6.02},{"type":"A","date":"2018-04-09T02:41:40.000Z","volume":500,"label":" ","price":6.03},{"type":"A","date":"2018-04-09T02:41:40.000Z","volume":47000,"label":" ","price":6.03},{"type":"A","date":"2018-04-09T02:47:05.000Z","volume":500,"label":" ","price":6.03},{"type":"A","date":"2018-04-09T02:47:05.000Z","volume":5500,"label":" ","price":6.03},{"type":"B","date":"2018-04-09T02:47:15.000Z","volume":4000,"label":" ","price":6.03},{"type":"A","date":"2018-04-09T02:49:27.000Z","volume":28500,"label":" ","price":6.03},{"type":"A","date":"2018-04-09T02:49:42.000Z","volume":11000,"label":" ","price":6.04},{"type":"A","date":"2018-04-09T02:49:42.000Z","volume":14500,"label":" ","price":6.04},{"type":"A","date":"2018-04-09T02:49:47.000Z","volume":1000,"label":" ","price":6.05},{"type":"A","date":"2018-04-09T02:49:50.000Z","volume":3000,"label":" ","price":6.05},{"type":"A","date":"2018-04-09T02:49:50.000Z","volume":2000,"label":" ","price":6.05},{"type":"A","date":"2018-04-09T02:49:50.000Z","volume":1000,"label":" ","price":6.05},{"type":"B","date":"2018-04-09T02:50:17.000Z","volume":14500,"label":" ","price":6.04},{"type":"A","date":"2018-04-09T02:51:15.000Z","volume":500,"label":" ","price":6.04},{"type":"A","date":"2018-04-09T02:51:16.000Z","volume":11500,"label":"Y","price":6.04},{"type":"A","date":"2018-04-09T02:51:25.000Z","volume":2000,"label":" ","price":6.04},{"type":"B","date":"2018-04-09T02:53:51.000Z","volume":500,"label":" ","price":6.04},{"type":"B","date":"2018-04-09T02:56:04.000Z","volume":10000,"label":" ","price":6.04},{"type":"A","date":"2018-04-09T02:56:04.000Z","volume":1000,"label":" ","price":6.04},{"type":"A","date":"2018-04-09T03:03:33.000Z","volume":4000,"label":"Y","price":6.04},{"type":"A","date":"2018-04-09T03:07:25.000Z","volume":4500,"label":" ","price":6.04},{"type":"A","date":"2018-04-09T03:08:55.000Z","volume":1500,"label":" ","price":6.04},{"type":"A","date":"2018-04-09T03:10:15.000Z","volume":4000,"label":" ","price":6.04},{"type":"A","date":"2018-04-09T03:10:58.000Z","volume":11500,"label":" ","price":6.04},{"type":"A","date":"2018-04-09T03:11:21.000Z","volume":11500,"label":" ","price":6.05},{"type":"A","date":"2018-04-09T03:12:51.000Z","volume":2000,"label":" ","price":6.05},{"type":"A","date":"2018-04-09T03:12:53.000Z","volume":8500,"label":" ","price":6.05},{"type":"A","date":"2018-04-09T03:12:53.000Z","volume":8500,"label":" ","price":6.05},{"type":"B","date":"2018-04-09T03:14:12.000Z","volume":1000,"label":"Y","price":6.05},{"type":"B","date":"2018-04-09T03:14:12.000Z","volume":500,"label":" ","price":6.05},{"type":"A","date":"2018-04-09T03:20:06.000Z","volume":1000,"label":" ","price":6.06},{"type":"A","date":"2018-04-09T03:20:06.000Z","volume":500,"label":" ","price":6.06},{"type":"A","date":"2018-04-09T03:21:00.000Z","volume":5000,"label":" ","price":6.06},{"type":"A","date":"2018-04-09T03:22:51.000Z","volume":1000,"label":" ","price":6.07},{"type":"A","date":"2018-04-09T03:24:08.000Z","volume":20000,"label":" ","price":6.07},{"type":"A","date":"2018-04-09T03:25:51.000Z","volume":1000,"label":" ","price":6.08},{"type":"A","date":"2018-04-09T03:27:50.000Z","volume":500,"label":" ","price":6.08},{"type":"A","date":"2018-04-09T03:27:57.000Z","volume":2000,"label":" ","price":6.08},{"type":"A","date":"2018-04-09T03:27:57.000Z","volume":1500,"label":" ","price":6.08},{"type":"A","date":"2018-04-09T03:28:01.000Z","volume":2000,"label":" ","price":6.08},{"type":"A","date":"2018-04-09T03:28:12.000Z","volume":1500,"label":"Y","price":6.08},{"type":"A","date":"2018-04-09T03:28:12.000Z","volume":500,"label":" ","price":6.08},{"type":"B","date":"2018-04-09T03:29:12.000Z","volume":1000,"label":"Y","price":6.08},{"type":"B","date":"2018-04-09T03:29:12.000Z","volume":2000,"label":" ","price":6.08},{"type":"A","date":"2018-04-09T03:29:12.000Z","volume":2500,"label":" ","price":6.09},{"type":"A","date":"2018-04-09T03:29:26.000Z","volume":2000,"label":" ","price":6.09},{"type":"B","date":"2018-04-09T03:30:09.000Z","volume":9500,"label":" ","price":6.08},{"type":"A","date":"2018-04-09T03:30:09.000Z","volume":500,"label":" ","price":6.08},{"type":"A","date":"2018-04-09T03:30:09.000Z","volume":2500,"label":" ","price":6.09},{"type":"A","date":"2018-04-09T03:32:25.000Z","volume":5000,"label":" ","price":6.09},{"type":"A","date":"2018-04-09T03:34:49.000Z","volume":12000,"label":" ","price":6.09},{"type":"A","date":"2018-04-09T03:35:14.000Z","volume":9000,"label":" ","price":6.09},{"type":"A","date":"2018-04-09T03:35:14.000Z","volume":1500,"label":" ","price":6.09},{"type":"B","date":"2018-04-09T03:40:20.000Z","volume":10000,"label":" ","price":6.09},{"type":"A","date":"2018-04-09T03:44:31.000Z","volume":500,"label":" ","price":6.1},{"type":"A","date":"2018-04-09T03:46:07.000Z","volume":500,"label":" ","price":6.1},{"type":"A","date":"2018-04-09T03:51:36.000Z","volume":500,"label":" ","price":6.1},{"type":"A","date":"2018-04-09T03:52:36.000Z","volume":500,"label":" ","price":6.1},{"type":"A","date":"2018-04-09T03:54:21.000Z","volume":1000,"label":" ","price":6.1},{"type":"A","date":"2018-04-09T03:54:23.000Z","volume":500,"label":" ","price":6.1},{"type":"B","date":"2018-04-09T03:58:23.000Z","volume":500,"label":" ","price":6.09},{"type":"A","date":"2018-04-09T03:58:27.000Z","volume":2500,"label":" ","price":6.1},{"type":"B","date":"2018-04-09T03:58:58.000Z","volume":15500,"label":" ","price":6.09},{"type":"A","date":"2018-04-09T05:01:09.000Z","volume":500,"label":" ","price":6.09},{"type":"A","date":"2018-04-09T05:12:17.000Z","volume":1000,"label":" ","price":6.09},{"type":"A","date":"2018-04-09T05:13:25.000Z","volume":500,"label":" ","price":6.09},{"type":"B","date":"2018-04-09T05:14:23.000Z","volume":6000,"label":" ","price":6.08},{"type":"B","date":"2018-04-09T05:15:02.000Z","volume":2000,"label":"Y","price":6.08},{"type":"B","date":"2018-04-09T05:15:09.000Z","volume":6500,"label":" ","price":6.08},{"type":"A","date":"2018-04-09T05:15:09.000Z","volume":1000,"label":" ","price":6.08},{"type":"A","date":"2018-04-09T05:15:42.000Z","volume":2500,"label":"Y","price":6.08},{"type":"A","date":"2018-04-09T05:15:42.000Z","volume":6000,"label":" ","price":6.08},{"type":"B","date":"2018-04-09T05:17:23.000Z","volume":500,"label":" ","price":6.08},{"type":"B","date":"2018-04-09T05:18:24.000Z","volume":8000,"label":" ","price":6.08},{"type":"A","date":"2018-04-09T05:27:20.000Z","volume":1000,"label":" ","price":6.08},{"type":"A","date":"2018-04-09T05:37:21.000Z","volume":500,"label":" ","price":6.08},{"type":"A","date":"2018-04-09T05:38:51.000Z","volume":500,"label":" ","price":6.08},{"type":"B","date":"2018-04-09T05:39:19.000Z","volume":500,"label":"Y","price":6.07},{"type":"B","date":"2018-04-09T05:39:19.000Z","volume":1000,"label":" ","price":6.07},{"type":"A","date":"2018-04-09T05:39:28.000Z","volume":2000,"label":" ","price":6.08},{"type":"B","date":"2018-04-09T05:40:57.000Z","volume":4500,"label":"Y","price":6.07},{"type":"B","date":"2018-04-09T05:40:57.000Z","volume":500,"label":" ","price":6.07},{"type":"B","date":"2018-04-09T05:41:10.000Z","volume":500,"label":"Y","price":6.07},{"type":"B","date":"2018-04-09T05:41:10.000Z","volume":12500,"label":" ","price":6.07},{"type":"A","date":"2018-04-09T05:41:10.000Z","volume":1000,"label":" ","price":6.07},{"type":"A","date":"2018-04-09T05:41:10.000Z","volume":1000,"label":" ","price":6.07},{"type":"A","date":"2018-04-09T05:41:10.000Z","volume":1000,"label":" ","price":6.07},{"type":"B","date":"2018-04-09T05:43:32.000Z","volume":32500,"label":" ","price":6.06},{"type":"B","date":"2018-04-09T05:43:32.000Z","volume":1000,"label":" ","price":6.06},{"type":"B","date":"2018-04-09T05:43:32.000Z","volume":4000,"label":" ","price":6.06},{"type":"B","date":"2018-04-09T05:43:32.000Z","volume":11500,"label":" ","price":6.05},{"type":"B","date":"2018-04-09T05:43:55.000Z","volume":2500,"label":" ","price":6.05},{"type":"B","date":"2018-04-09T05:44:14.000Z","volume":1000,"label":" ","price":6.05},{"type":"A","date":"2018-04-09T05:44:18.000Z","volume":500,"label":"Y","price":6.05},{"type":"A","date":"2018-04-09T05:44:21.000Z","volume":11500,"label":" ","price":6.05},{"type":"B","date":"2018-04-09T05:48:16.000Z","volume":1500,"label":" ","price":6.05},{"type":"B","date":"2018-04-09T05:50:03.000Z","volume":1500,"label":" ","price":6.05},{"type":"B","date":"2018-04-09T05:51:26.000Z","volume":7500,"label":"Y","price":6.05},{"type":"B","date":"2018-04-09T05:51:26.000Z","volume":2500,"label":" ","price":6.05},{"type":"B","date":"2018-04-09T05:51:33.000Z","volume":1000,"label":" ","price":6.05},{"type":"B","date":"2018-04-09T05:59:17.000Z","volume":1500,"label":"Y","price":6.05},{"type":"B","date":"2018-04-09T05:59:17.000Z","volume":2500,"label":" ","price":6.05},{"type":"B","date":"2018-04-09T06:00:41.000Z","volume":61500,"label":" ","price":6.04},{"type":"A","date":"2018-04-09T06:01:01.000Z","volume":5000,"label":" ","price":6.04},{"type":"A","date":"2018-04-09T06:01:03.000Z","volume":6500,"label":" ","price":6.04},{"type":"A","date":"2018-04-09T06:03:32.000Z","volume":1000,"label":" ","price":6.05},{"type":"A","date":"2018-04-09T06:03:49.000Z","volume":500,"label":" ","price":6.05},{"type":"A","date":"2018-04-09T06:05:09.000Z","volume":1000,"label":" ","price":6.05},{"type":"B","date":"2018-04-09T06:07:10.000Z","volume":500,"label":" ","price":6.04},{"type":"A","date":"2018-04-09T06:10:20.000Z","volume":500,"label":" ","price":6.06},{"type":"B","date":"2018-04-09T06:18:19.000Z","volume":4000,"label":"Y","price":6.04},{"type":"B","date":"2018-04-09T06:18:19.000Z","volume":6000,"label":" ","price":6.04},{"type":"B","date":"2018-04-09T06:18:47.000Z","volume":4500,"label":" ","price":6.05},{"type":"B","date":"2018-04-09T06:20:29.000Z","volume":3000,"label":" ","price":6.05},{"type":"A","date":"2018-04-09T06:30:03.000Z","volume":1000,"label":" ","price":6.06},{"type":"A","date":"2018-04-09T06:30:38.000Z","volume":7500,"label":"Y","price":6.06},{"type":"A","date":"2018-04-09T06:30:41.000Z","volume":5500,"label":" ","price":6.06},{"type":"A","date":"2018-04-09T06:32:33.000Z","volume":1000,"label":" ","price":6.06},{"type":"A","date":"2018-04-09T06:35:18.000Z","volume":1000,"label":" ","price":6.06},{"type":"A","date":"2018-04-09T06:35:33.000Z","volume":1000,"label":" ","price":6.06},{"type":"A","date":"2018-04-09T06:35:33.000Z","volume":1000,"label":" ","price":6.06},{"type":"A","date":"2018-04-09T06:35:33.000Z","volume":1000,"label":" ","price":6.06},{"type":"A","date":"2018-04-09T06:35:33.000Z","volume":500,"label":" ","price":6.06},{"type":"A","date":"2018-04-09T06:35:33.000Z","volume":500,"label":" ","price":6.06},{"type":"A","date":"2018-04-09T06:38:03.000Z","volume":1000,"label":" ","price":6.06},{"type":"A","date":"2018-04-09T06:39:23.000Z","volume":500,"label":" ","price":6.06},{"type":"A","date":"2018-04-09T06:39:30.000Z","volume":500,"label":" ","price":6.07},{"type":"A","date":"2018-04-09T06:41:29.000Z","volume":2000,"label":" ","price":6.07},{"type":"A","date":"2018-04-09T06:45:09.000Z","volume":1500,"label":" ","price":6.07},{"type":"A","date":"2018-04-09T06:45:54.000Z","volume":500,"label":" ","price":6.07},{"type":"A","date":"2018-04-09T06:47:31.000Z","volume":2000,"label":" ","price":6.07},{"type":"A","date":"2018-04-09T06:48:00.000Z","volume":2000,"label":" ","price":6.07},{"type":"A","date":"2018-04-09T06:49:31.000Z","volume":13000,"label":" ","price":6.07},{"type":"B","date":"2018-04-09T06:49:36.000Z","volume":6000,"label":" ","price":6.06},{"type":"B","date":"2018-04-09T06:50:04.000Z","volume":1000,"label":"Y","price":6.06},{"type":"A","date":"2018-04-09T06:53:53.000Z","volume":500,"label":" ","price":6.08},{"type":"A","date":"2018-04-09T06:57:30.000Z","volume":2000,"label":" ","price":6.08},{"type":"A","date":"2018-04-09T07:00:48.000Z","volume":1000,"label":" ","price":6.08},{"type":"B","date":"2018-04-09T07:03:00.000Z","volume":5000,"label":" ","price":6.06},{"type":"A","date":"2018-04-09T07:03:18.000Z","volume":1000,"label":" ","price":6.08},{"type":"A","date":"2018-04-09T07:05:18.000Z","volume":1000,"label":" ","price":6.08},{"type":"A","date":"2018-04-09T07:08:48.000Z","volume":1000,"label":" ","price":6.08},{"type":"A","date":"2018-04-09T07:09:08.000Z","volume":500,"label":" ","price":6.08},{"type":"A","date":"2018-04-09T07:10:25.000Z","volume":500,"label":" ","price":6.08},{"type":"A","date":"2018-04-09T07:13:33.000Z","volume":1000,"label":" ","price":6.07},{"type":"B","date":"2018-04-09T07:14:37.000Z","volume":3500,"label":" ","price":6.06},{"type":"B","date":"2018-04-09T07:14:37.000Z","volume":11000,"label":" ","price":6.06},{"type":"B","date":"2018-04-09T07:14:37.000Z","volume":500,"label":" ","price":6.06},{"type":"B","date":"2018-04-09T07:15:42.000Z","volume":7000,"label":" ","price":6.06},{"type":"A","date":"2018-04-09T07:19:52.000Z","volume":500,"label":" ","price":6.07},{"type":"B","date":"2018-04-09T07:22:05.000Z","volume":1000,"label":" ","price":6.05},{"type":"A","date":"2018-04-09T07:24:21.000Z","volume":500,"label":" ","price":6.07},{"type":"U","date":"2018-04-09T07:24:33.000Z","volume":1500,"label":"X","price":6.065},{"type":"B","date":"2018-04-09T07:29:05.000Z","volume":1000,"label":" ","price":6.06},{"type":"A","date":"2018-04-09T07:32:18.000Z","volume":1000,"label":" ","price":6.07},{"type":"A","date":"2018-04-09T07:35:44.000Z","volume":500,"label":" ","price":6.07},{"type":"A","date":"2018-04-09T07:36:48.000Z","volume":1000,"label":" ","price":6.07},{"type":"A","date":"2018-04-09T07:37:31.000Z","volume":2000,"label":" ","price":6.07},{"type":"A","date":"2018-04-09T07:39:56.000Z","volume":500,"label":" ","price":6.07},{"type":"A","date":"2018-04-09T07:39:58.000Z","volume":500,"label":" ","price":6.07},{"type":"A","date":"2018-04-09T07:41:19.000Z","volume":8000,"label":"Y","price":6.07},{"type":"A","date":"2018-04-09T07:41:19.000Z","volume":19500,"label":" ","price":6.07},{"type":"A","date":"2018-04-09T07:41:33.000Z","volume":500,"label":" ","price":6.07},{"type":"A","date":"2018-04-09T07:42:18.000Z","volume":500,"label":" ","price":6.07},{"type":"A","date":"2018-04-09T07:43:01.000Z","volume":2000,"label":"Y","price":6.07},{"type":"A","date":"2018-04-09T07:43:33.000Z","volume":500,"label":" ","price":6.07},{"type":"A","date":"2018-04-09T07:43:43.000Z","volume":4000,"label":" ","price":6.07},{"type":"A","date":"2018-04-09T07:45:26.000Z","volume":500,"label":" ","price":6.07},{"type":"A","date":"2018-04-09T07:45:33.000Z","volume":500,"label":" ","price":6.07},{"type":"A","date":"2018-04-09T07:45:40.000Z","volume":7000,"label":" ","price":6.07},{"type":"A","date":"2018-04-09T07:47:01.000Z","volume":2000,"label":" ","price":6.07},{"type":"A","date":"2018-04-09T07:47:18.000Z","volume":500,"label":" ","price":6.07},{"type":"A","date":"2018-04-09T07:47:56.000Z","volume":500,"label":" ","price":6.07},{"type":"B","date":"2018-04-09T07:48:10.000Z","volume":28500,"label":" ","price":6.06},{"type":"B","date":"2018-04-09T07:48:11.000Z","volume":1000,"label":"Y","price":6.06},{"type":"B","date":"2018-04-09T07:48:46.000Z","volume":2000,"label":"Y","price":6.06},{"type":"B","date":"2018-04-09T07:48:46.000Z","volume":1000,"label":" ","price":6.06},{"type":"B","date":"2018-04-09T07:53:16.000Z","volume":500,"label":" ","price":6.06},{"type":"B","date":"2018-04-09T07:54:16.000Z","volume":500,"label":" ","price":6.06},{"type":"B","date":"2018-04-09T07:54:41.000Z","volume":500,"label":" ","price":6.06},{"type":"B","date":"2018-04-09T07:55:00.000Z","volume":500,"label":" ","price":6.06},{"type":"B","date":"2018-04-09T07:55:46.000Z","volume":500,"label":" ","price":6.06},{"type":"B","date":"2018-04-09T07:56:30.000Z","volume":1000,"label":" ","price":6.06},{"type":"B","date":"2018-04-09T07:56:46.000Z","volume":500,"label":" ","price":6.06},{"type":"A","date":"2018-04-09T07:56:48.000Z","volume":500,"label":" ","price":6.07},{"type":"B","date":"2018-04-09T07:57:16.000Z","volume":500,"label":" ","price":6.06},{"type":"A","date":"2018-04-09T07:57:33.000Z","volume":500,"label":" ","price":6.07},{"type":"A","date":"2018-04-09T07:58:10.000Z","volume":500,"label":" ","price":6.07},{"type":"B","date":"2018-04-09T07:58:16.000Z","volume":500,"label":" ","price":6.06},{"type":"B","date":"2018-04-09T07:58:16.000Z","volume":500,"label":" ","price":6.06},{"type":"A","date":"2018-04-09T07:59:00.000Z","volume":1000,"label":" ","price":6.07},{"type":"A","date":"2018-04-09T07:59:02.000Z","volume":500,"label":" ","price":6.07},{"type":"B","date":"2018-04-09T07:59:16.000Z","volume":500,"label":" ","price":6.06},{"type":"A","date":"2018-04-09T07:59:30.000Z","volume":2000,"label":" ","price":6.07},{"type":"A","date":"2018-04-09T07:59:30.000Z","volume":500,"label":" ","price":6.07},{"type":"B","date":"2018-04-09T07:59:55.000Z","volume":500,"label":" ","price":6.06},{"type":"U","date":"2018-04-09T08:08:10.000Z","volume":5500,"label":"U","price":6.06}]