[{"type":"A","date":"2018-03-22T01:39:02.000Z","volume":1000,"label":" ","price":4.21},{"type":"A","date":"2018-03-22T01:39:25.000Z","volume":15000,"label":" ","price":4.22},{"type":"A","date":"2018-03-22T01:39:51.000Z","volume":10000,"label":" ","price":4.22},{"type":"A","date":"2018-03-22T01:42:28.000Z","volume":20000,"label":" ","price":4.23},{"type":"A","date":"2018-03-22T01:42:48.000Z","volume":10000,"label":" ","price":4.23},{"type":"A","date":"2018-03-22T01:45:40.000Z","volume":11000,"label":" ","price":4.22},{"type":"A","date":"2018-03-22T01:46:05.000Z","volume":7000,"label":" ","price":4.22},{"type":"A","date":"2018-03-22T01:46:38.000Z","volume":1000,"label":" ","price":4.22},{"type":"B","date":"2018-03-22T01:59:46.000Z","volume":10000,"label":" ","price":4.17},{"type":"A","date":"2018-03-22T02:02:24.000Z","volume":2500,"label":" ","price":4.19},{"type":"A","date":"2018-03-22T02:02:24.000Z","volume":27500,"label":" ","price":4.2},{"type":"A","date":"2018-03-22T02:03:37.000Z","volume":1000,"label":" ","price":4.2},{"type":"A","date":"2018-03-22T02:08:09.000Z","volume":500,"label":"Y","price":4.19},{"type":"B","date":"2018-03-22T02:12:49.000Z","volume":1000,"label":" ","price":4.14},{"type":"A","date":"2018-03-22T02:22:39.000Z","volume":26000,"label":" ","price":4.17},{"type":"A","date":"2018-03-22T02:27:33.000Z","volume":20000,"label":" ","price":4.18},{"type":"A","date":"2018-03-22T02:39:26.000Z","volume":20000,"label":" ","price":4.18},{"type":"A","date":"2018-03-22T02:40:32.000Z","volume":2500,"label":" ","price":4.17},{"type":"A","date":"2018-03-22T02:40:32.000Z","volume":11500,"label":" ","price":4.18},{"type":"A","date":"2018-03-22T02:41:20.000Z","volume":2500,"label":" ","price":4.18},{"type":"A","date":"2018-03-22T02:50:21.000Z","volume":14000,"label":" ","price":4.18},{"type":"A","date":"2018-03-22T02:51:00.000Z","volume":2000,"label":" ","price":4.18},{"type":"B","date":"2018-03-22T03:01:04.000Z","volume":2000,"label":" ","price":4.11},{"type":"B","date":"2018-03-22T03:01:12.000Z","volume":1500,"label":" ","price":4.1},{"type":"A","date":"2018-03-22T03:01:36.000Z","volume":36500,"label":" ","price":4.13},{"type":"A","date":"2018-03-22T03:01:36.000Z","volume":500,"label":" ","price":4.13},{"type":"B","date":"2018-03-22T03:02:41.000Z","volume":500,"label":" ","price":4.1},{"type":"B","date":"2018-03-22T03:02:41.000Z","volume":2000,"label":" ","price":4.09},{"type":"B","date":"2018-03-22T03:02:41.000Z","volume":500,"label":" ","price":4.08},{"type":"B","date":"2018-03-22T03:02:41.000Z","volume":5000,"label":" ","price":4.07},{"type":"B","date":"2018-03-22T03:02:41.000Z","volume":5000,"label":" ","price":4.06},{"type":"B","date":"2018-03-22T03:02:41.000Z","volume":4000,"label":" ","price":4.05},{"type":"U","date":"2018-03-22T03:02:42.000Z","volume":6000,"label":" ","price":4.07},{"type":"A","date":"2018-03-22T03:12:15.000Z","volume":10000,"label":" ","price":4.13},{"type":"A","date":"2018-03-22T03:12:15.000Z","volume":20000,"label":" ","price":4.14},{"type":"A","date":"2018-03-22T03:12:15.000Z","volume":16500,"label":" ","price":4.17},{"type":"A","date":"2018-03-22T03:12:15.000Z","volume":1500,"label":" ","price":4.18},{"type":"A","date":"2018-03-22T03:12:15.000Z","volume":29500,"label":" ","price":4.19},{"type":"A","date":"2018-03-22T03:12:15.000Z","volume":1500,"label":" ","price":4.2},{"type":"A","date":"2018-03-22T03:12:15.000Z","volume":21000,"label":" ","price":4.2},{"type":"B","date":"2018-03-22T03:15:13.000Z","volume":1500,"label":" ","price":4.13},{"type":"A","date":"2018-03-22T03:15:33.000Z","volume":500,"label":" ","price":4.13},{"type":"A","date":"2018-03-22T03:15:46.000Z","volume":22000,"label":" ","price":4.18},{"type":"B","date":"2018-03-22T03:19:40.000Z","volume":1500,"label":" ","price":4.12},{"type":"A","date":"2018-03-22T03:20:26.000Z","volume":2500,"label":" ","price":4.11},{"type":"B","date":"2018-03-22T03:23:22.000Z","volume":2000,"label":" ","price":4.08},{"type":"B","date":"2018-03-22T03:23:22.000Z","volume":5000,"label":" ","price":4.07},{"type":"A","date":"2018-03-22T03:23:22.000Z","volume":23000,"label":" ","price":4.07},{"type":"A","date":"2018-03-22T03:23:40.000Z","volume":2000,"label":" ","price":4.1},{"type":"A","date":"2018-03-22T03:23:40.000Z","volume":1500,"label":" ","price":4.11},{"type":"A","date":"2018-03-22T03:23:40.000Z","volume":25500,"label":" ","price":4.12},{"type":"A","date":"2018-03-22T03:23:40.000Z","volume":16500,"label":" ","price":4.15},{"type":"A","date":"2018-03-22T03:23:40.000Z","volume":14500,"label":" ","price":4.15},{"type":"B","date":"2018-03-22T03:24:14.000Z","volume":2000,"label":" ","price":4.07},{"type":"B","date":"2018-03-22T03:24:14.000Z","volume":14500,"label":" ","price":4.07},{"type":"A","date":"2018-03-22T03:24:18.000Z","volume":2000,"label":" ","price":4.07},{"type":"A","date":"2018-03-22T03:24:20.000Z","volume":4000,"label":" ","price":4.07},{"type":"A","date":"2018-03-22T03:24:22.000Z","volume":7000,"label":" ","price":4.07},{"type":"A","date":"2018-03-22T03:24:23.000Z","volume":4000,"label":" ","price":4.07},{"type":"A","date":"2018-03-22T03:24:24.000Z","volume":4000,"label":" ","price":4.07},{"type":"A","date":"2018-03-22T03:24:24.000Z","volume":2500,"label":" ","price":4.07},{"type":"B","date":"2018-03-22T03:25:06.000Z","volume":5500,"label":" ","price":4.07},{"type":"A","date":"2018-03-22T03:26:36.000Z","volume":34500,"label":" ","price":4.07},{"type":"B","date":"2018-03-22T03:27:41.000Z","volume":1000,"label":" ","price":4.08},{"type":"B","date":"2018-03-22T03:27:41.000Z","volume":15500,"label":" ","price":4.07},{"type":"A","date":"2018-03-22T03:27:54.000Z","volume":1500,"label":" ","price":4.07},{"type":"A","date":"2018-03-22T03:30:04.000Z","volume":1000,"label":" ","price":4.07},{"type":"A","date":"2018-03-22T03:30:36.000Z","volume":500,"label":" ","price":4.07},{"type":"A","date":"2018-03-22T03:32:43.000Z","volume":10500,"label":" ","price":4.07},{"type":"A","date":"2018-03-22T03:32:43.000Z","volume":1000,"label":" ","price":4.12},{"type":"A","date":"2018-03-22T03:32:43.000Z","volume":4000,"label":" ","price":4.13},{"type":"A","date":"2018-03-22T03:32:43.000Z","volume":8000,"label":" ","price":4.14},{"type":"A","date":"2018-03-22T03:32:43.000Z","volume":4000,"label":" ","price":4.15},{"type":"A","date":"2018-03-22T03:32:43.000Z","volume":32500,"label":" ","price":4.16},{"type":"B","date":"2018-03-22T03:34:11.000Z","volume":3000,"label":" ","price":4.09},{"type":"B","date":"2018-03-22T03:34:11.000Z","volume":16000,"label":" ","price":4.07},{"type":"B","date":"2018-03-22T03:34:11.000Z","volume":1000,"label":" ","price":4.06},{"type":"A","date":"2018-03-22T03:34:14.000Z","volume":2000,"label":" ","price":4.07},{"type":"A","date":"2018-03-22T03:34:16.000Z","volume":4000,"label":" ","price":4.07},{"type":"A","date":"2018-03-22T03:34:16.000Z","volume":4000,"label":" ","price":4.07},{"type":"A","date":"2018-03-22T03:34:19.000Z","volume":1000,"label":" ","price":4.07},{"type":"B","date":"2018-03-22T03:36:34.000Z","volume":2500,"label":" ","price":4.06},{"type":"B","date":"2018-03-22T03:36:46.000Z","volume":1500,"label":" ","price":4.06},{"type":"A","date":"2018-03-22T03:37:36.000Z","volume":500,"label":" ","price":4.06},{"type":"A","date":"2018-03-22T03:37:36.000Z","volume":29500,"label":" ","price":4.07},{"type":"A","date":"2018-03-22T03:37:36.000Z","volume":1000,"label":" ","price":4.09},{"type":"A","date":"2018-03-22T03:37:36.000Z","volume":18000,"label":" ","price":4.1},{"type":"B","date":"2018-03-22T03:37:36.000Z","volume":7500,"label":" ","price":4.1},{"type":"B","date":"2018-03-22T03:37:36.000Z","volume":3500,"label":" ","price":4.1},{"type":"B","date":"2018-03-22T03:37:59.000Z","volume":500,"label":" ","price":4.06},{"type":"B","date":"2018-03-22T03:39:21.000Z","volume":500,"label":" ","price":4.05},{"type":"A","date":"2018-03-22T03:40:45.000Z","volume":34500,"label":" ","price":4.07},{"type":"B","date":"2018-03-22T03:40:48.000Z","volume":500,"label":" ","price":4.07},{"type":"B","date":"2018-03-22T03:41:48.000Z","volume":65000,"label":" ","price":4.07},{"type":"B","date":"2018-03-22T03:45:07.000Z","volume":500,"label":" ","price":4.03},{"type":"A","date":"2018-03-22T03:45:18.000Z","volume":500,"label":" ","price":4.03},{"type":"A","date":"2018-03-22T03:45:42.000Z","volume":38500,"label":" ","price":4.07},{"type":"A","date":"2018-03-22T03:45:42.000Z","volume":14000,"label":" ","price":4.09},{"type":"A","date":"2018-03-22T03:45:42.000Z","volume":500,"label":" ","price":4.11},{"type":"A","date":"2018-03-22T03:45:42.000Z","volume":11500,"label":" ","price":4.12},{"type":"A","date":"2018-03-22T03:45:42.000Z","volume":14500,"label":" ","price":4.13},{"type":"A","date":"2018-03-22T03:45:42.000Z","volume":4000,"label":" ","price":4.14},{"type":"A","date":"2018-03-22T03:45:42.000Z","volume":2000,"label":" ","price":4.15},{"type":"A","date":"2018-03-22T03:45:42.000Z","volume":500,"label":" ","price":4.16},{"type":"B","date":"2018-03-22T03:45:42.000Z","volume":14500,"label":" ","price":4.16},{"type":"A","date":"2018-03-22T03:47:17.000Z","volume":12000,"label":" ","price":4.15},{"type":"A","date":"2018-03-22T03:47:17.000Z","volume":1000,"label":" ","price":4.17},{"type":"A","date":"2018-03-22T03:47:17.000Z","volume":2500,"label":" ","price":4.18},{"type":"A","date":"2018-03-22T03:47:17.000Z","volume":4000,"label":" ","price":4.2},{"type":"A","date":"2018-03-22T03:47:17.000Z","volume":4000,"label":" ","price":4.22},{"type":"A","date":"2018-03-22T03:47:17.000Z","volume":50000,"label":" ","price":4.23},{"type":"A","date":"2018-03-22T03:47:17.000Z","volume":12000,"label":" ","price":4.24},{"type":"B","date":"2018-03-22T03:47:17.000Z","volume":11000,"label":" ","price":4.24},{"type":"B","date":"2018-03-22T03:47:23.000Z","volume":3000,"label":" ","price":4.24},{"type":"A","date":"2018-03-22T03:47:44.000Z","volume":40000,"label":" ","price":4.26},{"type":"B","date":"2018-03-22T03:48:45.000Z","volume":1000,"label":" ","price":4.26},{"type":"B","date":"2018-03-22T03:48:45.000Z","volume":500,"label":" ","price":4.24},{"type":"B","date":"2018-03-22T03:49:27.000Z","volume":7000,"label":" ","price":4.12},{"type":"B","date":"2018-03-22T03:49:27.000Z","volume":2000,"label":" ","price":4.1},{"type":"B","date":"2018-03-22T03:49:27.000Z","volume":8000,"label":" ","price":4.08},{"type":"B","date":"2018-03-22T03:49:27.000Z","volume":13000,"label":" ","price":4.07},{"type":"B","date":"2018-03-22T03:49:51.000Z","volume":2000,"label":" ","price":4.09},{"type":"B","date":"2018-03-22T03:49:51.000Z","volume":10000,"label":" ","price":4.08},{"type":"B","date":"2018-03-22T03:49:51.000Z","volume":31500,"label":" ","price":4.07},{"type":"B","date":"2018-03-22T03:49:51.000Z","volume":21500,"label":" ","price":4.07},{"type":"B","date":"2018-03-22T03:50:25.000Z","volume":9000,"label":" ","price":4.07},{"type":"B","date":"2018-03-22T03:50:25.000Z","volume":8500,"label":" ","price":4.07},{"type":"B","date":"2018-03-22T03:50:25.000Z","volume":38500,"label":" ","price":4.07},{"type":"B","date":"2018-03-22T03:51:03.000Z","volume":13000,"label":" ","price":4.07},{"type":"A","date":"2018-03-22T03:51:40.000Z","volume":3000,"label":" ","price":4.07},{"type":"A","date":"2018-03-22T03:52:58.000Z","volume":58000,"label":" ","price":4.07},{"type":"A","date":"2018-03-22T03:52:58.000Z","volume":8000,"label":" ","price":4.12},{"type":"A","date":"2018-03-22T03:52:58.000Z","volume":21000,"label":" ","price":4.14},{"type":"A","date":"2018-03-22T03:52:58.000Z","volume":13000,"label":" ","price":4.15},{"type":"A","date":"2018-03-22T03:55:56.000Z","volume":9000,"label":" ","price":4.15},{"type":"A","date":"2018-03-22T03:55:56.000Z","volume":4500,"label":" ","price":4.18},{"type":"A","date":"2018-03-22T03:55:56.000Z","volume":5000,"label":" ","price":4.19},{"type":"A","date":"2018-03-22T03:55:56.000Z","volume":9000,"label":" ","price":4.2},{"type":"A","date":"2018-03-22T03:55:56.000Z","volume":6000,"label":" ","price":4.21},{"type":"A","date":"2018-03-22T03:55:56.000Z","volume":11000,"label":" ","price":4.22},{"type":"A","date":"2018-03-22T03:55:56.000Z","volume":10000,"label":" ","price":4.23},{"type":"A","date":"2018-03-22T03:55:56.000Z","volume":25500,"label":" ","price":4.24},{"type":"B","date":"2018-03-22T03:59:52.000Z","volume":2000,"label":" ","price":4.12},{"type":"B","date":"2018-03-22T03:59:52.000Z","volume":2000,"label":" ","price":4.1},{"type":"B","date":"2018-03-22T03:59:52.000Z","volume":9000,"label":" ","price":4.09},{"type":"B","date":"2018-03-22T03:59:52.000Z","volume":65000,"label":" ","price":4.08},{"type":"B","date":"2018-03-22T03:59:52.000Z","volume":22000,"label":" ","price":4.07},{"type":"B","date":"2018-03-22T05:00:10.000Z","volume":1000,"label":" ","price":4.1},{"type":"B","date":"2018-03-22T05:00:10.000Z","volume":14500,"label":" ","price":4.08},{"type":"B","date":"2018-03-22T05:00:10.000Z","volume":68000,"label":" ","price":4.07},{"type":"A","date":"2018-03-22T05:00:15.000Z","volume":4000,"label":" ","price":4.07},{"type":"A","date":"2018-03-22T05:00:16.000Z","volume":4000,"label":" ","price":4.07},{"type":"A","date":"2018-03-22T05:00:17.000Z","volume":4000,"label":" ","price":4.07},{"type":"A","date":"2018-03-22T05:00:18.000Z","volume":1000,"label":" ","price":4.07},{"type":"A","date":"2018-03-22T05:00:19.000Z","volume":3500,"label":" ","price":4.07},{"type":"A","date":"2018-03-22T05:05:22.000Z","volume":46500,"label":" ","price":4.09},{"type":"A","date":"2018-03-22T05:05:22.000Z","volume":3500,"label":" ","price":4.09},{"type":"B","date":"2018-03-22T05:06:35.000Z","volume":1000,"label":" ","price":4.05},{"type":"A","date":"2018-03-22T05:08:58.000Z","volume":500,"label":" ","price":4.04},{"type":"A","date":"2018-03-22T05:08:58.000Z","volume":1000,"label":" ","price":4.05},{"type":"A","date":"2018-03-22T05:08:58.000Z","volume":28500,"label":" ","price":4.07},{"type":"A","date":"2018-03-22T05:08:58.000Z","volume":16000,"label":" ","price":4.09},{"type":"A","date":"2018-03-22T05:08:58.000Z","volume":4000,"label":" ","price":4.09},{"type":"B","date":"2018-03-22T05:14:01.000Z","volume":5000,"label":" ","price":4.03},{"type":"A","date":"2018-03-22T05:14:19.000Z","volume":11000,"label":" ","price":4.06},{"type":"A","date":"2018-03-22T05:14:19.000Z","volume":19000,"label":" ","price":4.07},{"type":"B","date":"2018-03-22T05:17:54.000Z","volume":2000,"label":" ","price":4.03},{"type":"A","date":"2018-03-22T05:17:56.000Z","volume":20000,"label":" ","price":4.06},{"type":"B","date":"2018-03-22T05:18:22.000Z","volume":1000,"label":" ","price":4.03},{"type":"U","date":"2018-03-22T05:18:27.000Z","volume":1000,"label":" ","price":4.03},{"type":"B","date":"2018-03-22T05:19:54.000Z","volume":500,"label":" ","price":4.02},{"type":"A","date":"2018-03-22T05:22:52.000Z","volume":500,"label":" ","price":4.04},{"type":"A","date":"2018-03-22T05:22:52.000Z","volume":4500,"label":" ","price":4.05},{"type":"A","date":"2018-03-22T05:22:52.000Z","volume":7000,"label":" ","price":4.06},{"type":"A","date":"2018-03-22T05:22:52.000Z","volume":8000,"label":" ","price":4.07},{"type":"B","date":"2018-03-22T05:25:39.000Z","volume":1500,"label":" ","price":4.03},{"type":"B","date":"2018-03-22T05:26:49.000Z","volume":3000,"label":" ","price":4.02},{"type":"B","date":"2018-03-22T05:26:51.000Z","volume":500,"label":" ","price":4.01},{"type":"A","date":"2018-03-22T05:31:58.000Z","volume":500,"label":" ","price":4.03},{"type":"A","date":"2018-03-22T05:31:58.000Z","volume":1000,"label":" ","price":4.04},{"type":"A","date":"2018-03-22T05:31:58.000Z","volume":2000,"label":" ","price":4.05},{"type":"A","date":"2018-03-22T05:31:58.000Z","volume":6500,"label":" ","price":4.06},{"type":"A","date":"2018-03-22T05:36:54.000Z","volume":5500,"label":" ","price":4.06},{"type":"A","date":"2018-03-22T05:36:54.000Z","volume":11500,"label":" ","price":4.07},{"type":"A","date":"2018-03-22T05:36:54.000Z","volume":8500,"label":" ","price":4.08},{"type":"A","date":"2018-03-22T05:36:54.000Z","volume":36000,"label":" ","price":4.09},{"type":"A","date":"2018-03-22T05:36:54.000Z","volume":58500,"label":" ","price":4.1},{"type":"A","date":"2018-03-22T05:42:51.000Z","volume":37500,"label":" ","price":4.07},{"type":"A","date":"2018-03-22T05:42:51.000Z","volume":31000,"label":" ","price":4.09},{"type":"A","date":"2018-03-22T05:42:51.000Z","volume":41500,"label":" ","price":4.1},{"type":"A","date":"2018-03-22T05:45:11.000Z","volume":8000,"label":" ","price":4.07},{"type":"A","date":"2018-03-22T05:46:28.000Z","volume":2500,"label":" ","price":4.07},{"type":"B","date":"2018-03-22T05:57:48.000Z","volume":5000,"label":" ","price":4.04},{"type":"U","date":"2018-03-22T05:58:28.000Z","volume":2500,"label":" ","price":4.04},{"type":"B","date":"2018-03-22T05:59:05.000Z","volume":500,"label":" ","price":4.04},{"type":"A","date":"2018-03-22T06:01:04.000Z","volume":3000,"label":" ","price":4.06},{"type":"A","date":"2018-03-22T06:01:04.000Z","volume":37000,"label":" ","price":4.07},{"type":"B","date":"2018-03-22T06:07:13.000Z","volume":2500,"label":" ","price":4.04},{"type":"A","date":"2018-03-22T06:14:18.000Z","volume":3500,"label":" ","price":4.06},{"type":"U","date":"2018-03-22T06:39:39.000Z","volume":1000,"label":" ","price":4.04},{"type":"B","date":"2018-03-22T06:48:10.000Z","volume":8000,"label":" ","price":4.03},{"type":"B","date":"2018-03-22T06:48:24.000Z","volume":1500,"label":" ","price":4.02},{"type":"U","date":"2018-03-22T06:49:15.000Z","volume":4000,"label":" ","price":4.02},{"type":"U","date":"2018-03-22T06:49:23.000Z","volume":2500,"label":" ","price":4.02},{"type":"U","date":"2018-03-22T06:50:36.000Z","volume":2000,"label":" ","price":4.02},{"type":"A","date":"2018-03-22T06:51:17.000Z","volume":1000,"label":" ","price":4.04},{"type":"A","date":"2018-03-22T06:51:17.000Z","volume":5500,"label":" ","price":4.06},{"type":"A","date":"2018-03-22T07:13:38.000Z","volume":4500,"label":" ","price":4.06},{"type":"A","date":"2018-03-22T07:13:38.000Z","volume":1000,"label":" ","price":4.08},{"type":"A","date":"2018-03-22T07:13:44.000Z","volume":10500,"label":" ","price":4.09},{"type":"A","date":"2018-03-22T07:14:09.000Z","volume":2000,"label":" ","price":4.12},{"type":"A","date":"2018-03-22T07:14:09.000Z","volume":10000,"label":" ","price":4.13},{"type":"A","date":"2018-03-22T07:14:09.000Z","volume":10000,"label":" ","price":4.14},{"type":"A","date":"2018-03-22T07:14:09.000Z","volume":27000,"label":" ","price":4.15},{"type":"A","date":"2018-03-22T07:14:09.000Z","volume":3000,"label":" ","price":4.15},{"type":"B","date":"2018-03-22T07:14:13.000Z","volume":8000,"label":" ","price":4.15},{"type":"A","date":"2018-03-22T07:14:44.000Z","volume":16000,"label":" ","price":4.15},{"type":"A","date":"2018-03-22T07:14:44.000Z","volume":2000,"label":" ","price":4.19},{"type":"A","date":"2018-03-22T07:14:44.000Z","volume":17000,"label":" ","price":4.2},{"type":"A","date":"2018-03-22T07:14:44.000Z","volume":8500,"label":" ","price":4.2},{"type":"B","date":"2018-03-22T07:14:46.000Z","volume":4000,"label":" ","price":4.2},{"type":"B","date":"2018-03-22T07:14:46.000Z","volume":2500,"label":" ","price":4.2},{"type":"A","date":"2018-03-22T07:15:05.000Z","volume":4500,"label":" ","price":4.2},{"type":"A","date":"2018-03-22T07:15:05.000Z","volume":4000,"label":" ","price":4.23},{"type":"A","date":"2018-03-22T07:15:05.000Z","volume":13500,"label":" ","price":4.24},{"type":"A","date":"2018-03-22T07:15:05.000Z","volume":3500,"label":" ","price":4.25},{"type":"A","date":"2018-03-22T07:15:05.000Z","volume":9500,"label":" ","price":4.26},{"type":"B","date":"2018-03-22T07:21:10.000Z","volume":20000,"label":" ","price":4.3},{"type":"B","date":"2018-03-22T07:21:36.000Z","volume":7000,"label":" ","price":4.26},{"type":"B","date":"2018-03-22T07:23:47.000Z","volume":5000,"label":" ","price":4.26},{"type":"A","date":"2018-03-22T07:55:36.000Z","volume":2500,"label":" ","price":4.35},{"type":"A","date":"2018-03-22T07:58:45.000Z","volume":2500,"label":" ","price":4.28}]