[{"type":"A","date":"2018-03-19T07:51:29.000Z","volume":18000,"price":6.43,"category":"ubbull"},{"type":"A","date":"2018-03-19T07:51:17.000Z","volume":10000,"price":6.43,"category":"ubbull"},{"type":"A","date":"2018-03-19T07:34:07.000Z","volume":32000,"price":6.43,"category":"ubbull"},{"type":"A","date":"2018-03-19T07:30:25.000Z","volume":10000,"price":6.43,"category":"ubbull"},{"type":"A","date":"2018-03-19T07:25:38.000Z","volume":21500,"price":6.43,"category":"ubbull"},{"type":"A","date":"2018-03-19T07:14:47.000Z","volume":14500,"price":6.45,"category":"ubbull"},{"type":"A","date":"2018-03-19T07:08:08.000Z","volume":38000,"price":6.43,"category":"ubbull"},{"type":"A","date":"2018-03-19T06:52:04.000Z","volume":11000,"price":6.43,"category":"ubbull"},{"type":"A","date":"2018-03-19T06:37:58.000Z","volume":18500,"price":6.42,"category":"ubbull"},{"type":"A","date":"2018-03-19T06:37:08.000Z","volume":10000,"price":6.42,"category":"ubbull"},{"type":"A","date":"2018-03-19T06:26:52.000Z","volume":25000,"price":6.42,"category":"ubbull"},{"type":"A","date":"2018-03-19T06:17:14.000Z","volume":14500,"price":6.41,"category":"ubbull"},{"type":"A","date":"2018-03-19T06:17:14.000Z","volume":17500,"price":6.41,"category":"ubbull"},{"type":"A","date":"2018-03-19T06:00:40.000Z","volume":15500,"price":6.43,"category":"ubbull"},{"type":"A","date":"2018-03-19T05:48:48.000Z","volume":27500,"price":6.45,"category":"ubbull"},{"type":"A","date":"2018-03-19T05:42:51.000Z","volume":10000,"price":6.46,"category":"ubbull"},{"type":"A","date":"2018-03-19T05:42:04.000Z","volume":23500,"price":6.45,"category":"ubbull"},{"type":"A","date":"2018-03-19T05:41:43.000Z","volume":11000,"price":6.45,"category":"ubbull"},{"type":"A","date":"2018-03-19T05:38:36.000Z","volume":11000,"price":6.45,"category":"ubbull"},{"type":"A","date":"2018-03-19T05:30:01.000Z","volume":47500,"price":6.44,"category":"ubbull"},{"type":"A","date":"2018-03-19T05:18:53.000Z","volume":9000,"price":6.44,"category":"ubbull"},{"type":"A","date":"2018-03-19T05:18:50.000Z","volume":10000,"price":6.44,"category":"ubbull"},{"type":"A","date":"2018-03-19T05:15:37.000Z","volume":10000,"price":6.44,"category":"ubbull"},{"type":"A","date":"2018-03-19T03:54:39.000Z","volume":9500,"price":6.44,"category":"ubbull"},{"type":"A","date":"2018-03-19T03:54:21.000Z","volume":10000,"price":6.44,"category":"ubbull"},{"type":"A","date":"2018-03-19T03:52:25.000Z","volume":10000,"price":6.44,"category":"ubbull"},{"type":"A","date":"2018-03-19T03:49:56.000Z","volume":20000,"price":6.44,"category":"ubbull"},{"type":"A","date":"2018-03-19T03:39:57.000Z","volume":18000,"price":6.45,"category":"ubbull"},{"type":"A","date":"2018-03-19T03:39:53.000Z","volume":29500,"price":6.45,"category":"ubbull"},{"type":"A","date":"2018-03-19T03:33:36.000Z","volume":15000,"price":6.45,"category":"ubbull"},{"type":"A","date":"2018-03-19T03:32:08.000Z","volume":22500,"price":6.44,"category":"ubbull"},{"type":"A","date":"2018-03-19T03:32:07.000Z","volume":10000,"price":6.44,"category":"ubbull"},{"type":"A","date":"2018-03-19T03:26:55.000Z","volume":63500,"price":6.43,"category":"ubbull"},{"type":"A","date":"2018-03-19T03:24:55.000Z","volume":23500,"price":6.41,"category":"ubbull"},{"type":"A","date":"2018-03-19T03:23:55.000Z","volume":10000,"price":6.41,"category":"ubbull"},{"type":"A","date":"2018-03-19T03:23:52.000Z","volume":10000,"price":6.41,"category":"ubbull"},{"type":"A","date":"2018-03-19T03:10:23.000Z","volume":11000,"price":6.46,"category":"ubbull"},{"type":"A","date":"2018-03-19T03:10:23.000Z","volume":36000,"price":6.46,"category":"ubbull"},{"type":"A","date":"2018-03-19T03:09:17.000Z","volume":16500,"price":6.46,"category":"ubbull"},{"type":"A","date":"2018-03-19T03:09:17.000Z","volume":47500,"price":6.46,"category":"ubbull"},{"type":"A","date":"2018-03-19T03:08:50.000Z","volume":27000,"price":6.45,"category":"ubbull"},{"type":"A","date":"2018-03-19T03:08:50.000Z","volume":21000,"price":6.45,"category":"ubbull"},{"type":"A","date":"2018-03-19T03:03:34.000Z","volume":10000,"price":6.45,"category":"ubbull"},{"type":"A","date":"2018-03-19T02:59:06.000Z","volume":10000,"price":6.46,"category":"ubbull"},{"type":"A","date":"2018-03-19T02:58:35.000Z","volume":10000,"price":6.46,"category":"ubbull"},{"type":"A","date":"2018-03-19T02:58:01.000Z","volume":10000,"price":6.46,"category":"ubbull"},{"type":"A","date":"2018-03-19T02:57:31.000Z","volume":12000,"price":6.46,"category":"ubbull"},{"type":"A","date":"2018-03-19T02:50:45.000Z","volume":16000,"price":6.46,"category":"ubbull"},{"type":"A","date":"2018-03-19T02:46:43.000Z","volume":15000,"price":6.46,"category":"ubbull"},{"type":"A","date":"2018-03-19T02:46:28.000Z","volume":10000,"price":6.46,"category":"ubbull"},{"type":"A","date":"2018-03-19T02:44:50.000Z","volume":28000,"price":6.46,"category":"ubbull"},{"type":"A","date":"2018-03-19T02:44:34.000Z","volume":20000,"price":6.46,"category":"ubbull"},{"type":"A","date":"2018-03-19T02:30:37.000Z","volume":10000,"price":6.47,"category":"ubbull"},{"type":"A","date":"2018-03-19T02:27:34.000Z","volume":8500,"price":6.46,"category":"ubbull"},{"type":"A","date":"2018-03-19T02:27:29.000Z","volume":12000,"price":6.46,"category":"ubbull"},{"type":"A","date":"2018-03-19T02:27:29.000Z","volume":50000,"price":6.46,"category":"ubbull"},{"type":"A","date":"2018-03-19T02:27:27.000Z","volume":20000,"price":6.46,"category":"ubbull"},{"type":"A","date":"2018-03-19T02:26:27.000Z","volume":20000,"price":6.46,"category":"ubbull"},{"type":"A","date":"2018-03-19T02:25:50.000Z","volume":10000,"price":6.46,"category":"ubbull"},{"type":"A","date":"2018-03-19T02:24:01.000Z","volume":14000,"price":6.46,"category":"ubbull"},{"type":"A","date":"2018-03-19T02:23:22.000Z","volume":12000,"price":6.48,"category":"ubbull"},{"type":"A","date":"2018-03-19T02:22:32.000Z","volume":14500,"price":6.46,"category":"ubbull"},{"type":"A","date":"2018-03-19T02:21:53.000Z","volume":31500,"price":6.46,"category":"ubbull"},{"type":"A","date":"2018-03-19T02:21:08.000Z","volume":20000,"price":6.46,"category":"ubbull"},{"type":"A","date":"2018-03-19T02:20:33.000Z","volume":9500,"price":6.46,"category":"ubbull"},{"type":"A","date":"2018-03-19T02:16:27.000Z","volume":10000,"price":6.48,"category":"ubbull"},{"type":"A","date":"2018-03-19T02:14:53.000Z","volume":10000,"price":6.49,"category":"ubbull"},{"type":"A","date":"2018-03-19T02:13:06.000Z","volume":25000,"price":6.47,"category":"ubbull"},{"type":"A","date":"2018-03-19T02:12:21.000Z","volume":10000,"price":6.47,"category":"ubbull"},{"type":"A","date":"2018-03-19T02:11:46.000Z","volume":12000,"price":6.48,"category":"ubbull"},{"type":"A","date":"2018-03-19T02:10:27.000Z","volume":10000,"price":6.5,"category":"ubbull"},{"type":"A","date":"2018-03-19T02:07:40.000Z","volume":39000,"price":6.49,"category":"ubbull"},{"type":"A","date":"2018-03-19T02:07:40.000Z","volume":24500,"price":6.49,"category":"ubbull"},{"type":"A","date":"2018-03-19T02:06:12.000Z","volume":50000,"price":6.48,"category":"ubbull"},{"type":"A","date":"2018-03-19T02:04:16.000Z","volume":10000,"price":6.46,"category":"ubbull"},{"type":"A","date":"2018-03-19T02:02:48.000Z","volume":10000,"price":6.46,"category":"ubbull"},{"type":"A","date":"2018-03-19T02:02:36.000Z","volume":10000,"price":6.46,"category":"ubbull"},{"type":"A","date":"2018-03-19T02:01:51.000Z","volume":9000,"price":6.46,"category":"ubbull"},{"type":"A","date":"2018-03-19T02:00:59.000Z","volume":13500,"price":6.45,"category":"ubbull"},{"type":"A","date":"2018-03-19T01:57:41.000Z","volume":14500,"price":6.47,"category":"ubbull"},{"type":"A","date":"2018-03-19T01:57:41.000Z","volume":15500,"price":6.47,"category":"ubbull"},{"type":"A","date":"2018-03-19T01:55:39.000Z","volume":18000,"price":6.46,"category":"ubbull"},{"type":"A","date":"2018-03-19T01:54:44.000Z","volume":8500,"price":6.47,"category":"ubbull"},{"type":"A","date":"2018-03-19T01:51:11.000Z","volume":11000,"price":6.48,"category":"ubbull"},{"type":"A","date":"2018-03-19T01:49:32.000Z","volume":8500,"price":6.49,"category":"ubbull"},{"type":"A","date":"2018-03-19T01:47:17.000Z","volume":55000,"price":6.49,"category":"ubbull"},{"type":"A","date":"2018-03-19T01:44:35.000Z","volume":29000,"price":6.47,"category":"ubbull"},{"type":"A","date":"2018-03-19T01:42:31.000Z","volume":10000,"price":6.49,"category":"ubbull"},{"type":"A","date":"2018-03-19T01:42:03.000Z","volume":30000,"price":6.5,"category":"ubbull"},{"type":"A","date":"2018-03-19T01:41:59.000Z","volume":9000,"price":6.5,"category":"ubbull"},{"type":"A","date":"2018-03-19T01:41:53.000Z","volume":10000,"price":6.5,"category":"ubbull"},{"type":"A","date":"2018-03-19T01:38:44.000Z","volume":25500,"price":6.48,"category":"ubbull"},{"type":"A","date":"2018-03-19T01:38:44.000Z","volume":10000,"price":6.48,"category":"ubbull"},{"type":"A","date":"2018-03-19T01:38:42.000Z","volume":9000,"price":6.5,"category":"ubbull"},{"type":"A","date":"2018-03-19T01:36:03.000Z","volume":10000,"price":6.52,"category":"ubbull"},{"type":"A","date":"2018-03-19T01:35:31.000Z","volume":15000,"price":6.53,"category":"ubbull"},{"type":"A","date":"2018-03-19T01:35:31.000Z","volume":78500,"price":6.53,"category":"ubbull"},{"type":"A","date":"2018-03-19T01:34:57.000Z","volume":9000,"price":6.53,"category":"ubbull"},{"type":"A","date":"2018-03-19T01:32:53.000Z","volume":8500,"price":6.55,"category":"ubbull"},{"type":"A","date":"2018-03-19T01:32:10.000Z","volume":12500,"price":6.53,"category":"ubbull"},{"type":"A","date":"2018-03-19T01:32:08.000Z","volume":61500,"price":6.53,"category":"ubbull"},{"type":"A","date":"2018-03-19T01:32:08.000Z","volume":13000,"price":6.5,"category":"ubbull"},{"type":"A","date":"2018-03-19T01:31:53.000Z","volume":9500,"price":6.51,"category":"ubbull"},{"type":"A","date":"2018-03-19T01:30:35.000Z","volume":10000,"price":6.6,"category":"ubbull"},{"type":"A","date":"2018-03-19T01:30:23.000Z","volume":16000,"price":6.61,"category":"ubbull"},{"type":"A","date":"2018-03-19T01:30:15.000Z","volume":41500,"price":6.6,"category":"ubbull"},{"type":"A","date":"2018-03-19T01:30:15.000Z","volume":17500,"price":6.6,"category":"ubbull"},{"type":"A","date":"2018-03-19T01:30:15.000Z","volume":70000,"price":6.6,"category":"ubbull"},{"type":"A","date":"2018-03-19T01:30:11.000Z","volume":20000,"price":6.6,"category":"ubbull"},{"type":"A","date":"2018-03-19T01:30:02.000Z","volume":20000,"price":6.65,"category":"ubbull"},{"type":"A","date":"2018-03-19T01:30:02.000Z","volume":40000,"price":6.64,"category":"ubbull"},{"type":"A","date":"2018-03-19T07:59:01.000Z","volume":3000,"price":6.44,"category":"bbull"},{"type":"A","date":"2018-03-19T07:48:41.000Z","volume":4500,"price":6.43,"category":"bbull"},{"type":"A","date":"2018-03-19T07:28:42.000Z","volume":3000,"price":6.43,"category":"bbull"},{"type":"A","date":"2018-03-19T07:02:06.000Z","volume":4500,"price":6.43,"category":"bbull"},{"type":"A","date":"2018-03-19T06:58:09.000Z","volume":5000,"price":6.43,"category":"bbull"},{"type":"A","date":"2018-03-19T06:44:58.000Z","volume":7500,"price":6.44,"category":"bbull"},{"type":"A","date":"2018-03-19T06:37:58.000Z","volume":6000,"price":6.42,"category":"bbull"},{"type":"A","date":"2018-03-19T06:32:54.000Z","volume":5000,"price":6.42,"category":"bbull"},{"type":"A","date":"2018-03-19T06:29:27.000Z","volume":3000,"price":6.42,"category":"bbull"},{"type":"A","date":"2018-03-19T06:23:55.000Z","volume":5000,"price":6.42,"category":"bbull"},{"type":"A","date":"2018-03-19T06:19:07.000Z","volume":5500,"price":6.42,"category":"bbull"},{"type":"A","date":"2018-03-19T06:19:01.000Z","volume":7500,"price":6.42,"category":"bbull"},{"type":"A","date":"2018-03-19T06:16:59.000Z","volume":8000,"price":6.41,"category":"bbull"},{"type":"A","date":"2018-03-19T06:04:59.000Z","volume":3000,"price":6.44,"category":"bbull"},{"type":"A","date":"2018-03-19T06:01:00.000Z","volume":5500,"price":6.43,"category":"bbull"},{"type":"A","date":"2018-03-19T05:53:12.000Z","volume":5000,"price":6.45,"category":"bbull"},{"type":"A","date":"2018-03-19T05:47:59.000Z","volume":5000,"price":6.45,"category":"bbull"},{"type":"A","date":"2018-03-19T05:42:51.000Z","volume":3000,"price":6.46,"category":"bbull"},{"type":"A","date":"2018-03-19T05:42:04.000Z","volume":4000,"price":6.45,"category":"bbull"},{"type":"A","date":"2018-03-19T05:00:00.000Z","volume":8000,"price":6.45,"category":"bbull"},{"type":"A","date":"2018-03-19T03:57:52.000Z","volume":3500,"price":6.45,"category":"bbull"},{"type":"A","date":"2018-03-19T03:49:31.000Z","volume":4500,"price":6.44,"category":"bbull"},{"type":"A","date":"2018-03-19T03:26:55.000Z","volume":3500,"price":6.43,"category":"bbull"},{"type":"A","date":"2018-03-19T03:26:55.000Z","volume":3500,"price":6.43,"category":"bbull"},{"type":"A","date":"2018-03-19T03:26:55.000Z","volume":6500,"price":6.43,"category":"bbull"},{"type":"A","date":"2018-03-19T03:24:20.000Z","volume":5000,"price":6.41,"category":"bbull"},{"type":"A","date":"2018-03-19T03:23:59.000Z","volume":5000,"price":6.41,"category":"bbull"},{"type":"A","date":"2018-03-19T03:19:00.000Z","volume":5500,"price":6.43,"category":"bbull"},{"type":"A","date":"2018-03-19T03:15:58.000Z","volume":3500,"price":6.44,"category":"bbull"},{"type":"A","date":"2018-03-19T03:15:20.000Z","volume":5000,"price":6.46,"category":"bbull"},{"type":"A","date":"2018-03-19T03:11:11.000Z","volume":3500,"price":6.46,"category":"bbull"},{"type":"A","date":"2018-03-19T03:02:34.000Z","volume":3000,"price":6.46,"category":"bbull"},{"type":"A","date":"2018-03-19T02:59:26.000Z","volume":4000,"price":6.47,"category":"bbull"},{"type":"A","date":"2018-03-19T02:59:06.000Z","volume":7500,"price":6.46,"category":"bbull"},{"type":"A","date":"2018-03-19T02:53:13.000Z","volume":6500,"price":6.46,"category":"bbull"},{"type":"A","date":"2018-03-19T02:52:04.000Z","volume":3500,"price":6.45,"category":"bbull"},{"type":"A","date":"2018-03-19T02:52:04.000Z","volume":6500,"price":6.45,"category":"bbull"},{"type":"A","date":"2018-03-19T02:51:31.000Z","volume":7000,"price":6.45,"category":"bbull"},{"type":"A","date":"2018-03-19T02:45:26.000Z","volume":8000,"price":6.46,"category":"bbull"},{"type":"A","date":"2018-03-19T02:30:16.000Z","volume":4500,"price":6.47,"category":"bbull"},{"type":"A","date":"2018-03-19T02:27:34.000Z","volume":6000,"price":6.46,"category":"bbull"},{"type":"A","date":"2018-03-19T02:13:06.000Z","volume":8000,"price":6.47,"category":"bbull"},{"type":"A","date":"2018-03-19T02:09:59.000Z","volume":7500,"price":6.5,"category":"bbull"},{"type":"A","date":"2018-03-19T02:09:20.000Z","volume":5000,"price":6.5,"category":"bbull"},{"type":"A","date":"2018-03-19T02:09:05.000Z","volume":8000,"price":6.5,"category":"bbull"},{"type":"A","date":"2018-03-19T02:06:12.000Z","volume":6500,"price":6.48,"category":"bbull"},{"type":"A","date":"2018-03-19T02:05:45.000Z","volume":5500,"price":6.47,"category":"bbull"},{"type":"A","date":"2018-03-19T02:04:51.000Z","volume":5500,"price":6.46,"category":"bbull"},{"type":"A","date":"2018-03-19T02:04:41.000Z","volume":3000,"price":6.46,"category":"bbull"},{"type":"A","date":"2018-03-19T02:03:44.000Z","volume":7000,"price":6.46,"category":"bbull"},{"type":"A","date":"2018-03-19T02:03:36.000Z","volume":4500,"price":6.46,"category":"bbull"},{"type":"A","date":"2018-03-19T02:03:16.000Z","volume":3000,"price":6.46,"category":"bbull"},{"type":"A","date":"2018-03-19T02:00:59.000Z","volume":6000,"price":6.45,"category":"bbull"},{"type":"A","date":"2018-03-19T02:00:47.000Z","volume":3000,"price":6.45,"category":"bbull"},{"type":"A","date":"2018-03-19T01:59:38.000Z","volume":3000,"price":6.46,"category":"bbull"},{"type":"A","date":"2018-03-19T01:59:08.000Z","volume":3000,"price":6.46,"category":"bbull"},{"type":"A","date":"2018-03-19T01:55:33.000Z","volume":3000,"price":6.46,"category":"bbull"},{"type":"A","date":"2018-03-19T01:54:54.000Z","volume":4000,"price":6.46,"category":"bbull"},{"type":"A","date":"2018-03-19T01:54:13.000Z","volume":3000,"price":6.46,"category":"bbull"},{"type":"A","date":"2018-03-19T01:54:03.000Z","volume":5000,"price":6.46,"category":"bbull"},{"type":"A","date":"2018-03-19T01:53:18.000Z","volume":3000,"price":6.46,"category":"bbull"},{"type":"A","date":"2018-03-19T01:51:11.000Z","volume":8000,"price":6.47,"category":"bbull"},{"type":"A","date":"2018-03-19T01:51:07.000Z","volume":5000,"price":6.47,"category":"bbull"},{"type":"A","date":"2018-03-19T01:49:44.000Z","volume":4000,"price":6.49,"category":"bbull"},{"type":"A","date":"2018-03-19T01:48:27.000Z","volume":8000,"price":6.49,"category":"bbull"},{"type":"A","date":"2018-03-19T01:48:13.000Z","volume":5000,"price":6.5,"category":"bbull"},{"type":"A","date":"2018-03-19T01:47:27.000Z","volume":3000,"price":6.5,"category":"bbull"},{"type":"A","date":"2018-03-19T01:47:17.000Z","volume":6500,"price":6.49,"category":"bbull"},{"type":"A","date":"2018-03-19T01:44:35.000Z","volume":3000,"price":6.47,"category":"bbull"},{"type":"A","date":"2018-03-19T01:44:26.000Z","volume":6000,"price":6.47,"category":"bbull"},{"type":"A","date":"2018-03-19T01:43:40.000Z","volume":5000,"price":6.47,"category":"bbull"},{"type":"A","date":"2018-03-19T01:43:20.000Z","volume":5000,"price":6.47,"category":"bbull"},{"type":"A","date":"2018-03-19T01:42:20.000Z","volume":5000,"price":6.5,"category":"bbull"},{"type":"A","date":"2018-03-19T01:42:11.000Z","volume":8000,"price":6.5,"category":"bbull"},{"type":"A","date":"2018-03-19T01:42:03.000Z","volume":4000,"price":6.5,"category":"bbull"},{"type":"A","date":"2018-03-19T01:41:59.000Z","volume":5500,"price":6.5,"category":"bbull"},{"type":"A","date":"2018-03-19T01:38:44.000Z","volume":5000,"price":6.49,"category":"bbull"},{"type":"A","date":"2018-03-19T01:38:12.000Z","volume":4500,"price":6.5,"category":"bbull"},{"type":"A","date":"2018-03-19T01:38:12.000Z","volume":5500,"price":6.5,"category":"bbull"},{"type":"A","date":"2018-03-19T01:36:34.000Z","volume":5000,"price":6.52,"category":"bbull"},{"type":"A","date":"2018-03-19T01:36:12.000Z","volume":3000,"price":6.52,"category":"bbull"},{"type":"A","date":"2018-03-19T01:35:31.000Z","volume":6000,"price":6.53,"category":"bbull"},{"type":"A","date":"2018-03-19T01:34:23.000Z","volume":3000,"price":6.53,"category":"bbull"},{"type":"A","date":"2018-03-19T01:34:19.000Z","volume":4500,"price":6.52,"category":"bbull"},{"type":"A","date":"2018-03-19T01:32:05.000Z","volume":3000,"price":6.5,"category":"bbull"},{"type":"A","date":"2018-03-19T01:30:23.000Z","volume":3000,"price":6.61,"category":"bbull"},{"type":"A","date":"2018-03-19T01:30:15.000Z","volume":3000,"price":6.6,"category":"bbull"},{"type":"A","date":"2018-03-19T07:59:51.000Z","volume":500,"price":6.44,"category":"rbull"},{"type":"A","date":"2018-03-19T07:59:50.000Z","volume":500,"price":6.44,"category":"rbull"},{"type":"A","date":"2018-03-19T07:55:37.000Z","volume":500,"price":6.44,"category":"rbull"},{"type":"A","date":"2018-03-19T07:45:21.000Z","volume":500,"price":6.43,"category":"rbull"},{"type":"A","date":"2018-03-19T07:44:54.000Z","volume":500,"price":6.43,"category":"rbull"},{"type":"A","date":"2018-03-19T07:34:25.000Z","volume":500,"price":6.44,"category":"rbull"},{"type":"A","date":"2018-03-19T07:34:03.000Z","volume":500,"price":6.43,"category":"rbull"},{"type":"A","date":"2018-03-19T07:30:11.000Z","volume":500,"price":6.43,"category":"rbull"},{"type":"A","date":"2018-03-19T07:29:42.000Z","volume":500,"price":6.43,"category":"rbull"},{"type":"A","date":"2018-03-19T07:17:12.000Z","volume":500,"price":6.45,"category":"rbull"},{"type":"A","date":"2018-03-19T07:11:40.000Z","volume":500,"price":6.45,"category":"rbull"},{"type":"A","date":"2018-03-19T07:06:30.000Z","volume":500,"price":6.43,"category":"rbull"},{"type":"A","date":"2018-03-19T06:59:46.000Z","volume":500,"price":6.43,"category":"rbull"},{"type":"A","date":"2018-03-19T06:56:38.000Z","volume":500,"price":6.43,"category":"rbull"},{"type":"A","date":"2018-03-19T06:56:09.000Z","volume":500,"price":6.43,"category":"rbull"},{"type":"A","date":"2018-03-19T06:43:05.000Z","volume":500,"price":6.44,"category":"rbull"},{"type":"A","date":"2018-03-19T06:36:24.000Z","volume":500,"price":6.42,"category":"rbull"},{"type":"A","date":"2018-03-19T06:29:45.000Z","volume":500,"price":6.42,"category":"rbull"},{"type":"A","date":"2018-03-19T06:29:04.000Z","volume":500,"price":6.42,"category":"rbull"},{"type":"A","date":"2018-03-19T06:27:43.000Z","volume":500,"price":6.42,"category":"rbull"},{"type":"A","date":"2018-03-19T06:24:39.000Z","volume":500,"price":6.42,"category":"rbull"},{"type":"A","date":"2018-03-19T06:19:32.000Z","volume":500,"price":6.42,"category":"rbull"},{"type":"A","date":"2018-03-19T06:18:22.000Z","volume":500,"price":6.42,"category":"rbull"},{"type":"A","date":"2018-03-19T06:10:09.000Z","volume":500,"price":6.43,"category":"rbull"},{"type":"A","date":"2018-03-19T05:59:15.000Z","volume":500,"price":6.45,"category":"rbull"},{"type":"A","date":"2018-03-19T05:54:17.000Z","volume":500,"price":6.45,"category":"rbull"},{"type":"A","date":"2018-03-19T05:48:59.000Z","volume":500,"price":6.45,"category":"rbull"},{"type":"A","date":"2018-03-19T05:20:53.000Z","volume":500,"price":6.45,"category":"rbull"},{"type":"A","date":"2018-03-19T05:11:13.000Z","volume":500,"price":6.44,"category":"rbull"},{"type":"A","date":"2018-03-19T03:51:00.000Z","volume":500,"price":6.44,"category":"rbull"},{"type":"A","date":"2018-03-19T03:50:30.000Z","volume":500,"price":6.44,"category":"rbull"},{"type":"A","date":"2018-03-19T03:49:41.000Z","volume":500,"price":6.44,"category":"rbull"},{"type":"A","date":"2018-03-19T03:49:30.000Z","volume":500,"price":6.44,"category":"rbull"},{"type":"A","date":"2018-03-19T03:47:31.000Z","volume":500,"price":6.45,"category":"rbull"},{"type":"A","date":"2018-03-19T03:47:04.000Z","volume":500,"price":6.45,"category":"rbull"},{"type":"A","date":"2018-03-19T03:47:02.000Z","volume":500,"price":6.45,"category":"rbull"},{"type":"A","date":"2018-03-19T03:44:01.000Z","volume":500,"price":6.45,"category":"rbull"},{"type":"A","date":"2018-03-19T03:42:30.000Z","volume":500,"price":6.45,"category":"rbull"},{"type":"A","date":"2018-03-19T03:40:31.000Z","volume":500,"price":6.45,"category":"rbull"},{"type":"A","date":"2018-03-19T03:39:00.000Z","volume":500,"price":6.45,"category":"rbull"},{"type":"A","date":"2018-03-19T03:37:00.000Z","volume":500,"price":6.45,"category":"rbull"},{"type":"A","date":"2018-03-19T03:36:48.000Z","volume":500,"price":6.45,"category":"rbull"},{"type":"A","date":"2018-03-19T03:35:30.000Z","volume":500,"price":6.45,"category":"rbull"},{"type":"A","date":"2018-03-19T03:33:30.000Z","volume":500,"price":6.45,"category":"rbull"},{"type":"A","date":"2018-03-19T03:24:25.000Z","volume":500,"price":6.41,"category":"rbull"},{"type":"A","date":"2018-03-19T03:23:45.000Z","volume":500,"price":6.41,"category":"rbull"},{"type":"A","date":"2018-03-19T03:17:51.000Z","volume":500,"price":6.43,"category":"rbull"},{"type":"A","date":"2018-03-19T03:09:17.000Z","volume":500,"price":6.46,"category":"rbull"},{"type":"A","date":"2018-03-19T02:44:18.000Z","volume":500,"price":6.46,"category":"rbull"},{"type":"A","date":"2018-03-19T02:21:37.000Z","volume":500,"price":6.46,"category":"rbull"},{"type":"A","date":"2018-03-19T02:09:32.000Z","volume":500,"price":6.5,"category":"rbull"},{"type":"A","date":"2018-03-19T02:04:53.000Z","volume":500,"price":6.46,"category":"rbull"},{"type":"A","date":"2018-03-19T02:03:28.000Z","volume":500,"price":6.46,"category":"rbull"},{"type":"A","date":"2018-03-19T01:53:54.000Z","volume":500,"price":6.46,"category":"rbull"},{"type":"A","date":"2018-03-19T01:52:45.000Z","volume":500,"price":6.46,"category":"rbull"},{"type":"A","date":"2018-03-19T01:51:18.000Z","volume":500,"price":6.48,"category":"rbull"},{"type":"A","date":"2018-03-19T01:43:30.000Z","volume":500,"price":6.47,"category":"rbull"},{"type":"A","date":"2018-03-19T01:42:40.000Z","volume":500,"price":6.49,"category":"rbull"},{"type":"A","date":"2018-03-19T01:42:37.000Z","volume":500,"price":6.49,"category":"rbull"},{"type":"A","date":"2018-03-19T01:42:30.000Z","volume":500,"price":6.49,"category":"rbull"},{"type":"A","date":"2018-03-19T01:38:50.000Z","volume":500,"price":6.49,"category":"rbull"},{"type":"A","date":"2018-03-19T01:38:40.000Z","volume":500,"price":6.5,"category":"rbull"},{"type":"A","date":"2018-03-19T01:37:44.000Z","volume":500,"price":6.5,"category":"rbull"},{"type":"A","date":"2018-03-19T01:35:31.000Z","volume":500,"price":6.53,"category":"rbull"},{"type":"A","date":"2018-03-19T01:31:52.000Z","volume":500,"price":6.51,"category":"rbull"},{"type":"A","date":"2018-03-19T01:30:07.000Z","volume":500,"price":6.64,"category":"rbull"},{"type":"B","date":"2018-03-19T07:59:28.000Z","volume":500,"price":6.43,"category":"rbear"},{"type":"B","date":"2018-03-19T07:59:28.000Z","volume":500,"price":6.43,"category":"rbear"},{"type":"B","date":"2018-03-19T07:59:00.000Z","volume":500,"price":6.43,"category":"rbear"},{"type":"B","date":"2018-03-19T07:56:50.000Z","volume":500,"price":6.43,"category":"rbear"},{"type":"B","date":"2018-03-19T07:56:50.000Z","volume":500,"price":6.43,"category":"rbear"},{"type":"B","date":"2018-03-19T07:56:17.000Z","volume":500,"price":6.43,"category":"rbear"},{"type":"B","date":"2018-03-19T07:55:35.000Z","volume":500,"price":6.43,"category":"rbear"},{"type":"B","date":"2018-03-19T07:55:35.000Z","volume":500,"price":6.43,"category":"rbear"},{"type":"B","date":"2018-03-19T07:54:53.000Z","volume":500,"price":6.43,"category":"rbear"},{"type":"B","date":"2018-03-19T07:54:41.000Z","volume":500,"price":6.43,"category":"rbear"},{"type":"B","date":"2018-03-19T07:53:42.000Z","volume":500,"price":6.43,"category":"rbear"},{"type":"B","date":"2018-03-19T07:52:34.000Z","volume":500,"price":6.43,"category":"rbear"},{"type":"B","date":"2018-03-19T07:50:19.000Z","volume":500,"price":6.42,"category":"rbear"},{"type":"B","date":"2018-03-19T07:50:19.000Z","volume":500,"price":6.42,"category":"rbear"},{"type":"B","date":"2018-03-19T07:45:13.000Z","volume":500,"price":6.42,"category":"rbear"},{"type":"B","date":"2018-03-19T07:30:16.000Z","volume":500,"price":6.42,"category":"rbear"},{"type":"B","date":"2018-03-19T07:29:00.000Z","volume":500,"price":6.43,"category":"rbear"},{"type":"B","date":"2018-03-19T07:15:15.000Z","volume":500,"price":6.43,"category":"rbear"},{"type":"B","date":"2018-03-19T07:05:14.000Z","volume":500,"price":6.42,"category":"rbear"},{"type":"B","date":"2018-03-19T06:59:41.000Z","volume":500,"price":6.42,"category":"rbear"},{"type":"B","date":"2018-03-19T06:57:41.000Z","volume":500,"price":6.42,"category":"rbear"},{"type":"B","date":"2018-03-19T06:50:15.000Z","volume":500,"price":6.42,"category":"rbear"},{"type":"B","date":"2018-03-19T06:42:40.000Z","volume":500,"price":6.42,"category":"rbear"},{"type":"B","date":"2018-03-19T06:30:16.000Z","volume":500,"price":6.41,"category":"rbear"},{"type":"B","date":"2018-03-19T05:59:20.000Z","volume":500,"price":6.44,"category":"rbear"},{"type":"B","date":"2018-03-19T05:59:20.000Z","volume":500,"price":6.44,"category":"rbear"},{"type":"B","date":"2018-03-19T05:59:15.000Z","volume":500,"price":6.44,"category":"rbear"},{"type":"B","date":"2018-03-19T05:56:57.000Z","volume":500,"price":6.44,"category":"rbear"},{"type":"B","date":"2018-03-19T05:56:57.000Z","volume":500,"price":6.44,"category":"rbear"},{"type":"B","date":"2018-03-19T05:52:01.000Z","volume":500,"price":6.44,"category":"rbear"},{"type":"B","date":"2018-03-19T05:50:15.000Z","volume":500,"price":6.44,"category":"rbear"},{"type":"B","date":"2018-03-19T05:45:16.000Z","volume":500,"price":6.44,"category":"rbear"},{"type":"B","date":"2018-03-19T05:35:17.000Z","volume":500,"price":6.44,"category":"rbear"},{"type":"B","date":"2018-03-19T05:30:01.000Z","volume":500,"price":6.44,"category":"rbear"},{"type":"B","date":"2018-03-19T05:23:01.000Z","volume":500,"price":6.44,"category":"rbear"},{"type":"B","date":"2018-03-19T05:20:12.000Z","volume":500,"price":6.44,"category":"rbear"},{"type":"B","date":"2018-03-19T05:13:20.000Z","volume":500,"price":6.43,"category":"rbear"},{"type":"B","date":"2018-03-19T05:10:17.000Z","volume":500,"price":6.44,"category":"rbear"},{"type":"B","date":"2018-03-19T05:05:17.000Z","volume":500,"price":6.43,"category":"rbear"},{"type":"B","date":"2018-03-19T05:03:03.000Z","volume":500,"price":6.44,"category":"rbear"},{"type":"B","date":"2018-03-19T05:02:46.000Z","volume":500,"price":6.44,"category":"rbear"},{"type":"B","date":"2018-03-19T03:59:14.000Z","volume":500,"price":6.43,"category":"rbear"},{"type":"B","date":"2018-03-19T03:57:52.000Z","volume":500,"price":6.43,"category":"rbear"},{"type":"B","date":"2018-03-19T03:57:52.000Z","volume":500,"price":6.43,"category":"rbear"},{"type":"B","date":"2018-03-19T03:57:52.000Z","volume":500,"price":6.43,"category":"rbear"},{"type":"B","date":"2018-03-19T03:55:48.000Z","volume":500,"price":6.44,"category":"rbear"},{"type":"B","date":"2018-03-19T03:54:39.000Z","volume":500,"price":6.44,"category":"rbear"},{"type":"B","date":"2018-03-19T03:53:24.000Z","volume":500,"price":6.43,"category":"rbear"},{"type":"B","date":"2018-03-19T03:52:25.000Z","volume":500,"price":6.43,"category":"rbear"},{"type":"B","date":"2018-03-19T03:48:23.000Z","volume":500,"price":6.43,"category":"rbear"},{"type":"B","date":"2018-03-19T03:47:56.000Z","volume":500,"price":6.43,"category":"rbear"},{"type":"B","date":"2018-03-19T03:46:53.000Z","volume":500,"price":6.43,"category":"rbear"},{"type":"B","date":"2018-03-19T03:45:31.000Z","volume":500,"price":6.43,"category":"rbear"},{"type":"B","date":"2018-03-19T03:40:30.000Z","volume":500,"price":6.44,"category":"rbear"},{"type":"B","date":"2018-03-19T03:31:00.000Z","volume":500,"price":6.44,"category":"rbear"},{"type":"B","date":"2018-03-19T03:20:19.000Z","volume":500,"price":6.43,"category":"rbear"},{"type":"B","date":"2018-03-19T03:14:15.000Z","volume":500,"price":6.45,"category":"rbear"},{"type":"B","date":"2018-03-19T03:10:42.000Z","volume":500,"price":6.45,"category":"rbear"},{"type":"B","date":"2018-03-19T03:05:38.000Z","volume":500,"price":6.44,"category":"rbear"},{"type":"B","date":"2018-03-19T02:59:26.000Z","volume":500,"price":6.45,"category":"rbear"},{"type":"B","date":"2018-03-19T02:59:26.000Z","volume":500,"price":6.45,"category":"rbear"},{"type":"B","date":"2018-03-19T02:59:06.000Z","volume":500,"price":6.45,"category":"rbear"},{"type":"B","date":"2018-03-19T02:59:06.000Z","volume":500,"price":6.45,"category":"rbear"},{"type":"B","date":"2018-03-19T02:57:47.000Z","volume":500,"price":6.45,"category":"rbear"},{"type":"B","date":"2018-03-19T02:56:53.000Z","volume":500,"price":6.45,"category":"rbear"},{"type":"B","date":"2018-03-19T02:55:47.000Z","volume":500,"price":6.45,"category":"rbear"},{"type":"B","date":"2018-03-19T02:55:16.000Z","volume":500,"price":6.46,"category":"rbear"},{"type":"B","date":"2018-03-19T02:55:16.000Z","volume":500,"price":6.46,"category":"rbear"},{"type":"B","date":"2018-03-19T02:50:45.000Z","volume":500,"price":6.45,"category":"rbear"},{"type":"B","date":"2018-03-19T02:50:24.000Z","volume":500,"price":6.45,"category":"rbear"},{"type":"B","date":"2018-03-19T02:50:10.000Z","volume":500,"price":6.45,"category":"rbear"},{"type":"B","date":"2018-03-19T02:40:18.000Z","volume":500,"price":6.46,"category":"rbear"},{"type":"B","date":"2018-03-19T02:40:16.000Z","volume":500,"price":6.46,"category":"rbear"},{"type":"B","date":"2018-03-19T02:30:18.000Z","volume":500,"price":6.46,"category":"rbear"},{"type":"B","date":"2018-03-19T02:20:15.000Z","volume":500,"price":6.45,"category":"rbear"},{"type":"B","date":"2018-03-19T02:10:42.000Z","volume":500,"price":6.49,"category":"rbear"},{"type":"B","date":"2018-03-19T02:00:30.000Z","volume":500,"price":6.44,"category":"rbear"},{"type":"B","date":"2018-03-19T01:59:26.000Z","volume":500,"price":6.45,"category":"rbear"},{"type":"B","date":"2018-03-19T01:55:19.000Z","volume":500,"price":6.45,"category":"rbear"},{"type":"B","date":"2018-03-19T01:52:37.000Z","volume":500,"price":6.45,"category":"rbear"},{"type":"B","date":"2018-03-19T01:50:20.000Z","volume":500,"price":6.47,"category":"rbear"},{"type":"B","date":"2018-03-19T01:47:57.000Z","volume":500,"price":6.49,"category":"rbear"},{"type":"B","date":"2018-03-19T01:40:45.000Z","volume":500,"price":6.5,"category":"rbear"},{"type":"B","date":"2018-03-19T01:40:19.000Z","volume":500,"price":6.49,"category":"rbear"},{"type":"B","date":"2018-03-19T01:35:24.000Z","volume":500,"price":6.51,"category":"rbear"},{"type":"B","date":"2018-03-19T01:34:22.000Z","volume":500,"price":6.52,"category":"rbear"},{"type":"B","date":"2018-03-19T01:33:24.000Z","volume":500,"price":6.51,"category":"rbear"},{"type":"B","date":"2018-03-19T01:32:30.000Z","volume":500,"price":6.53,"category":"rbear"},{"type":"B","date":"2018-03-19T01:31:11.000Z","volume":500,"price":6.57,"category":"rbear"},{"type":"B","date":"2018-03-19T07:58:02.000Z","volume":4500,"price":6.43,"category":"bbear"},{"type":"B","date":"2018-03-19T07:57:03.000Z","volume":3000,"price":6.43,"category":"bbear"},{"type":"B","date":"2018-03-19T07:51:57.000Z","volume":6000,"price":6.43,"category":"bbear"},{"type":"B","date":"2018-03-19T07:39:55.000Z","volume":5000,"price":6.43,"category":"bbear"},{"type":"B","date":"2018-03-19T07:35:59.000Z","volume":4000,"price":6.43,"category":"bbear"},{"type":"B","date":"2018-03-19T06:24:37.000Z","volume":5500,"price":6.41,"category":"bbear"},{"type":"B","date":"2018-03-19T06:13:53.000Z","volume":3500,"price":6.4,"category":"bbear"},{"type":"B","date":"2018-03-19T06:04:49.000Z","volume":8000,"price":6.43,"category":"bbear"},{"type":"B","date":"2018-03-19T06:04:14.000Z","volume":6000,"price":6.43,"category":"bbear"},{"type":"B","date":"2018-03-19T05:59:43.000Z","volume":5000,"price":6.44,"category":"bbear"},{"type":"B","date":"2018-03-19T05:37:05.000Z","volume":4000,"price":6.44,"category":"bbear"},{"type":"B","date":"2018-03-19T05:28:38.000Z","volume":8000,"price":6.44,"category":"bbear"},{"type":"B","date":"2018-03-19T05:25:17.000Z","volume":3500,"price":6.44,"category":"bbear"},{"type":"B","date":"2018-03-19T05:20:43.000Z","volume":4000,"price":6.44,"category":"bbear"},{"type":"B","date":"2018-03-19T05:13:19.000Z","volume":4500,"price":6.43,"category":"bbear"},{"type":"B","date":"2018-03-19T05:09:54.000Z","volume":7000,"price":6.44,"category":"bbear"},{"type":"B","date":"2018-03-19T05:01:00.000Z","volume":3500,"price":6.44,"category":"bbear"},{"type":"B","date":"2018-03-19T03:52:25.000Z","volume":3500,"price":6.43,"category":"bbear"},{"type":"B","date":"2018-03-19T03:45:07.000Z","volume":6000,"price":6.44,"category":"bbear"},{"type":"B","date":"2018-03-19T03:42:26.000Z","volume":7500,"price":6.44,"category":"bbear"},{"type":"B","date":"2018-03-19T03:41:44.000Z","volume":5500,"price":6.44,"category":"bbear"},{"type":"B","date":"2018-03-19T03:31:51.000Z","volume":5500,"price":6.43,"category":"bbear"},{"type":"B","date":"2018-03-19T03:24:18.000Z","volume":5000,"price":6.41,"category":"bbear"},{"type":"B","date":"2018-03-19T03:23:03.000Z","volume":4500,"price":6.42,"category":"bbear"},{"type":"B","date":"2018-03-19T03:23:03.000Z","volume":4500,"price":6.42,"category":"bbear"},{"type":"B","date":"2018-03-19T03:23:02.000Z","volume":7000,"price":6.42,"category":"bbear"},{"type":"B","date":"2018-03-19T03:22:59.000Z","volume":5000,"price":6.42,"category":"bbear"},{"type":"B","date":"2018-03-19T03:21:37.000Z","volume":8000,"price":6.42,"category":"bbear"},{"type":"B","date":"2018-03-19T03:21:33.000Z","volume":5000,"price":6.43,"category":"bbear"},{"type":"B","date":"2018-03-19T03:15:25.000Z","volume":3000,"price":6.45,"category":"bbear"},{"type":"B","date":"2018-03-19T03:12:04.000Z","volume":6500,"price":6.45,"category":"bbear"},{"type":"B","date":"2018-03-19T03:05:21.000Z","volume":5500,"price":6.45,"category":"bbear"},{"type":"B","date":"2018-03-19T03:05:17.000Z","volume":3500,"price":6.45,"category":"bbear"},{"type":"B","date":"2018-03-19T03:04:23.000Z","volume":7000,"price":6.45,"category":"bbear"},{"type":"B","date":"2018-03-19T03:03:43.000Z","volume":3000,"price":6.45,"category":"bbear"},{"type":"B","date":"2018-03-19T03:02:26.000Z","volume":5500,"price":6.45,"category":"bbear"},{"type":"B","date":"2018-03-19T02:33:23.000Z","volume":7500,"price":6.47,"category":"bbear"},{"type":"B","date":"2018-03-19T02:33:23.000Z","volume":7000,"price":6.47,"category":"bbear"},{"type":"B","date":"2018-03-19T02:30:57.000Z","volume":3500,"price":6.46,"category":"bbear"},{"type":"B","date":"2018-03-19T02:30:26.000Z","volume":5000,"price":6.46,"category":"bbear"},{"type":"B","date":"2018-03-19T02:23:59.000Z","volume":6000,"price":6.46,"category":"bbear"},{"type":"B","date":"2018-03-19T02:21:08.000Z","volume":3500,"price":6.45,"category":"bbear"},{"type":"B","date":"2018-03-19T02:19:56.000Z","volume":5000,"price":6.45,"category":"bbear"},{"type":"B","date":"2018-03-19T02:17:30.000Z","volume":4000,"price":6.46,"category":"bbear"},{"type":"B","date":"2018-03-19T02:16:29.000Z","volume":6500,"price":6.47,"category":"bbear"},{"type":"B","date":"2018-03-19T02:12:33.000Z","volume":3500,"price":6.46,"category":"bbear"},{"type":"B","date":"2018-03-19T02:12:06.000Z","volume":8000,"price":6.46,"category":"bbear"},{"type":"B","date":"2018-03-19T02:12:00.000Z","volume":8000,"price":6.48,"category":"bbear"},{"type":"B","date":"2018-03-19T02:10:54.000Z","volume":4500,"price":6.48,"category":"bbear"},{"type":"B","date":"2018-03-19T02:07:10.000Z","volume":5000,"price":6.48,"category":"bbear"},{"type":"B","date":"2018-03-19T02:07:10.000Z","volume":5000,"price":6.48,"category":"bbear"},{"type":"B","date":"2018-03-19T02:03:54.000Z","volume":4000,"price":6.45,"category":"bbear"},{"type":"B","date":"2018-03-19T02:01:00.000Z","volume":7000,"price":6.44,"category":"bbear"},{"type":"B","date":"2018-03-19T01:54:30.000Z","volume":5000,"price":6.46,"category":"bbear"},{"type":"B","date":"2018-03-19T01:43:08.000Z","volume":3500,"price":6.46,"category":"bbear"},{"type":"B","date":"2018-03-19T01:42:55.000Z","volume":4000,"price":6.48,"category":"bbear"},{"type":"B","date":"2018-03-19T01:42:27.000Z","volume":6000,"price":6.49,"category":"bbear"},{"type":"B","date":"2018-03-19T01:42:12.000Z","volume":8000,"price":6.49,"category":"bbear"},{"type":"B","date":"2018-03-19T01:40:07.000Z","volume":5000,"price":6.49,"category":"bbear"},{"type":"B","date":"2018-03-19T01:40:07.000Z","volume":4000,"price":6.5,"category":"bbear"},{"type":"B","date":"2018-03-19T01:40:07.000Z","volume":6500,"price":6.5,"category":"bbear"},{"type":"B","date":"2018-03-19T01:39:26.000Z","volume":7500,"price":6.49,"category":"bbear"},{"type":"B","date":"2018-03-19T01:39:06.000Z","volume":6000,"price":6.48,"category":"bbear"},{"type":"B","date":"2018-03-19T01:39:04.000Z","volume":4000,"price":6.5,"category":"bbear"},{"type":"B","date":"2018-03-19T01:38:44.000Z","volume":5500,"price":6.48,"category":"bbear"},{"type":"B","date":"2018-03-19T01:36:46.000Z","volume":5500,"price":6.51,"category":"bbear"},{"type":"B","date":"2018-03-19T01:35:23.000Z","volume":5000,"price":6.52,"category":"bbear"},{"type":"B","date":"2018-03-19T01:34:53.000Z","volume":4000,"price":6.51,"category":"bbear"},{"type":"B","date":"2018-03-19T01:33:05.000Z","volume":3500,"price":6.51,"category":"bbear"},{"type":"B","date":"2018-03-19T01:32:42.000Z","volume":3000,"price":6.53,"category":"bbear"},{"type":"B","date":"2018-03-19T01:32:02.000Z","volume":3000,"price":6.51,"category":"bbear"},{"type":"B","date":"2018-03-19T01:31:52.000Z","volume":8000,"price":6.51,"category":"bbear"},{"type":"B","date":"2018-03-19T01:30:08.000Z","volume":8000,"price":6.6,"category":"bbear"},{"type":"B","date":"2018-03-19T01:30:07.000Z","volume":4000,"price":6.61,"category":"bbear"},{"type":"B","date":"2018-03-19T01:30:03.000Z","volume":5000,"price":6.61,"category":"bbear"},{"type":"B","date":"2018-03-19T07:57:04.000Z","volume":30000,"price":6.43,"category":"ubbear"},{"type":"B","date":"2018-03-19T07:52:56.000Z","volume":10500,"price":6.43,"category":"ubbear"},{"type":"B","date":"2018-03-19T07:42:05.000Z","volume":30000,"price":6.42,"category":"ubbear"},{"type":"B","date":"2018-03-19T07:41:52.000Z","volume":30000,"price":6.42,"category":"ubbear"},{"type":"B","date":"2018-03-19T07:29:34.000Z","volume":12500,"price":6.43,"category":"ubbear"},{"type":"B","date":"2018-03-19T07:26:08.000Z","volume":30500,"price":6.43,"category":"ubbear"},{"type":"B","date":"2018-03-19T07:19:54.000Z","volume":46500,"price":6.43,"category":"ubbear"},{"type":"B","date":"2018-03-19T07:18:12.000Z","volume":12500,"price":6.44,"category":"ubbear"},{"type":"B","date":"2018-03-19T07:14:53.000Z","volume":10000,"price":6.43,"category":"ubbear"},{"type":"B","date":"2018-03-19T06:50:41.000Z","volume":30500,"price":6.41,"category":"ubbear"},{"type":"B","date":"2018-03-19T06:50:41.000Z","volume":59500,"price":6.42,"category":"ubbear"},{"type":"B","date":"2018-03-19T06:50:41.000Z","volume":10000,"price":6.42,"category":"ubbear"},{"type":"B","date":"2018-03-19T06:48:23.000Z","volume":57000,"price":6.43,"category":"ubbear"},{"type":"B","date":"2018-03-19T06:39:05.000Z","volume":40500,"price":6.41,"category":"ubbear"},{"type":"B","date":"2018-03-19T06:39:05.000Z","volume":9500,"price":6.42,"category":"ubbear"},{"type":"B","date":"2018-03-19T06:24:16.000Z","volume":56000,"price":6.41,"category":"ubbear"},{"type":"B","date":"2018-03-19T06:24:06.000Z","volume":29000,"price":6.41,"category":"ubbear"},{"type":"B","date":"2018-03-19T06:14:00.000Z","volume":8500,"price":6.4,"category":"ubbear"},{"type":"B","date":"2018-03-19T06:10:55.000Z","volume":66500,"price":6.41,"category":"ubbear"},{"type":"B","date":"2018-03-19T06:10:55.000Z","volume":101000,"price":6.41,"category":"ubbear"},{"type":"B","date":"2018-03-19T06:10:41.000Z","volume":40000,"price":6.42,"category":"ubbear"},{"type":"B","date":"2018-03-19T06:10:41.000Z","volume":54500,"price":6.42,"category":"ubbear"},{"type":"B","date":"2018-03-19T06:09:51.000Z","volume":31500,"price":6.43,"category":"ubbear"},{"type":"B","date":"2018-03-19T06:09:51.000Z","volume":51000,"price":6.43,"category":"ubbear"},{"type":"B","date":"2018-03-19T06:00:18.000Z","volume":48500,"price":6.43,"category":"ubbear"},{"type":"B","date":"2018-03-19T06:00:18.000Z","volume":36000,"price":6.43,"category":"ubbear"},{"type":"B","date":"2018-03-19T05:59:43.000Z","volume":54500,"price":6.44,"category":"ubbear"},{"type":"B","date":"2018-03-19T05:52:01.000Z","volume":15000,"price":6.44,"category":"ubbear"},{"type":"B","date":"2018-03-19T05:50:19.000Z","volume":16000,"price":6.44,"category":"ubbear"},{"type":"B","date":"2018-03-19T05:37:47.000Z","volume":10000,"price":6.44,"category":"ubbear"},{"type":"B","date":"2018-03-19T05:25:17.000Z","volume":80000,"price":6.44,"category":"ubbear"},{"type":"B","date":"2018-03-19T05:19:38.000Z","volume":9500,"price":6.44,"category":"ubbear"},{"type":"B","date":"2018-03-19T05:17:42.000Z","volume":20000,"price":6.43,"category":"ubbear"},{"type":"B","date":"2018-03-19T05:16:27.000Z","volume":16000,"price":6.43,"category":"ubbear"},{"type":"B","date":"2018-03-19T05:16:27.000Z","volume":33000,"price":6.43,"category":"ubbear"},{"type":"B","date":"2018-03-19T05:11:07.000Z","volume":10500,"price":6.44,"category":"ubbear"},{"type":"B","date":"2018-03-19T05:02:46.000Z","volume":21500,"price":6.44,"category":"ubbear"},{"type":"B","date":"2018-03-19T05:02:46.000Z","volume":9500,"price":6.44,"category":"ubbear"},{"type":"B","date":"2018-03-19T05:00:54.000Z","volume":22500,"price":6.44,"category":"ubbear"},{"type":"B","date":"2018-03-19T05:00:07.000Z","volume":13000,"price":6.44,"category":"ubbear"},{"type":"B","date":"2018-03-19T03:41:44.000Z","volume":37500,"price":6.44,"category":"ubbear"},{"type":"B","date":"2018-03-19T03:31:00.000Z","volume":20000,"price":6.44,"category":"ubbear"},{"type":"B","date":"2018-03-19T03:23:41.000Z","volume":45000,"price":6.4,"category":"ubbear"},{"type":"B","date":"2018-03-19T03:23:31.000Z","volume":111000,"price":6.41,"category":"ubbear"},{"type":"B","date":"2018-03-19T03:22:59.000Z","volume":50000,"price":6.42,"category":"ubbear"},{"type":"B","date":"2018-03-19T03:22:03.000Z","volume":10500,"price":6.42,"category":"ubbear"},{"type":"B","date":"2018-03-19T03:22:03.000Z","volume":9000,"price":6.42,"category":"ubbear"},{"type":"B","date":"2018-03-19T03:22:03.000Z","volume":20000,"price":6.42,"category":"ubbear"},{"type":"B","date":"2018-03-19T03:21:37.000Z","volume":10000,"price":6.42,"category":"ubbear"},{"type":"B","date":"2018-03-19T03:21:33.000Z","volume":31500,"price":6.43,"category":"ubbear"},{"type":"B","date":"2018-03-19T03:20:14.000Z","volume":30000,"price":6.43,"category":"ubbear"},{"type":"B","date":"2018-03-19T03:18:23.000Z","volume":10000,"price":6.42,"category":"ubbear"},{"type":"B","date":"2018-03-19T03:17:07.000Z","volume":17500,"price":6.43,"category":"ubbear"},{"type":"B","date":"2018-03-19T03:16:47.000Z","volume":11000,"price":6.43,"category":"ubbear"},{"type":"B","date":"2018-03-19T03:16:47.000Z","volume":10000,"price":6.43,"category":"ubbear"},{"type":"B","date":"2018-03-19T03:16:47.000Z","volume":10000,"price":6.43,"category":"ubbear"},{"type":"B","date":"2018-03-19T03:15:54.000Z","volume":64000,"price":6.44,"category":"ubbear"},{"type":"B","date":"2018-03-19T03:15:25.000Z","volume":90000,"price":6.45,"category":"ubbear"},{"type":"B","date":"2018-03-19T03:09:43.000Z","volume":9000,"price":6.46,"category":"ubbear"},{"type":"B","date":"2018-03-19T03:06:44.000Z","volume":30500,"price":6.44,"category":"ubbear"},{"type":"B","date":"2018-03-19T03:06:03.000Z","volume":44000,"price":6.44,"category":"ubbear"},{"type":"B","date":"2018-03-19T03:05:52.000Z","volume":10000,"price":6.44,"category":"ubbear"},{"type":"B","date":"2018-03-19T03:04:37.000Z","volume":18500,"price":6.45,"category":"ubbear"},{"type":"B","date":"2018-03-19T03:02:39.000Z","volume":8500,"price":6.45,"category":"ubbear"},{"type":"B","date":"2018-03-19T03:02:39.000Z","volume":128500,"price":6.45,"category":"ubbear"},{"type":"B","date":"2018-03-19T02:55:30.000Z","volume":10000,"price":6.46,"category":"ubbear"},{"type":"B","date":"2018-03-19T02:52:04.000Z","volume":25000,"price":6.44,"category":"ubbear"},{"type":"B","date":"2018-03-19T02:52:04.000Z","volume":33500,"price":6.44,"category":"ubbear"},{"type":"B","date":"2018-03-19T02:51:19.000Z","volume":92500,"price":6.45,"category":"ubbear"},{"type":"B","date":"2018-03-19T02:49:22.000Z","volume":40000,"price":6.46,"category":"ubbear"},{"type":"B","date":"2018-03-19T02:46:55.000Z","volume":10000,"price":6.46,"category":"ubbear"},{"type":"B","date":"2018-03-19T02:45:17.000Z","volume":28000,"price":6.46,"category":"ubbear"},{"type":"B","date":"2018-03-19T02:43:16.000Z","volume":20000,"price":6.46,"category":"ubbear"},{"type":"B","date":"2018-03-19T02:42:14.000Z","volume":50000,"price":6.46,"category":"ubbear"},{"type":"B","date":"2018-03-19T02:26:19.000Z","volume":13000,"price":6.45,"category":"ubbear"},{"type":"B","date":"2018-03-19T02:25:19.000Z","volume":42000,"price":6.46,"category":"ubbear"},{"type":"B","date":"2018-03-19T02:22:24.000Z","volume":8500,"price":6.46,"category":"ubbear"},{"type":"B","date":"2018-03-19T02:20:24.000Z","volume":10000,"price":6.45,"category":"ubbear"},{"type":"B","date":"2018-03-19T02:19:56.000Z","volume":13000,"price":6.45,"category":"ubbear"},{"type":"B","date":"2018-03-19T02:19:32.000Z","volume":31500,"price":6.46,"category":"ubbear"},{"type":"B","date":"2018-03-19T02:16:29.000Z","volume":9500,"price":6.47,"category":"ubbear"},{"type":"B","date":"2018-03-19T02:12:33.000Z","volume":41500,"price":6.46,"category":"ubbear"},{"type":"B","date":"2018-03-19T02:12:33.000Z","volume":9500,"price":6.46,"category":"ubbear"},{"type":"B","date":"2018-03-19T02:12:16.000Z","volume":27000,"price":6.46,"category":"ubbear"},{"type":"B","date":"2018-03-19T02:12:06.000Z","volume":33000,"price":6.46,"category":"ubbear"},{"type":"B","date":"2018-03-19T02:12:00.000Z","volume":53000,"price":6.47,"category":"ubbear"},{"type":"B","date":"2018-03-19T02:11:22.000Z","volume":8500,"price":6.48,"category":"ubbear"},{"type":"B","date":"2018-03-19T02:10:28.000Z","volume":10000,"price":6.49,"category":"ubbear"},{"type":"B","date":"2018-03-19T02:07:10.000Z","volume":10000,"price":6.48,"category":"ubbear"},{"type":"B","date":"2018-03-19T02:03:54.000Z","volume":46500,"price":6.44,"category":"ubbear"},{"type":"B","date":"2018-03-19T02:03:53.000Z","volume":26500,"price":6.45,"category":"ubbear"},{"type":"B","date":"2018-03-19T02:03:53.000Z","volume":23500,"price":6.45,"category":"ubbear"},{"type":"B","date":"2018-03-19T02:02:36.000Z","volume":50000,"price":6.45,"category":"ubbear"},{"type":"B","date":"2018-03-19T02:01:58.000Z","volume":20000,"price":6.45,"category":"ubbear"},{"type":"B","date":"2018-03-19T01:59:41.000Z","volume":13000,"price":6.42,"category":"ubbear"},{"type":"B","date":"2018-03-19T01:59:41.000Z","volume":58000,"price":6.43,"category":"ubbear"},{"type":"B","date":"2018-03-19T01:59:41.000Z","volume":68500,"price":6.44,"category":"ubbear"},{"type":"B","date":"2018-03-19T01:59:41.000Z","volume":60500,"price":6.45,"category":"ubbear"},{"type":"B","date":"2018-03-19T01:59:04.000Z","volume":59500,"price":6.46,"category":"ubbear"},{"type":"B","date":"2018-03-19T01:57:09.000Z","volume":20000,"price":6.46,"category":"ubbear"},{"type":"B","date":"2018-03-19T01:57:09.000Z","volume":30000,"price":6.46,"category":"ubbear"},{"type":"B","date":"2018-03-19T01:56:45.000Z","volume":10000,"price":6.46,"category":"ubbear"},{"type":"B","date":"2018-03-19T01:54:52.000Z","volume":20000,"price":6.46,"category":"ubbear"},{"type":"B","date":"2018-03-19T01:52:31.000Z","volume":8500,"price":6.45,"category":"ubbear"},{"type":"B","date":"2018-03-19T01:52:31.000Z","volume":34000,"price":6.45,"category":"ubbear"},{"type":"B","date":"2018-03-19T01:51:58.000Z","volume":55000,"price":6.46,"category":"ubbear"},{"type":"B","date":"2018-03-19T01:51:58.000Z","volume":16000,"price":6.46,"category":"ubbear"},{"type":"B","date":"2018-03-19T01:50:56.000Z","volume":42500,"price":6.47,"category":"ubbear"},{"type":"B","date":"2018-03-19T01:50:56.000Z","volume":42500,"price":6.47,"category":"ubbear"},{"type":"B","date":"2018-03-19T01:49:26.000Z","volume":13000,"price":6.48,"category":"ubbear"},{"type":"B","date":"2018-03-19T01:49:26.000Z","volume":9500,"price":6.48,"category":"ubbear"},{"type":"B","date":"2018-03-19T01:49:26.000Z","volume":50000,"price":6.48,"category":"ubbear"},{"type":"B","date":"2018-03-19T01:48:19.000Z","volume":38500,"price":6.49,"category":"ubbear"},{"type":"B","date":"2018-03-19T01:48:17.000Z","volume":31000,"price":6.49,"category":"ubbear"},{"type":"B","date":"2018-03-19T01:46:34.000Z","volume":16000,"price":6.48,"category":"ubbear"},{"type":"B","date":"2018-03-19T01:45:02.000Z","volume":9500,"price":6.46,"category":"ubbear"},{"type":"B","date":"2018-03-19T01:42:56.000Z","volume":12500,"price":6.46,"category":"ubbear"},{"type":"B","date":"2018-03-19T01:42:55.000Z","volume":11500,"price":6.47,"category":"ubbear"},{"type":"B","date":"2018-03-19T01:42:55.000Z","volume":10000,"price":6.47,"category":"ubbear"},{"type":"B","date":"2018-03-19T01:42:55.000Z","volume":26500,"price":6.48,"category":"ubbear"},{"type":"B","date":"2018-03-19T01:42:27.000Z","volume":23000,"price":6.49,"category":"ubbear"},{"type":"B","date":"2018-03-19T01:42:27.000Z","volume":100000,"price":6.49,"category":"ubbear"},{"type":"B","date":"2018-03-19T01:42:19.000Z","volume":15000,"price":6.49,"category":"ubbear"},{"type":"B","date":"2018-03-19T01:41:59.000Z","volume":13000,"price":6.5,"category":"ubbear"},{"type":"B","date":"2018-03-19T01:41:49.000Z","volume":49500,"price":6.49,"category":"ubbear"},{"type":"B","date":"2018-03-19T01:41:30.000Z","volume":20000,"price":6.5,"category":"ubbear"},{"type":"B","date":"2018-03-19T01:40:07.000Z","volume":13500,"price":6.5,"category":"ubbear"},{"type":"B","date":"2018-03-19T01:40:07.000Z","volume":27000,"price":6.5,"category":"ubbear"},{"type":"B","date":"2018-03-19T01:38:44.000Z","volume":31500,"price":6.49,"category":"ubbear"},{"type":"B","date":"2018-03-19T01:37:59.000Z","volume":10000,"price":6.49,"category":"ubbear"},{"type":"B","date":"2018-03-19T01:37:18.000Z","volume":10000,"price":6.49,"category":"ubbear"},{"type":"B","date":"2018-03-19T01:36:56.000Z","volume":53000,"price":6.5,"category":"ubbear"},{"type":"B","date":"2018-03-19T01:36:41.000Z","volume":10000,"price":6.51,"category":"ubbear"},{"type":"B","date":"2018-03-19T01:36:27.000Z","volume":8500,"price":6.51,"category":"ubbear"},{"type":"B","date":"2018-03-19T01:36:07.000Z","volume":28500,"price":6.51,"category":"ubbear"},{"type":"B","date":"2018-03-19T01:36:03.000Z","volume":50000,"price":6.51,"category":"ubbear"},{"type":"B","date":"2018-03-19T01:35:31.000Z","volume":174000,"price":6.51,"category":"ubbear"},{"type":"B","date":"2018-03-19T01:35:23.000Z","volume":19500,"price":6.52,"category":"ubbear"},{"type":"B","date":"2018-03-19T01:34:35.000Z","volume":9500,"price":6.51,"category":"ubbear"},{"type":"B","date":"2018-03-19T01:34:35.000Z","volume":57000,"price":6.51,"category":"ubbear"},{"type":"B","date":"2018-03-19T01:34:35.000Z","volume":18000,"price":6.51,"category":"ubbear"},{"type":"B","date":"2018-03-19T01:34:28.000Z","volume":19000,"price":6.52,"category":"ubbear"},{"type":"B","date":"2018-03-19T01:33:42.000Z","volume":50000,"price":6.51,"category":"ubbear"},{"type":"B","date":"2018-03-19T01:33:37.000Z","volume":10500,"price":6.53,"category":"ubbear"},{"type":"B","date":"2018-03-19T01:31:52.000Z","volume":10000,"price":6.5,"category":"ubbear"},{"type":"B","date":"2018-03-19T01:31:52.000Z","volume":13000,"price":6.51,"category":"ubbear"},{"type":"B","date":"2018-03-19T01:31:19.000Z","volume":22500,"price":6.56,"category":"ubbear"},{"type":"B","date":"2018-03-19T01:31:11.000Z","volume":14500,"price":6.57,"category":"ubbear"},{"type":"B","date":"2018-03-19T01:31:09.000Z","volume":53500,"price":6.58,"category":"ubbear"},{"type":"B","date":"2018-03-19T01:31:08.000Z","volume":10000,"price":6.58,"category":"ubbear"},{"type":"B","date":"2018-03-19T01:31:00.000Z","volume":20000,"price":6.58,"category":"ubbear"},{"type":"B","date":"2018-03-19T01:30:29.000Z","volume":10500,"price":6.6,"category":"ubbear"},{"type":"B","date":"2018-03-19T01:30:08.000Z","volume":80500,"price":6.6,"category":"ubbear"},{"type":"B","date":"2018-03-19T01:30:07.000Z","volume":12000,"price":6.6,"category":"ubbear"},{"type":"B","date":"2018-03-19T01:30:02.000Z","volume":18500,"price":6.61,"category":"ubbear"}]