[{"type":"U","date":"2018-04-12T01:00:02.000Z","volume":175400,"label":"P","price":39.831},{"type":"U","date":"2018-04-12T01:00:03.000Z","volume":163500,"label":"P","price":39.831},{"type":"U","date":"2018-04-12T01:00:03.000Z","volume":39300,"label":"P","price":39.831},{"type":"U","date":"2018-04-12T01:05:00.000Z","volume":23800,"label":"P","price":39.811},{"type":"U","date":"2018-04-12T01:05:00.000Z","volume":10200,"label":"P","price":39.81},{"type":"U","date":"2018-04-12T01:05:00.000Z","volume":52500,"label":"P","price":39.811},{"type":"U","date":"2018-04-12T01:05:00.000Z","volume":22500,"label":"P","price":39.81},{"type":"U","date":"2018-04-12T01:05:00.000Z","volume":5000,"label":"P","price":39.457},{"type":"U","date":"2018-04-12T01:05:00.000Z","volume":281500,"label":"P","price":39.811},{"type":"U","date":"2018-04-12T01:20:00.000Z","volume":33300,"label":"U","price":39.65},{"type":"A","date":"2018-04-12T01:30:01.000Z","volume":200,"label":" ","price":39.65},{"type":"A","date":"2018-04-12T01:30:01.000Z","volume":1200,"label":" ","price":39.65},{"type":"A","date":"2018-04-12T01:30:03.000Z","volume":100,"label":" ","price":39.65},{"type":"A","date":"2018-04-12T01:30:03.000Z","volume":200,"label":" ","price":39.65},{"type":"A","date":"2018-04-12T01:30:40.000Z","volume":100,"label":" ","price":39.65},{"type":"A","date":"2018-04-12T01:30:40.000Z","volume":100,"label":" ","price":39.65},{"type":"B","date":"2018-04-12T01:30:42.000Z","volume":300,"label":" ","price":39.6},{"type":"A","date":"2018-04-12T01:30:44.000Z","volume":100,"label":" ","price":39.65},{"type":"U","date":"2018-04-12T01:30:44.000Z","volume":100,"label":"X","price":39.625},{"type":"A","date":"2018-04-12T01:30:46.000Z","volume":100,"label":" ","price":39.65},{"type":"U","date":"2018-04-12T01:30:48.000Z","volume":100,"label":"X","price":39.625},{"type":"B","date":"2018-04-12T01:30:51.000Z","volume":200,"label":" ","price":39.6},{"type":"B","date":"2018-04-12T01:30:59.000Z","volume":200,"label":" ","price":39.6},{"type":"U","date":"2018-04-12T01:31:04.000Z","volume":600,"label":"X","price":39.625},{"type":"U","date":"2018-04-12T01:31:04.000Z","volume":300,"label":"X","price":39.625},{"type":"U","date":"2018-04-12T01:31:04.000Z","volume":100,"label":"X","price":39.625},{"type":"U","date":"2018-04-12T01:31:04.000Z","volume":100,"label":"X","price":39.625},{"type":"U","date":"2018-04-12T01:31:04.000Z","volume":100,"label":"X","price":39.625},{"type":"B","date":"2018-04-12T01:31:04.000Z","volume":4100,"label":" ","price":39.6},{"type":"B","date":"2018-04-12T01:31:04.000Z","volume":300,"label":"Y","price":39.6},{"type":"A","date":"2018-04-12T01:31:05.000Z","volume":100,"label":" ","price":39.65},{"type":"A","date":"2018-04-12T01:31:05.000Z","volume":300,"label":" ","price":39.65},{"type":"U","date":"2018-04-12T01:31:05.000Z","volume":700,"label":"X","price":39.625},{"type":"A","date":"2018-04-12T01:31:07.000Z","volume":100,"label":" ","price":39.65},{"type":"U","date":"2018-04-12T01:31:13.000Z","volume":300,"label":"X","price":39.625},{"type":"B","date":"2018-04-12T01:31:22.000Z","volume":19100,"label":" ","price":39.6},{"type":"B","date":"2018-04-12T01:31:22.000Z","volume":500,"label":" ","price":39.2},{"type":"B","date":"2018-04-12T01:31:22.000Z","volume":100,"label":"Y","price":39.6},{"type":"A","date":"2018-04-12T01:31:22.000Z","volume":400,"label":" ","price":39.65},{"type":"B","date":"2018-04-12T01:31:22.000Z","volume":400,"label":" ","price":39.6},{"type":"B","date":"2018-04-12T01:31:22.000Z","volume":400,"label":"Y","price":39.2},{"type":"B","date":"2018-04-12T01:31:22.000Z","volume":500,"label":" ","price":39.2},{"type":"A","date":"2018-04-12T01:31:23.000Z","volume":100,"label":" ","price":39.3},{"type":"A","date":"2018-04-12T01:31:23.000Z","volume":800,"label":" ","price":39.3},{"type":"A","date":"2018-04-12T01:31:25.000Z","volume":100,"label":" ","price":39.5},{"type":"U","date":"2018-04-12T01:33:04.000Z","volume":100,"label":"X","price":39.325},{"type":"U","date":"2018-04-12T01:34:09.000Z","volume":100,"label":"X","price":39.325},{"type":"B","date":"2018-04-12T01:35:18.000Z","volume":400,"label":" ","price":39.2},{"type":"B","date":"2018-04-12T01:35:19.000Z","volume":100,"label":" ","price":39.2},{"type":"B","date":"2018-04-12T01:35:19.000Z","volume":200,"label":" ","price":39.2},{"type":"B","date":"2018-04-12T01:35:30.000Z","volume":100,"label":" ","price":39.2},{"type":"B","date":"2018-04-12T01:36:29.000Z","volume":100,"label":" ","price":39.15},{"type":"B","date":"2018-04-12T01:36:31.000Z","volume":1000,"label":" ","price":39.15},{"type":"A","date":"2018-04-12T01:36:33.000Z","volume":100,"label":" ","price":39.5},{"type":"B","date":"2018-04-12T01:37:01.000Z","volume":100,"label":" ","price":39.1},{"type":"B","date":"2018-04-12T01:37:02.000Z","volume":300,"label":" ","price":39.1},{"type":"U","date":"2018-04-12T01:38:19.000Z","volume":100,"label":"X","price":39.25},{"type":"U","date":"2018-04-12T01:38:52.000Z","volume":600,"label":" ","price":39.1},{"type":"U","date":"2018-04-12T01:38:52.000Z","volume":100,"label":"Y","price":39.1},{"type":"B","date":"2018-04-12T01:38:54.000Z","volume":100,"label":" ","price":39.1},{"type":"B","date":"2018-04-12T01:38:55.000Z","volume":100,"label":" ","price":39.1},{"type":"B","date":"2018-04-12T01:40:17.000Z","volume":100,"label":" ","price":39.05},{"type":"B","date":"2018-04-12T01:40:18.000Z","volume":300,"label":" ","price":39.05},{"type":"B","date":"2018-04-12T01:40:33.000Z","volume":300,"label":" ","price":39.05},{"type":"A","date":"2018-04-12T01:40:35.000Z","volume":100,"label":" ","price":39.45},{"type":"B","date":"2018-04-12T01:40:49.000Z","volume":300,"label":" ","price":39.05},{"type":"B","date":"2018-04-12T01:41:01.000Z","volume":1200,"label":" ","price":39},{"type":"A","date":"2018-04-12T01:41:03.000Z","volume":100,"label":" ","price":39.35},{"type":"B","date":"2018-04-12T01:41:04.000Z","volume":800,"label":"Y","price":39},{"type":"B","date":"2018-04-12T01:41:04.000Z","volume":1600,"label":" ","price":39},{"type":"A","date":"2018-04-12T01:41:05.000Z","volume":100,"label":" ","price":39.35},{"type":"B","date":"2018-04-12T01:41:18.000Z","volume":100,"label":" ","price":39},{"type":"B","date":"2018-04-12T01:41:27.000Z","volume":100,"label":" ","price":39},{"type":"B","date":"2018-04-12T01:41:34.000Z","volume":400,"label":"Y","price":39},{"type":"B","date":"2018-04-12T01:41:36.000Z","volume":100,"label":" ","price":39},{"type":"B","date":"2018-04-12T01:41:44.000Z","volume":100,"label":" ","price":39},{"type":"A","date":"2018-04-12T01:41:46.000Z","volume":100,"label":" ","price":39.15},{"type":"B","date":"2018-04-12T01:42:03.000Z","volume":100,"label":" ","price":39},{"type":"B","date":"2018-04-12T01:42:04.000Z","volume":400,"label":"Y","price":39},{"type":"B","date":"2018-04-12T01:42:04.000Z","volume":300,"label":" ","price":39},{"type":"B","date":"2018-04-12T01:42:13.000Z","volume":200,"label":" ","price":39},{"type":"B","date":"2018-04-12T01:42:14.000Z","volume":200,"label":"Y","price":39},{"type":"B","date":"2018-04-12T01:42:14.000Z","volume":800,"label":" ","price":39},{"type":"A","date":"2018-04-12T01:43:22.000Z","volume":1400,"label":" ","price":39},{"type":"A","date":"2018-04-12T01:43:24.000Z","volume":100,"label":" ","price":39.1},{"type":"A","date":"2018-04-12T01:43:24.000Z","volume":100,"label":" ","price":39.1},{"type":"A","date":"2018-04-12T01:43:46.000Z","volume":500,"label":" ","price":39.1},{"type":"A","date":"2018-04-12T01:43:47.000Z","volume":100,"label":" ","price":39.4},{"type":"A","date":"2018-04-12T01:48:34.000Z","volume":100,"label":" ","price":39.4},{"type":"A","date":"2018-04-12T01:49:28.000Z","volume":100,"label":" ","price":39.4},{"type":"U","date":"2018-04-12T01:49:58.000Z","volume":300,"label":"X","price":39.25},{"type":"U","date":"2018-04-12T01:50:06.000Z","volume":100,"label":"X","price":39.25},{"type":"U","date":"2018-04-12T01:50:06.000Z","volume":200,"label":"X","price":39.25},{"type":"U","date":"2018-04-12T01:50:06.000Z","volume":100,"label":"X","price":39.25},{"type":"U","date":"2018-04-12T01:50:06.000Z","volume":100,"label":"X","price":39.25},{"type":"B","date":"2018-04-12T01:50:50.000Z","volume":800,"label":" ","price":39.1},{"type":"A","date":"2018-04-12T01:50:51.000Z","volume":100,"label":" ","price":39.4},{"type":"U","date":"2018-04-12T01:52:13.000Z","volume":100,"label":"X","price":39.25},{"type":"A","date":"2018-04-12T01:53:27.000Z","volume":100,"label":" ","price":39.35},{"type":"B","date":"2018-04-12T01:53:27.000Z","volume":100,"label":"Y","price":39.25},{"type":"A","date":"2018-04-12T01:53:48.000Z","volume":300,"label":" ","price":39.35},{"type":"A","date":"2018-04-12T01:53:48.000Z","volume":100,"label":" ","price":39.35},{"type":"A","date":"2018-04-12T01:53:48.000Z","volume":100,"label":"Y","price":39.35},{"type":"A","date":"2018-04-12T01:53:48.000Z","volume":500,"label":" ","price":39.35},{"type":"A","date":"2018-04-12T01:53:49.000Z","volume":100,"label":"Y","price":39.35},{"type":"A","date":"2018-04-12T01:53:50.000Z","volume":100,"label":" ","price":39.35},{"type":"B","date":"2018-04-12T01:54:00.000Z","volume":300,"label":" ","price":39.25},{"type":"A","date":"2018-04-12T01:54:02.000Z","volume":100,"label":" ","price":39.35},{"type":"B","date":"2018-04-12T01:54:42.000Z","volume":100,"label":" ","price":39.2},{"type":"B","date":"2018-04-12T01:54:54.000Z","volume":100,"label":" ","price":39.2},{"type":"A","date":"2018-04-12T01:54:54.000Z","volume":100,"label":"Y","price":39.35},{"type":"A","date":"2018-04-12T01:54:56.000Z","volume":100,"label":" ","price":39.35},{"type":"A","date":"2018-04-12T01:54:56.000Z","volume":100,"label":" ","price":39.35},{"type":"U","date":"2018-04-12T01:55:39.000Z","volume":100,"label":"X","price":39.275},{"type":"B","date":"2018-04-12T01:56:00.000Z","volume":100,"label":" ","price":39.2},{"type":"B","date":"2018-04-12T01:56:12.000Z","volume":100,"label":" ","price":39.2},{"type":"B","date":"2018-04-12T01:56:24.000Z","volume":100,"label":" ","price":39.2},{"type":"B","date":"2018-04-12T01:56:36.000Z","volume":100,"label":" ","price":39.2},{"type":"U","date":"2018-04-12T01:56:47.000Z","volume":100,"label":"X","price":39.275},{"type":"B","date":"2018-04-12T01:57:00.000Z","volume":200,"label":" ","price":39.2},{"type":"A","date":"2018-04-12T01:57:00.000Z","volume":100,"label":" ","price":39.35},{"type":"B","date":"2018-04-12T01:57:28.000Z","volume":100,"label":" ","price":39.2},{"type":"A","date":"2018-04-12T01:57:29.000Z","volume":100,"label":" ","price":39.35},{"type":"B","date":"2018-04-12T01:57:41.000Z","volume":200,"label":" ","price":39.2},{"type":"U","date":"2018-04-12T01:57:47.000Z","volume":100,"label":"X","price":39.275},{"type":"B","date":"2018-04-12T01:57:52.000Z","volume":400,"label":" ","price":39.2},{"type":"B","date":"2018-04-12T01:57:52.000Z","volume":100,"label":"Y","price":39.2},{"type":"B","date":"2018-04-12T01:57:52.000Z","volume":100,"label":" ","price":39.2},{"type":"A","date":"2018-04-12T01:57:53.000Z","volume":100,"label":" ","price":39.35},{"type":"B","date":"2018-04-12T01:58:24.000Z","volume":100,"label":" ","price":39.15},{"type":"B","date":"2018-04-12T01:58:34.000Z","volume":100,"label":" ","price":39.15},{"type":"B","date":"2018-04-12T01:58:44.000Z","volume":100,"label":" ","price":39.15},{"type":"B","date":"2018-04-12T01:58:49.000Z","volume":400,"label":" ","price":39.15},{"type":"A","date":"2018-04-12T01:58:49.000Z","volume":100,"label":" ","price":39.35},{"type":"A","date":"2018-04-12T01:58:49.000Z","volume":100,"label":" ","price":39.35},{"type":"B","date":"2018-04-12T01:58:54.000Z","volume":100,"label":" ","price":39.15},{"type":"B","date":"2018-04-12T01:59:04.000Z","volume":100,"label":" ","price":39.15},{"type":"A","date":"2018-04-12T01:59:05.000Z","volume":100,"label":" ","price":39.35},{"type":"B","date":"2018-04-12T01:59:18.000Z","volume":100,"label":" ","price":39.15},{"type":"B","date":"2018-04-12T01:59:18.000Z","volume":100,"label":"Y","price":39.15},{"type":"B","date":"2018-04-12T01:59:18.000Z","volume":300,"label":" ","price":39.15},{"type":"B","date":"2018-04-12T02:00:19.000Z","volume":100,"label":" ","price":39.15},{"type":"B","date":"2018-04-12T02:00:20.000Z","volume":100,"label":" ","price":39.15},{"type":"B","date":"2018-04-12T02:00:21.000Z","volume":100,"label":" ","price":39.1},{"type":"B","date":"2018-04-12T02:00:44.000Z","volume":100,"label":" ","price":39.1},{"type":"A","date":"2018-04-12T02:00:45.000Z","volume":100,"label":" ","price":39.2},{"type":"B","date":"2018-04-12T02:00:47.000Z","volume":400,"label":" ","price":39.1},{"type":"B","date":"2018-04-12T02:01:04.000Z","volume":100,"label":" ","price":39.1},{"type":"B","date":"2018-04-12T02:01:16.000Z","volume":100,"label":" ","price":39.1},{"type":"B","date":"2018-04-12T02:01:17.000Z","volume":300,"label":" ","price":39.1},{"type":"A","date":"2018-04-12T02:01:18.000Z","volume":100,"label":" ","price":39.2},{"type":"A","date":"2018-04-12T02:01:18.000Z","volume":100,"label":" ","price":39.2},{"type":"A","date":"2018-04-12T02:01:18.000Z","volume":100,"label":"Y","price":39.2},{"type":"B","date":"2018-04-12T02:01:24.000Z","volume":1000,"label":" ","price":39.1},{"type":"B","date":"2018-04-12T02:01:24.000Z","volume":200,"label":" ","price":39.05},{"type":"B","date":"2018-04-12T02:01:24.000Z","volume":100,"label":" ","price":39.05},{"type":"A","date":"2018-04-12T02:01:26.000Z","volume":100,"label":" ","price":39.2},{"type":"B","date":"2018-04-12T02:01:39.000Z","volume":100,"label":" ","price":39},{"type":"B","date":"2018-04-12T02:01:47.000Z","volume":400,"label":"Y","price":39},{"type":"A","date":"2018-04-12T02:01:48.000Z","volume":100,"label":"Y","price":39.2},{"type":"B","date":"2018-04-12T02:01:52.000Z","volume":100,"label":" ","price":39},{"type":"B","date":"2018-04-12T02:01:52.000Z","volume":100,"label":" ","price":39},{"type":"A","date":"2018-04-12T02:01:53.000Z","volume":100,"label":" ","price":39.2},{"type":"B","date":"2018-04-12T02:02:14.000Z","volume":100,"label":"Y","price":39},{"type":"B","date":"2018-04-12T02:02:24.000Z","volume":200,"label":" ","price":39},{"type":"B","date":"2018-04-12T02:02:24.000Z","volume":100,"label":"Y","price":39},{"type":"B","date":"2018-04-12T02:02:24.000Z","volume":700,"label":" ","price":39},{"type":"B","date":"2018-04-12T02:02:24.000Z","volume":100,"label":" ","price":39},{"type":"B","date":"2018-04-12T02:02:47.000Z","volume":300,"label":" ","price":39},{"type":"A","date":"2018-04-12T02:02:47.000Z","volume":100,"label":" ","price":39.2},{"type":"B","date":"2018-04-12T02:02:47.000Z","volume":800,"label":" ","price":39},{"type":"B","date":"2018-04-12T02:02:48.000Z","volume":200,"label":" ","price":38.95},{"type":"B","date":"2018-04-12T02:02:48.000Z","volume":100,"label":" ","price":38.95},{"type":"A","date":"2018-04-12T02:02:49.000Z","volume":100,"label":" ","price":39.2},{"type":"A","date":"2018-04-12T02:02:49.000Z","volume":100,"label":" ","price":39.2},{"type":"B","date":"2018-04-12T02:03:17.000Z","volume":300,"label":" ","price":38.95},{"type":"A","date":"2018-04-12T02:03:17.000Z","volume":100,"label":" ","price":39.2},{"type":"B","date":"2018-04-12T02:04:18.000Z","volume":800,"label":" ","price":39.1},{"type":"A","date":"2018-04-12T02:04:19.000Z","volume":100,"label":" ","price":39.2},{"type":"A","date":"2018-04-12T02:04:20.000Z","volume":100,"label":" ","price":39.2},{"type":"B","date":"2018-04-12T02:04:40.000Z","volume":200,"label":" ","price":39.1},{"type":"B","date":"2018-04-12T02:04:40.000Z","volume":300,"label":" ","price":39.1},{"type":"A","date":"2018-04-12T02:04:41.000Z","volume":100,"label":" ","price":39.2},{"type":"A","date":"2018-04-12T02:04:41.000Z","volume":100,"label":" ","price":39.2},{"type":"A","date":"2018-04-12T02:04:41.000Z","volume":100,"label":" ","price":39.2},{"type":"U","date":"2018-04-12T02:04:42.000Z","volume":100,"label":"X","price":39.15},{"type":"B","date":"2018-04-12T02:05:18.000Z","volume":400,"label":" ","price":39.15},{"type":"U","date":"2018-04-12T02:05:22.000Z","volume":100,"label":"X","price":39.175},{"type":"B","date":"2018-04-12T02:05:48.000Z","volume":400,"label":" ","price":39.15},{"type":"A","date":"2018-04-12T02:05:48.000Z","volume":100,"label":" ","price":39.2},{"type":"B","date":"2018-04-12T02:05:49.000Z","volume":100,"label":" ","price":39.15},{"type":"A","date":"2018-04-12T02:05:49.000Z","volume":100,"label":" ","price":39.2},{"type":"A","date":"2018-04-12T02:05:58.000Z","volume":2000,"label":"Y","price":39.2},{"type":"A","date":"2018-04-12T02:05:58.000Z","volume":500,"label":" ","price":39.2},{"type":"A","date":"2018-04-12T02:05:58.000Z","volume":700,"label":"Y","price":39.2},{"type":"A","date":"2018-04-12T02:05:58.000Z","volume":800,"label":" ","price":39.2},{"type":"A","date":"2018-04-12T02:05:59.000Z","volume":400,"label":" ","price":39.45},{"type":"U","date":"2018-04-12T02:11:04.000Z","volume":600,"label":" ","price":39.25},{"type":"A","date":"2018-04-12T02:11:05.000Z","volume":100,"label":" ","price":39.3},{"type":"A","date":"2018-04-12T02:11:06.000Z","volume":100,"label":" ","price":39.3},{"type":"A","date":"2018-04-12T02:11:06.000Z","volume":100,"label":"Y","price":39.3},{"type":"A","date":"2018-04-12T02:11:06.000Z","volume":300,"label":" ","price":39.3},{"type":"A","date":"2018-04-12T02:11:08.000Z","volume":100,"label":"Y","price":39.3},{"type":"A","date":"2018-04-12T02:11:19.000Z","volume":400,"label":" ","price":39.3},{"type":"A","date":"2018-04-12T02:11:20.000Z","volume":100,"label":" ","price":39.35},{"type":"A","date":"2018-04-12T02:11:20.000Z","volume":100,"label":" ","price":39.35},{"type":"A","date":"2018-04-12T02:11:20.000Z","volume":100,"label":" ","price":39.45},{"type":"A","date":"2018-04-12T02:13:56.000Z","volume":200,"label":" ","price":39.45},{"type":"A","date":"2018-04-12T02:13:57.000Z","volume":200,"label":" ","price":39.45},{"type":"B","date":"2018-04-12T02:13:59.000Z","volume":200,"label":" ","price":39.4},{"type":"A","date":"2018-04-12T02:14:22.000Z","volume":100,"label":" ","price":39.45},{"type":"A","date":"2018-04-12T02:14:22.000Z","volume":100,"label":" ","price":39.45},{"type":"A","date":"2018-04-12T02:14:23.000Z","volume":100,"label":" ","price":39.45},{"type":"B","date":"2018-04-12T02:14:32.000Z","volume":200,"label":" ","price":39.4},{"type":"A","date":"2018-04-12T02:14:32.000Z","volume":100,"label":" ","price":39.45},{"type":"U","date":"2018-04-12T02:15:01.000Z","volume":100,"label":"X","price":39.425},{"type":"B","date":"2018-04-12T02:15:24.000Z","volume":200,"label":" ","price":39.4},{"type":"U","date":"2018-04-12T02:15:36.000Z","volume":100,"label":"X","price":39.425},{"type":"A","date":"2018-04-12T02:16:03.000Z","volume":500,"label":" ","price":39.45},{"type":"A","date":"2018-04-12T02:16:04.000Z","volume":100,"label":" ","price":39.45},{"type":"A","date":"2018-04-12T02:16:04.000Z","volume":400,"label":" ","price":39.45},{"type":"A","date":"2018-04-12T02:16:46.000Z","volume":300,"label":" ","price":39.45},{"type":"B","date":"2018-04-12T02:17:20.000Z","volume":3000,"label":" ","price":39.4},{"type":"A","date":"2018-04-12T02:17:21.000Z","volume":100,"label":" ","price":39.45},{"type":"A","date":"2018-04-12T02:17:21.000Z","volume":300,"label":" ","price":39.45},{"type":"A","date":"2018-04-12T02:17:22.000Z","volume":100,"label":"Y","price":39.45},{"type":"A","date":"2018-04-12T02:17:23.000Z","volume":100,"label":" ","price":39.45},{"type":"A","date":"2018-04-12T02:17:25.000Z","volume":200,"label":" ","price":39.45},{"type":"A","date":"2018-04-12T02:17:33.000Z","volume":100,"label":" ","price":39.45},{"type":"B","date":"2018-04-12T02:17:42.000Z","volume":3000,"label":" ","price":39.45},{"type":"B","date":"2018-04-12T02:17:42.000Z","volume":100,"label":" ","price":39.45},{"type":"A","date":"2018-04-12T02:17:43.000Z","volume":100,"label":" ","price":39.45},{"type":"A","date":"2018-04-12T02:17:43.000Z","volume":100,"label":" ","price":39.45},{"type":"U","date":"2018-04-12T02:18:58.000Z","volume":100,"label":"X","price":39.425},{"type":"U","date":"2018-04-12T02:19:43.000Z","volume":100,"label":"X","price":39.425},{"type":"U","date":"2018-04-12T02:20:42.000Z","volume":100,"label":"X","price":39.425},{"type":"B","date":"2018-04-12T02:21:00.000Z","volume":200,"label":" ","price":39.4},{"type":"A","date":"2018-04-12T02:21:01.000Z","volume":100,"label":" ","price":39.45},{"type":"B","date":"2018-04-12T02:21:02.000Z","volume":200,"label":" ","price":39.4},{"type":"A","date":"2018-04-12T02:21:02.000Z","volume":100,"label":" ","price":39.45},{"type":"A","date":"2018-04-12T02:21:02.000Z","volume":100,"label":" ","price":39.45},{"type":"B","date":"2018-04-12T02:21:11.000Z","volume":900,"label":" ","price":39.4},{"type":"A","date":"2018-04-12T02:21:13.000Z","volume":100,"label":" ","price":39.45},{"type":"B","date":"2018-04-12T02:21:16.000Z","volume":400,"label":" ","price":39.4},{"type":"B","date":"2018-04-12T02:21:20.000Z","volume":200,"label":" ","price":39.4},{"type":"B","date":"2018-04-12T02:21:20.000Z","volume":1500,"label":" ","price":39.35},{"type":"A","date":"2018-04-12T02:21:21.000Z","volume":100,"label":" ","price":39.45},{"type":"A","date":"2018-04-12T02:21:23.000Z","volume":100,"label":" ","price":39.45},{"type":"B","date":"2018-04-12T02:22:13.000Z","volume":700,"label":" ","price":39.3},{"type":"B","date":"2018-04-12T02:22:30.000Z","volume":200,"label":" ","price":39.25},{"type":"A","date":"2018-04-12T02:22:30.000Z","volume":100,"label":" ","price":39.3},{"type":"A","date":"2018-04-12T02:22:30.000Z","volume":100,"label":" ","price":39.3},{"type":"U","date":"2018-04-12T02:23:49.000Z","volume":1100,"label":" ","price":39.2},{"type":"A","date":"2018-04-12T02:23:50.000Z","volume":100,"label":" ","price":39.25},{"type":"A","date":"2018-04-12T02:23:50.000Z","volume":100,"label":" ","price":39.25},{"type":"U","date":"2018-04-12T02:24:29.000Z","volume":100,"label":"X","price":39.175},{"type":"B","date":"2018-04-12T02:25:20.000Z","volume":100,"label":" ","price":39.1},{"type":"B","date":"2018-04-12T02:25:33.000Z","volume":800,"label":"Y","price":39.15},{"type":"B","date":"2018-04-12T02:25:33.000Z","volume":900,"label":" ","price":39.15},{"type":"A","date":"2018-04-12T02:25:33.000Z","volume":100,"label":" ","price":39.25},{"type":"A","date":"2018-04-12T02:25:33.000Z","volume":100,"label":" ","price":39.25},{"type":"A","date":"2018-04-12T02:25:34.000Z","volume":200,"label":" ","price":39.25},{"type":"A","date":"2018-04-12T02:25:35.000Z","volume":100,"label":"Y","price":39.25},{"type":"A","date":"2018-04-12T02:25:36.000Z","volume":100,"label":" ","price":39.25},{"type":"B","date":"2018-04-12T02:25:58.000Z","volume":100,"label":" ","price":39.15},{"type":"A","date":"2018-04-12T02:25:58.000Z","volume":300,"label":" ","price":39.15},{"type":"A","date":"2018-04-12T02:25:58.000Z","volume":100,"label":" ","price":39.15},{"type":"A","date":"2018-04-12T02:26:04.000Z","volume":2100,"label":" ","price":39.15},{"type":"A","date":"2018-04-12T02:26:05.000Z","volume":200,"label":" ","price":39.4},{"type":"A","date":"2018-04-12T02:26:06.000Z","volume":100,"label":"Y","price":39.4},{"type":"A","date":"2018-04-12T02:26:06.000Z","volume":200,"label":"Y","price":39.4},{"type":"A","date":"2018-04-12T02:26:07.000Z","volume":100,"label":" ","price":39.4},{"type":"A","date":"2018-04-12T02:27:18.000Z","volume":500,"label":" ","price":39.2},{"type":"A","date":"2018-04-12T02:27:20.000Z","volume":100,"label":" ","price":39.2},{"type":"A","date":"2018-04-12T02:27:20.000Z","volume":100,"label":" ","price":39.2},{"type":"A","date":"2018-04-12T02:27:22.000Z","volume":900,"label":" ","price":39.2},{"type":"A","date":"2018-04-12T02:27:23.000Z","volume":100,"label":" ","price":39.35},{"type":"A","date":"2018-04-12T02:27:24.000Z","volume":200,"label":" ","price":39.35},{"type":"A","date":"2018-04-12T02:27:24.000Z","volume":100,"label":" ","price":39.35},{"type":"U","date":"2018-04-12T02:28:30.000Z","volume":100,"label":"X","price":39.175},{"type":"B","date":"2018-04-12T02:28:37.000Z","volume":100,"label":" ","price":39.15},{"type":"B","date":"2018-04-12T02:28:50.000Z","volume":100,"label":" ","price":39.15},{"type":"A","date":"2018-04-12T02:28:50.000Z","volume":100,"label":" ","price":39.2},{"type":"B","date":"2018-04-12T02:29:02.000Z","volume":1400,"label":" ","price":39.15},{"type":"A","date":"2018-04-12T02:29:03.000Z","volume":100,"label":" ","price":39.15},{"type":"A","date":"2018-04-12T02:29:03.000Z","volume":100,"label":" ","price":39.15},{"type":"A","date":"2018-04-12T02:29:05.000Z","volume":100,"label":"Y","price":39.15},{"type":"A","date":"2018-04-12T02:29:05.000Z","volume":400,"label":" ","price":39.15},{"type":"A","date":"2018-04-12T02:29:06.000Z","volume":100,"label":" ","price":39.15},{"type":"A","date":"2018-04-12T02:29:07.000Z","volume":100,"label":" ","price":39.15},{"type":"A","date":"2018-04-12T02:30:00.000Z","volume":100,"label":" ","price":39.15},{"type":"B","date":"2018-04-12T02:30:21.000Z","volume":100,"label":" ","price":39.1},{"type":"B","date":"2018-04-12T02:30:42.000Z","volume":10400,"label":" ","price":39.1},{"type":"B","date":"2018-04-12T02:30:42.000Z","volume":300,"label":" ","price":39.05},{"type":"B","date":"2018-04-12T02:30:42.000Z","volume":300,"label":" ","price":39.1},{"type":"A","date":"2018-04-12T02:30:42.000Z","volume":500,"label":" ","price":39.15},{"type":"A","date":"2018-04-12T02:30:42.000Z","volume":200,"label":" ","price":39.15},{"type":"B","date":"2018-04-12T02:30:42.000Z","volume":300,"label":" ","price":39.05},{"type":"A","date":"2018-04-12T02:30:42.000Z","volume":100,"label":" ","price":39.15},{"type":"A","date":"2018-04-12T02:30:42.000Z","volume":200,"label":" ","price":39.15},{"type":"A","date":"2018-04-12T02:30:42.000Z","volume":100,"label":" ","price":39.15},{"type":"B","date":"2018-04-12T02:32:01.000Z","volume":100,"label":" ","price":39.05},{"type":"B","date":"2018-04-12T02:32:20.000Z","volume":100,"label":" ","price":39},{"type":"B","date":"2018-04-12T02:32:21.000Z","volume":1000,"label":" ","price":39},{"type":"A","date":"2018-04-12T02:32:23.000Z","volume":100,"label":" ","price":39},{"type":"U","date":"2018-04-12T02:34:07.000Z","volume":100,"label":"X","price":38.975},{"type":"B","date":"2018-04-12T02:34:53.000Z","volume":1500,"label":" ","price":38.95},{"type":"A","date":"2018-04-12T02:34:54.000Z","volume":100,"label":" ","price":39},{"type":"A","date":"2018-04-12T02:35:03.000Z","volume":100,"label":"Y","price":39},{"type":"A","date":"2018-04-12T02:35:03.000Z","volume":400,"label":" ","price":39},{"type":"A","date":"2018-04-12T02:35:05.000Z","volume":100,"label":" ","price":39},{"type":"B","date":"2018-04-12T02:35:22.000Z","volume":100,"label":" ","price":38.95},{"type":"U","date":"2018-04-12T02:35:25.000Z","volume":100,"label":"X","price":38.975},{"type":"U","date":"2018-04-12T02:36:09.000Z","volume":100,"label":"X","price":38.975},{"type":"B","date":"2018-04-12T02:36:26.000Z","volume":600,"label":" ","price":38.95},{"type":"A","date":"2018-04-12T02:36:28.000Z","volume":100,"label":"Y","price":38.95},{"type":"B","date":"2018-04-12T02:36:45.000Z","volume":100,"label":" ","price":38.9},{"type":"A","date":"2018-04-12T02:36:46.000Z","volume":500,"label":" ","price":38.95},{"type":"A","date":"2018-04-12T02:36:47.000Z","volume":100,"label":"Y","price":38.95},{"type":"A","date":"2018-04-12T02:36:47.000Z","volume":100,"label":" ","price":38.95},{"type":"A","date":"2018-04-12T02:36:47.000Z","volume":400,"label":" ","price":38.95},{"type":"B","date":"2018-04-12T02:37:07.000Z","volume":1300,"label":" ","price":38.9},{"type":"A","date":"2018-04-12T02:37:08.000Z","volume":100,"label":" ","price":38.95},{"type":"A","date":"2018-04-12T02:37:08.000Z","volume":100,"label":" ","price":38.95},{"type":"B","date":"2018-04-12T02:39:11.000Z","volume":400,"label":" ","price":38.9},{"type":"A","date":"2018-04-12T02:39:12.000Z","volume":100,"label":" ","price":38.95},{"type":"B","date":"2018-04-12T02:39:19.000Z","volume":1200,"label":" ","price":38.9},{"type":"B","date":"2018-04-12T02:39:19.000Z","volume":200,"label":" ","price":38.9},{"type":"B","date":"2018-04-12T02:39:19.000Z","volume":100,"label":" ","price":38.9},{"type":"A","date":"2018-04-12T02:39:20.000Z","volume":100,"label":" ","price":38.9},{"type":"A","date":"2018-04-12T02:39:20.000Z","volume":100,"label":" ","price":38.9},{"type":"B","date":"2018-04-12T02:39:31.000Z","volume":100,"label":" ","price":38.85},{"type":"B","date":"2018-04-12T02:39:37.000Z","volume":100,"label":" ","price":38.85},{"type":"A","date":"2018-04-12T02:40:14.000Z","volume":100,"label":"Y","price":38.85},{"type":"A","date":"2018-04-12T02:40:14.000Z","volume":3400,"label":" ","price":38.85},{"type":"A","date":"2018-04-12T02:40:15.000Z","volume":100,"label":" ","price":38.9},{"type":"A","date":"2018-04-12T02:40:15.000Z","volume":100,"label":"Y","price":38.9},{"type":"A","date":"2018-04-12T02:40:15.000Z","volume":200,"label":" ","price":38.9},{"type":"A","date":"2018-04-12T02:40:15.000Z","volume":400,"label":" ","price":38.9},{"type":"A","date":"2018-04-12T02:40:15.000Z","volume":400,"label":" ","price":38.95},{"type":"A","date":"2018-04-12T02:40:15.000Z","volume":300,"label":" ","price":38.9},{"type":"A","date":"2018-04-12T02:40:16.000Z","volume":100,"label":" ","price":38.95},{"type":"A","date":"2018-04-12T02:40:17.000Z","volume":400,"label":" ","price":38.95},{"type":"A","date":"2018-04-12T02:40:17.000Z","volume":100,"label":"Y","price":38.95},{"type":"B","date":"2018-04-12T02:41:10.000Z","volume":200,"label":"Y","price":38.95},{"type":"B","date":"2018-04-12T02:41:10.000Z","volume":100,"label":" ","price":38.95},{"type":"A","date":"2018-04-12T02:41:11.000Z","volume":100,"label":" ","price":39},{"type":"A","date":"2018-04-12T02:41:11.000Z","volume":200,"label":"Y","price":39},{"type":"A","date":"2018-04-12T02:41:13.000Z","volume":200,"label":" ","price":39},{"type":"A","date":"2018-04-12T02:41:13.000Z","volume":100,"label":" ","price":39},{"type":"A","date":"2018-04-12T02:41:15.000Z","volume":100,"label":" ","price":39},{"type":"A","date":"2018-04-12T02:41:18.000Z","volume":100,"label":"Y","price":39},{"type":"A","date":"2018-04-12T02:41:18.000Z","volume":200,"label":" ","price":39},{"type":"A","date":"2018-04-12T02:41:19.000Z","volume":100,"label":" ","price":39.05},{"type":"A","date":"2018-04-12T02:41:19.000Z","volume":100,"label":" ","price":39.05},{"type":"A","date":"2018-04-12T02:42:39.000Z","volume":100,"label":" ","price":39.05},{"type":"U","date":"2018-04-12T02:42:41.000Z","volume":100,"label":"X","price":39.025},{"type":"U","date":"2018-04-12T02:42:45.000Z","volume":100,"label":"X","price":39.025},{"type":"B","date":"2018-04-12T02:42:58.000Z","volume":1300,"label":" ","price":39},{"type":"A","date":"2018-04-12T02:42:58.000Z","volume":200,"label":"Y","price":39.05},{"type":"A","date":"2018-04-12T02:43:00.000Z","volume":100,"label":" ","price":39.05},{"type":"A","date":"2018-04-12T02:43:03.000Z","volume":100,"label":"Y","price":39.05},{"type":"A","date":"2018-04-12T02:43:03.000Z","volume":400,"label":" ","price":39.05},{"type":"A","date":"2018-04-12T02:43:04.000Z","volume":100,"label":" ","price":39.05},{"type":"A","date":"2018-04-12T02:43:04.000Z","volume":100,"label":"Y","price":39.05},{"type":"B","date":"2018-04-12T02:44:42.000Z","volume":1500,"label":" ","price":39},{"type":"A","date":"2018-04-12T02:44:48.000Z","volume":200,"label":" ","price":39.05},{"type":"B","date":"2018-04-12T02:45:08.000Z","volume":1800,"label":" ","price":39},{"type":"U","date":"2018-04-12T02:45:08.000Z","volume":100,"label":" ","price":39},{"type":"B","date":"2018-04-12T02:45:12.000Z","volume":1600,"label":" ","price":38.95},{"type":"B","date":"2018-04-12T02:45:19.000Z","volume":300,"label":" ","price":38.95},{"type":"B","date":"2018-04-12T02:45:25.000Z","volume":2600,"label":" ","price":38.85},{"type":"A","date":"2018-04-12T02:45:25.000Z","volume":100,"label":" ","price":39},{"type":"A","date":"2018-04-12T02:45:25.000Z","volume":100,"label":"Y","price":39},{"type":"A","date":"2018-04-12T02:45:25.000Z","volume":100,"label":" ","price":39},{"type":"A","date":"2018-04-12T02:45:25.000Z","volume":200,"label":"Y","price":39},{"type":"A","date":"2018-04-12T02:45:25.000Z","volume":100,"label":" ","price":39},{"type":"A","date":"2018-04-12T02:45:25.000Z","volume":1600,"label":" ","price":39},{"type":"A","date":"2018-04-12T02:45:26.000Z","volume":200,"label":" ","price":39},{"type":"A","date":"2018-04-12T02:45:27.000Z","volume":100,"label":" ","price":39},{"type":"A","date":"2018-04-12T02:45:27.000Z","volume":300,"label":"Y","price":39},{"type":"A","date":"2018-04-12T02:45:29.000Z","volume":100,"label":"Y","price":39},{"type":"U","date":"2018-04-12T02:47:07.000Z","volume":1200,"label":" ","price":38.85},{"type":"A","date":"2018-04-12T02:47:08.000Z","volume":100,"label":" ","price":38.85},{"type":"A","date":"2018-04-12T02:47:08.000Z","volume":300,"label":" ","price":38.85},{"type":"A","date":"2018-04-12T02:47:08.000Z","volume":200,"label":" ","price":38.85},{"type":"A","date":"2018-04-12T02:47:10.000Z","volume":100,"label":"Y","price":38.85},{"type":"A","date":"2018-04-12T02:48:36.000Z","volume":100,"label":" ","price":38.8},{"type":"A","date":"2018-04-12T02:48:48.000Z","volume":500,"label":" ","price":38.8},{"type":"A","date":"2018-04-12T02:48:49.000Z","volume":100,"label":" ","price":38.8},{"type":"A","date":"2018-04-12T02:48:49.000Z","volume":400,"label":" ","price":38.8},{"type":"A","date":"2018-04-12T02:48:50.000Z","volume":200,"label":" ","price":38.8},{"type":"A","date":"2018-04-12T02:48:50.000Z","volume":100,"label":" ","price":38.8},{"type":"A","date":"2018-04-12T02:48:52.000Z","volume":100,"label":" ","price":38.8},{"type":"A","date":"2018-04-12T02:49:51.000Z","volume":400,"label":" ","price":38.8},{"type":"A","date":"2018-04-12T02:49:51.000Z","volume":100,"label":" ","price":38.8},{"type":"B","date":"2018-04-12T02:50:36.000Z","volume":300,"label":" ","price":38.75},{"type":"A","date":"2018-04-12T02:50:37.000Z","volume":100,"label":" ","price":38.8},{"type":"A","date":"2018-04-12T02:50:37.000Z","volume":100,"label":"Y","price":38.8},{"type":"U","date":"2018-04-12T02:51:03.000Z","volume":100,"label":"X","price":38.775},{"type":"B","date":"2018-04-12T02:51:09.000Z","volume":100,"label":"Y","price":38.75},{"type":"B","date":"2018-04-12T02:51:09.000Z","volume":100,"label":" ","price":38.75},{"type":"U","date":"2018-04-12T02:51:47.000Z","volume":100,"label":"X","price":38.775},{"type":"B","date":"2018-04-12T02:51:56.000Z","volume":1400,"label":" ","price":38.75},{"type":"A","date":"2018-04-12T02:51:57.000Z","volume":100,"label":"Y","price":38.8},{"type":"A","date":"2018-04-12T02:51:57.000Z","volume":100,"label":"Y","price":38.8},{"type":"A","date":"2018-04-12T02:52:02.000Z","volume":300,"label":" ","price":38.8},{"type":"A","date":"2018-04-12T02:52:03.000Z","volume":100,"label":"Y","price":38.8},{"type":"A","date":"2018-04-12T02:52:03.000Z","volume":100,"label":" ","price":38.8},{"type":"B","date":"2018-04-12T02:52:09.000Z","volume":1600,"label":" ","price":38.75},{"type":"A","date":"2018-04-12T02:52:11.000Z","volume":100,"label":" ","price":38.8},{"type":"A","date":"2018-04-12T02:53:03.000Z","volume":200,"label":"Y","price":38.8},{"type":"A","date":"2018-04-12T02:53:03.000Z","volume":300,"label":" ","price":38.8},{"type":"A","date":"2018-04-12T02:53:04.000Z","volume":100,"label":" ","price":38.8},{"type":"A","date":"2018-04-12T02:53:05.000Z","volume":100,"label":"Y","price":38.8},{"type":"B","date":"2018-04-12T02:53:23.000Z","volume":1000,"label":" ","price":38.75},{"type":"B","date":"2018-04-12T02:54:03.000Z","volume":200,"label":" ","price":38.75},{"type":"U","date":"2018-04-12T02:54:07.000Z","volume":100,"label":"X","price":38.775},{"type":"B","date":"2018-04-12T02:54:33.000Z","volume":800,"label":" ","price":38.75},{"type":"A","date":"2018-04-12T02:54:34.000Z","volume":100,"label":"Y","price":38.8},{"type":"A","date":"2018-04-12T02:55:06.000Z","volume":900,"label":" ","price":38.8},{"type":"A","date":"2018-04-12T02:55:07.000Z","volume":100,"label":" ","price":38.8},{"type":"A","date":"2018-04-12T02:55:08.000Z","volume":100,"label":" ","price":38.8},{"type":"B","date":"2018-04-12T02:55:35.000Z","volume":700,"label":" ","price":38.75},{"type":"A","date":"2018-04-12T02:55:36.000Z","volume":100,"label":"Y","price":38.8},{"type":"B","date":"2018-04-12T02:56:20.000Z","volume":600,"label":" ","price":38.75},{"type":"A","date":"2018-04-12T02:56:21.000Z","volume":100,"label":"Y","price":38.8},{"type":"U","date":"2018-04-12T02:56:49.000Z","volume":100,"label":"X","price":38.775},{"type":"B","date":"2018-04-12T02:56:59.000Z","volume":600,"label":" ","price":38.75},{"type":"A","date":"2018-04-12T02:57:01.000Z","volume":100,"label":"Y","price":38.8},{"type":"B","date":"2018-04-12T02:57:33.000Z","volume":500,"label":" ","price":38.75},{"type":"A","date":"2018-04-12T02:57:33.000Z","volume":500,"label":" ","price":38.8},{"type":"B","date":"2018-04-12T02:58:07.000Z","volume":500,"label":" ","price":38.75},{"type":"B","date":"2018-04-12T02:58:07.000Z","volume":300,"label":" ","price":38.75},{"type":"A","date":"2018-04-12T02:58:08.000Z","volume":100,"label":" ","price":38.8},{"type":"A","date":"2018-04-12T02:58:08.000Z","volume":100,"label":" ","price":38.8},{"type":"B","date":"2018-04-12T02:58:13.000Z","volume":200,"label":" ","price":38.75},{"type":"A","date":"2018-04-12T02:58:14.000Z","volume":100,"label":"Y","price":38.75},{"type":"B","date":"2018-04-12T02:58:20.000Z","volume":700,"label":" ","price":38.7},{"type":"B","date":"2018-04-12T02:58:20.000Z","volume":200,"label":" ","price":38.65},{"type":"A","date":"2018-04-12T02:58:21.000Z","volume":500,"label":" ","price":38.7},{"type":"A","date":"2018-04-12T02:58:22.000Z","volume":100,"label":"Y","price":38.7},{"type":"A","date":"2018-04-12T02:58:22.000Z","volume":100,"label":"Y","price":38.7},{"type":"A","date":"2018-04-12T02:58:22.000Z","volume":100,"label":" ","price":38.7},{"type":"A","date":"2018-04-12T02:58:23.000Z","volume":100,"label":"Y","price":38.7},{"type":"A","date":"2018-04-12T02:58:23.000Z","volume":500,"label":" ","price":38.7},{"type":"A","date":"2018-04-12T02:58:23.000Z","volume":100,"label":" ","price":38.75},{"type":"A","date":"2018-04-12T02:58:24.000Z","volume":100,"label":"Y","price":38.75},{"type":"B","date":"2018-04-12T02:58:25.000Z","volume":100,"label":" ","price":38.7},{"type":"B","date":"2018-04-12T02:58:36.000Z","volume":400,"label":" ","price":38.7},{"type":"A","date":"2018-04-12T02:58:37.000Z","volume":100,"label":"Y","price":38.75},{"type":"B","date":"2018-04-12T02:58:37.000Z","volume":300,"label":" ","price":38.7},{"type":"B","date":"2018-04-12T02:58:40.000Z","volume":700,"label":" ","price":38.7},{"type":"A","date":"2018-04-12T02:58:41.000Z","volume":100,"label":"Y","price":38.75},{"type":"A","date":"2018-04-12T02:58:41.000Z","volume":100,"label":" ","price":38.75},{"type":"A","date":"2018-04-12T02:58:41.000Z","volume":100,"label":" ","price":38.75},{"type":"A","date":"2018-04-12T02:58:54.000Z","volume":600,"label":" ","price":38.65},{"type":"A","date":"2018-04-12T02:58:55.000Z","volume":100,"label":" ","price":38.7},{"type":"A","date":"2018-04-12T02:59:03.000Z","volume":200,"label":" ","price":38.7},{"type":"A","date":"2018-04-12T02:59:03.000Z","volume":300,"label":" ","price":38.8},{"type":"A","date":"2018-04-12T02:59:03.000Z","volume":200,"label":" ","price":38.85},{"type":"A","date":"2018-04-12T02:59:04.000Z","volume":100,"label":" ","price":38.8},{"type":"A","date":"2018-04-12T02:59:05.000Z","volume":100,"label":" ","price":38.8},{"type":"B","date":"2018-04-12T02:59:24.000Z","volume":200,"label":" ","price":38.7},{"type":"A","date":"2018-04-12T02:59:25.000Z","volume":100,"label":" ","price":38.75},{"type":"B","date":"2018-04-12T02:59:32.000Z","volume":600,"label":" ","price":38.7},{"type":"A","date":"2018-04-12T02:59:33.000Z","volume":100,"label":" ","price":38.85},{"type":"A","date":"2018-04-12T02:59:33.000Z","volume":100,"label":" ","price":38.85},{"type":"A","date":"2018-04-12T02:59:33.000Z","volume":100,"label":" ","price":38.85},{"type":"A","date":"2018-04-12T02:59:33.000Z","volume":600,"label":" ","price":38.85},{"type":"A","date":"2018-04-12T02:59:34.000Z","volume":100,"label":" ","price":38.95},{"type":"B","date":"2018-04-12T02:59:36.000Z","volume":200,"label":" ","price":38.85},{"type":"U","date":"2018-04-12T03:01:45.000Z","volume":100,"label":"X","price":38.8},{"type":"U","date":"2018-04-12T03:02:49.000Z","volume":100,"label":"X","price":38.8},{"type":"A","date":"2018-04-12T03:03:21.000Z","volume":100,"label":"Y","price":38.8},{"type":"A","date":"2018-04-12T03:03:21.000Z","volume":400,"label":" ","price":38.8},{"type":"A","date":"2018-04-12T03:03:22.000Z","volume":100,"label":" ","price":38.8},{"type":"A","date":"2018-04-12T03:03:22.000Z","volume":100,"label":" ","price":38.85},{"type":"B","date":"2018-04-12T03:05:03.000Z","volume":500,"label":" ","price":38.75},{"type":"A","date":"2018-04-12T03:05:03.000Z","volume":400,"label":" ","price":38.8},{"type":"A","date":"2018-04-12T03:05:04.000Z","volume":100,"label":" ","price":38.8},{"type":"A","date":"2018-04-12T03:05:04.000Z","volume":100,"label":" ","price":38.8},{"type":"A","date":"2018-04-12T03:05:09.000Z","volume":100,"label":" ","price":38.8},{"type":"A","date":"2018-04-12T03:05:15.000Z","volume":200,"label":" ","price":38.8},{"type":"A","date":"2018-04-12T03:05:17.000Z","volume":100,"label":"Y","price":38.8},{"type":"A","date":"2018-04-12T03:06:18.000Z","volume":500,"label":" ","price":38.8},{"type":"A","date":"2018-04-12T03:06:19.000Z","volume":100,"label":" ","price":38.8},{"type":"A","date":"2018-04-12T03:06:20.000Z","volume":100,"label":"Y","price":38.8},{"type":"A","date":"2018-04-12T03:06:56.000Z","volume":1000,"label":" ","price":38.8},{"type":"A","date":"2018-04-12T03:06:57.000Z","volume":100,"label":" ","price":38.8},{"type":"A","date":"2018-04-12T03:06:58.000Z","volume":100,"label":" ","price":38.8},{"type":"A","date":"2018-04-12T03:06:58.000Z","volume":100,"label":" ","price":38.8},{"type":"U","date":"2018-04-12T03:07:39.000Z","volume":100,"label":"X","price":38.775},{"type":"A","date":"2018-04-12T03:08:51.000Z","volume":100,"label":"Y","price":38.8},{"type":"A","date":"2018-04-12T03:08:51.000Z","volume":400,"label":" ","price":38.8},{"type":"A","date":"2018-04-12T03:08:51.000Z","volume":400,"label":" ","price":38.8},{"type":"A","date":"2018-04-12T03:08:51.000Z","volume":400,"label":" ","price":38.85},{"type":"A","date":"2018-04-12T03:08:52.000Z","volume":100,"label":" ","price":38.85},{"type":"A","date":"2018-04-12T03:08:53.000Z","volume":200,"label":"Y","price":38.8},{"type":"A","date":"2018-04-12T03:08:54.000Z","volume":100,"label":" ","price":38.8},{"type":"A","date":"2018-04-12T03:08:55.000Z","volume":100,"label":" ","price":38.8},{"type":"A","date":"2018-04-12T03:09:18.000Z","volume":100,"label":" ","price":38.8},{"type":"A","date":"2018-04-12T03:09:18.000Z","volume":300,"label":" ","price":38.85},{"type":"B","date":"2018-04-12T03:09:19.000Z","volume":1100,"label":" ","price":38.75},{"type":"A","date":"2018-04-12T03:09:20.000Z","volume":100,"label":"Y","price":38.8},{"type":"A","date":"2018-04-12T03:09:30.000Z","volume":300,"label":" ","price":38.85},{"type":"A","date":"2018-04-12T03:09:31.000Z","volume":100,"label":" ","price":38.9},{"type":"A","date":"2018-04-12T03:09:32.000Z","volume":100,"label":" ","price":38.9},{"type":"B","date":"2018-04-12T03:10:22.000Z","volume":1500,"label":" ","price":38.75},{"type":"A","date":"2018-04-12T03:10:22.000Z","volume":100,"label":"Y","price":38.8},{"type":"A","date":"2018-04-12T03:10:23.000Z","volume":400,"label":" ","price":38.8},{"type":"A","date":"2018-04-12T03:10:24.000Z","volume":100,"label":" ","price":38.8},{"type":"A","date":"2018-04-12T03:10:24.000Z","volume":100,"label":"Y","price":38.8},{"type":"A","date":"2018-04-12T03:10:25.000Z","volume":100,"label":" ","price":38.8},{"type":"B","date":"2018-04-12T03:11:26.000Z","volume":200,"label":"Y","price":38.75},{"type":"B","date":"2018-04-12T03:11:26.000Z","volume":200,"label":" ","price":38.75},{"type":"A","date":"2018-04-12T03:11:27.000Z","volume":100,"label":" ","price":38.8},{"type":"A","date":"2018-04-12T03:11:28.000Z","volume":100,"label":" ","price":38.8},{"type":"U","date":"2018-04-12T03:11:28.000Z","volume":100,"label":" ","price":38.8},{"type":"A","date":"2018-04-12T03:11:28.000Z","volume":100,"label":" ","price":38.85},{"type":"B","date":"2018-04-12T03:11:46.000Z","volume":1300,"label":" ","price":38.8},{"type":"A","date":"2018-04-12T03:11:46.000Z","volume":200,"label":" ","price":38.8},{"type":"A","date":"2018-04-12T03:11:48.000Z","volume":100,"label":" ","price":38.8},{"type":"B","date":"2018-04-12T03:12:40.000Z","volume":200,"label":" ","price":38.75},{"type":"B","date":"2018-04-12T03:12:51.000Z","volume":100,"label":" ","price":38.75},{"type":"A","date":"2018-04-12T03:12:52.000Z","volume":100,"label":" ","price":38.8},{"type":"A","date":"2018-04-12T03:12:55.000Z","volume":400,"label":" ","price":38.8},{"type":"A","date":"2018-04-12T03:12:56.000Z","volume":100,"label":" ","price":38.8},{"type":"A","date":"2018-04-12T03:12:56.000Z","volume":100,"label":" ","price":38.8},{"type":"A","date":"2018-04-12T03:13:12.000Z","volume":1500,"label":" ","price":38.8},{"type":"B","date":"2018-04-12T03:13:12.000Z","volume":100,"label":" ","price":38.8},{"type":"A","date":"2018-04-12T03:13:13.000Z","volume":200,"label":" ","price":38.85},{"type":"A","date":"2018-04-12T03:13:13.000Z","volume":500,"label":" ","price":38.85},{"type":"A","date":"2018-04-12T03:13:14.000Z","volume":100,"label":" ","price":38.85},{"type":"A","date":"2018-04-12T03:13:14.000Z","volume":100,"label":"Y","price":38.85},{"type":"A","date":"2018-04-12T03:13:14.000Z","volume":100,"label":" ","price":38.85},{"type":"A","date":"2018-04-12T03:13:14.000Z","volume":100,"label":" ","price":38.85},{"type":"B","date":"2018-04-12T03:14:43.000Z","volume":1300,"label":" ","price":38.8},{"type":"A","date":"2018-04-12T03:14:44.000Z","volume":100,"label":"Y","price":38.85},{"type":"A","date":"2018-04-12T03:14:44.000Z","volume":700,"label":" ","price":38.85},{"type":"A","date":"2018-04-12T03:14:45.000Z","volume":100,"label":" ","price":38.85},{"type":"A","date":"2018-04-12T03:14:46.000Z","volume":100,"label":" ","price":38.85},{"type":"A","date":"2018-04-12T03:14:46.000Z","volume":100,"label":" ","price":38.85},{"type":"B","date":"2018-04-12T03:14:52.000Z","volume":200,"label":" ","price":38.8},{"type":"A","date":"2018-04-12T03:14:54.000Z","volume":100,"label":" ","price":38.85},{"type":"B","date":"2018-04-12T03:16:00.000Z","volume":1500,"label":" ","price":38.8},{"type":"A","date":"2018-04-12T03:16:00.000Z","volume":100,"label":" ","price":38.85},{"type":"A","date":"2018-04-12T03:16:01.000Z","volume":100,"label":"Y","price":38.85},{"type":"A","date":"2018-04-12T03:16:01.000Z","volume":100,"label":" ","price":38.85},{"type":"A","date":"2018-04-12T03:16:01.000Z","volume":100,"label":" ","price":38.85},{"type":"B","date":"2018-04-12T03:17:26.000Z","volume":1300,"label":" ","price":38.8},{"type":"A","date":"2018-04-12T03:17:26.000Z","volume":100,"label":" ","price":38.8},{"type":"A","date":"2018-04-12T03:17:27.000Z","volume":100,"label":" ","price":38.8},{"type":"B","date":"2018-04-12T03:18:12.000Z","volume":100,"label":" ","price":38.75},{"type":"U","date":"2018-04-12T03:18:39.000Z","volume":100,"label":"X","price":38.775},{"type":"B","date":"2018-04-12T03:19:31.000Z","volume":1700,"label":" ","price":38.75},{"type":"A","date":"2018-04-12T03:19:31.000Z","volume":400,"label":" ","price":38.8},{"type":"B","date":"2018-04-12T03:19:31.000Z","volume":100,"label":" ","price":38.75},{"type":"A","date":"2018-04-12T03:19:32.000Z","volume":400,"label":" ","price":38.8},{"type":"A","date":"2018-04-12T03:19:32.000Z","volume":100,"label":"Y","price":38.8},{"type":"A","date":"2018-04-12T03:19:32.000Z","volume":100,"label":"Y","price":38.8},{"type":"A","date":"2018-04-12T03:19:38.000Z","volume":100,"label":" ","price":38.8},{"type":"U","date":"2018-04-12T03:20:05.000Z","volume":100,"label":"X","price":38.8},{"type":"B","date":"2018-04-12T03:20:07.000Z","volume":100,"label":" ","price":38.75},{"type":"A","date":"2018-04-12T03:20:09.000Z","volume":100,"label":"Y","price":38.8},{"type":"A","date":"2018-04-12T03:20:11.000Z","volume":100,"label":" ","price":38.8},{"type":"B","date":"2018-04-12T03:20:53.000Z","volume":1200,"label":" ","price":38.75},{"type":"A","date":"2018-04-12T03:20:54.000Z","volume":100,"label":" ","price":38.8},{"type":"A","date":"2018-04-12T03:20:54.000Z","volume":100,"label":"Y","price":38.8},{"type":"A","date":"2018-04-12T03:20:54.000Z","volume":100,"label":" ","price":38.8},{"type":"B","date":"2018-04-12T03:21:09.000Z","volume":300,"label":"Y","price":38.75},{"type":"U","date":"2018-04-12T03:21:09.000Z","volume":100,"label":"Y","price":38.75},{"type":"A","date":"2018-04-12T03:21:10.000Z","volume":100,"label":" ","price":38.8},{"type":"B","date":"2018-04-12T03:22:25.000Z","volume":1300,"label":" ","price":38.7},{"type":"A","date":"2018-04-12T03:22:26.000Z","volume":100,"label":" ","price":38.7},{"type":"A","date":"2018-04-12T03:22:26.000Z","volume":100,"label":" ","price":38.7},{"type":"B","date":"2018-04-12T03:22:26.000Z","volume":100,"label":" ","price":38.6},{"type":"A","date":"2018-04-12T03:22:31.000Z","volume":700,"label":" ","price":38.65},{"type":"A","date":"2018-04-12T03:22:32.000Z","volume":100,"label":" ","price":38.7},{"type":"A","date":"2018-04-12T03:22:32.000Z","volume":100,"label":" ","price":38.7},{"type":"A","date":"2018-04-12T03:22:33.000Z","volume":200,"label":" ","price":38.7},{"type":"B","date":"2018-04-12T03:24:03.000Z","volume":1000,"label":" ","price":38.65},{"type":"B","date":"2018-04-12T03:24:03.000Z","volume":100,"label":" ","price":38.6},{"type":"A","date":"2018-04-12T03:24:05.000Z","volume":100,"label":" ","price":38.65},{"type":"A","date":"2018-04-12T03:24:05.000Z","volume":100,"label":" ","price":38.65},{"type":"A","date":"2018-04-12T03:24:10.000Z","volume":800,"label":" ","price":38.65},{"type":"A","date":"2018-04-12T03:24:11.000Z","volume":100,"label":" ","price":38.7},{"type":"A","date":"2018-04-12T03:24:11.000Z","volume":300,"label":" ","price":38.7},{"type":"A","date":"2018-04-12T03:24:12.000Z","volume":100,"label":" ","price":38.7},{"type":"A","date":"2018-04-12T03:24:12.000Z","volume":100,"label":"Y","price":38.7},{"type":"A","date":"2018-04-12T03:24:14.000Z","volume":100,"label":" ","price":38.75},{"type":"A","date":"2018-04-12T03:25:18.000Z","volume":600,"label":" ","price":38.7},{"type":"A","date":"2018-04-12T03:25:19.000Z","volume":600,"label":" ","price":38.7},{"type":"A","date":"2018-04-12T03:25:20.000Z","volume":100,"label":"Y","price":38.7},{"type":"A","date":"2018-04-12T03:25:20.000Z","volume":200,"label":" ","price":38.7},{"type":"A","date":"2018-04-12T03:25:20.000Z","volume":100,"label":"Y","price":38.7},{"type":"A","date":"2018-04-12T03:25:20.000Z","volume":100,"label":" ","price":38.7},{"type":"A","date":"2018-04-12T03:25:22.000Z","volume":100,"label":" ","price":38.7},{"type":"A","date":"2018-04-12T03:25:23.000Z","volume":100,"label":" ","price":38.7},{"type":"A","date":"2018-04-12T03:25:24.000Z","volume":100,"label":"Y","price":38.7},{"type":"B","date":"2018-04-12T03:27:03.000Z","volume":1400,"label":" ","price":38.65},{"type":"A","date":"2018-04-12T03:27:04.000Z","volume":100,"label":" ","price":38.7},{"type":"A","date":"2018-04-12T03:27:04.000Z","volume":100,"label":"Y","price":38.7},{"type":"A","date":"2018-04-12T03:27:04.000Z","volume":100,"label":"Y","price":38.7},{"type":"B","date":"2018-04-12T03:27:15.000Z","volume":2500,"label":" ","price":38.65},{"type":"B","date":"2018-04-12T03:27:15.000Z","volume":1300,"label":" ","price":38.6},{"type":"A","date":"2018-04-12T03:27:15.000Z","volume":300,"label":" ","price":38.75},{"type":"A","date":"2018-04-12T03:27:15.000Z","volume":100,"label":" ","price":38.75},{"type":"B","date":"2018-04-12T03:27:15.000Z","volume":300,"label":" ","price":38.65},{"type":"A","date":"2018-04-12T03:27:17.000Z","volume":100,"label":" ","price":38.6},{"type":"A","date":"2018-04-12T03:27:17.000Z","volume":100,"label":" ","price":38.6},{"type":"A","date":"2018-04-12T03:27:21.000Z","volume":1800,"label":" ","price":38.6},{"type":"A","date":"2018-04-12T03:27:21.000Z","volume":100,"label":" ","price":38.65},{"type":"B","date":"2018-04-12T03:27:21.000Z","volume":100,"label":"Y","price":38.6},{"type":"A","date":"2018-04-12T03:27:21.000Z","volume":200,"label":"Y","price":38.65},{"type":"A","date":"2018-04-12T03:27:21.000Z","volume":500,"label":"Y","price":38.65},{"type":"A","date":"2018-04-12T03:27:21.000Z","volume":500,"label":" ","price":38.75},{"type":"A","date":"2018-04-12T03:27:22.000Z","volume":100,"label":" ","price":38.75},{"type":"A","date":"2018-04-12T03:27:22.000Z","volume":100,"label":" ","price":38.8},{"type":"B","date":"2018-04-12T03:27:22.000Z","volume":100,"label":" ","price":38.65},{"type":"A","date":"2018-04-12T03:27:23.000Z","volume":100,"label":" ","price":38.85},{"type":"A","date":"2018-04-12T03:27:23.000Z","volume":100,"label":"Y","price":38.85},{"type":"A","date":"2018-04-12T03:27:23.000Z","volume":100,"label":" ","price":38.85},{"type":"A","date":"2018-04-12T03:27:23.000Z","volume":400,"label":" ","price":38.8},{"type":"A","date":"2018-04-12T03:27:24.000Z","volume":100,"label":" ","price":38.8},{"type":"A","date":"2018-04-12T03:27:25.000Z","volume":100,"label":" ","price":38.85},{"type":"A","date":"2018-04-12T03:27:25.000Z","volume":100,"label":" ","price":38.85},{"type":"A","date":"2018-04-12T03:30:14.000Z","volume":300,"label":" ","price":38.75},{"type":"A","date":"2018-04-12T03:30:16.000Z","volume":100,"label":" ","price":38.75},{"type":"B","date":"2018-04-12T03:30:33.000Z","volume":4000,"label":" ","price":38.7},{"type":"A","date":"2018-04-12T03:30:34.000Z","volume":100,"label":" ","price":38.75},{"type":"A","date":"2018-04-12T03:30:34.000Z","volume":100,"label":" ","price":38.75},{"type":"A","date":"2018-04-12T03:30:34.000Z","volume":400,"label":" ","price":38.75},{"type":"B","date":"2018-04-12T03:30:34.000Z","volume":300,"label":" ","price":38.7},{"type":"A","date":"2018-04-12T03:30:34.000Z","volume":100,"label":" ","price":38.75},{"type":"A","date":"2018-04-12T03:30:35.000Z","volume":500,"label":" ","price":38.75},{"type":"A","date":"2018-04-12T03:30:36.000Z","volume":100,"label":" ","price":38.75},{"type":"A","date":"2018-04-12T03:30:36.000Z","volume":200,"label":" ","price":38.75},{"type":"A","date":"2018-04-12T03:30:36.000Z","volume":200,"label":"Y","price":38.75},{"type":"A","date":"2018-04-12T03:30:36.000Z","volume":100,"label":" ","price":38.75},{"type":"A","date":"2018-04-12T03:30:36.000Z","volume":100,"label":" ","price":38.75},{"type":"A","date":"2018-04-12T03:30:38.000Z","volume":200,"label":"Y","price":38.75},{"type":"A","date":"2018-04-12T03:30:38.000Z","volume":100,"label":"Y","price":38.75},{"type":"A","date":"2018-04-12T03:30:39.000Z","volume":100,"label":" ","price":38.75},{"type":"A","date":"2018-04-12T03:30:40.000Z","volume":100,"label":" ","price":38.8},{"type":"A","date":"2018-04-12T03:30:40.000Z","volume":100,"label":" ","price":38.8},{"type":"B","date":"2018-04-12T03:30:49.000Z","volume":200,"label":" ","price":38.7},{"type":"B","date":"2018-04-12T03:30:52.000Z","volume":3000,"label":" ","price":38.6},{"type":"B","date":"2018-04-12T03:30:52.000Z","volume":100,"label":"Y","price":38.6},{"type":"A","date":"2018-04-12T03:30:53.000Z","volume":100,"label":" ","price":38.8},{"type":"B","date":"2018-04-12T03:30:53.000Z","volume":100,"label":"Y","price":38.6},{"type":"A","date":"2018-04-12T03:30:53.000Z","volume":100,"label":" ","price":38.8},{"type":"A","date":"2018-04-12T03:30:53.000Z","volume":100,"label":" ","price":38.8},{"type":"A","date":"2018-04-12T03:30:55.000Z","volume":100,"label":"Y","price":38.8},{"type":"B","date":"2018-04-12T03:30:56.000Z","volume":1400,"label":" ","price":38.6},{"type":"A","date":"2018-04-12T03:30:57.000Z","volume":100,"label":" ","price":38.8},{"type":"A","date":"2018-04-12T03:30:57.000Z","volume":100,"label":" ","price":38.8},{"type":"U","date":"2018-04-12T03:30:57.000Z","volume":100,"label":" ","price":38.65},{"type":"A","date":"2018-04-12T03:30:57.000Z","volume":700,"label":" ","price":38.8},{"type":"A","date":"2018-04-12T03:30:58.000Z","volume":100,"label":" ","price":38.8},{"type":"A","date":"2018-04-12T03:30:59.000Z","volume":100,"label":" ","price":38.8},{"type":"A","date":"2018-04-12T03:31:24.000Z","volume":100,"label":" ","price":38.8},{"type":"A","date":"2018-04-12T03:31:35.000Z","volume":900,"label":" ","price":38.75},{"type":"A","date":"2018-04-12T03:31:36.000Z","volume":100,"label":" ","price":38.75},{"type":"A","date":"2018-04-12T03:31:37.000Z","volume":100,"label":"Y","price":38.75},{"type":"A","date":"2018-04-12T03:31:37.000Z","volume":100,"label":"Y","price":38.75},{"type":"A","date":"2018-04-12T03:31:37.000Z","volume":700,"label":" ","price":38.8},{"type":"A","date":"2018-04-12T03:31:38.000Z","volume":100,"label":" ","price":38.8},{"type":"A","date":"2018-04-12T03:31:39.000Z","volume":100,"label":" ","price":38.85},{"type":"U","date":"2018-04-12T03:32:49.000Z","volume":100,"label":"X","price":38.675},{"type":"A","date":"2018-04-12T03:33:06.000Z","volume":400,"label":" ","price":38.75},{"type":"A","date":"2018-04-12T03:33:08.000Z","volume":100,"label":" ","price":38.75},{"type":"A","date":"2018-04-12T03:33:09.000Z","volume":100,"label":" ","price":38.75},{"type":"A","date":"2018-04-12T03:34:26.000Z","volume":100,"label":" ","price":38.65},{"type":"A","date":"2018-04-12T03:34:27.000Z","volume":500,"label":" ","price":38.65},{"type":"A","date":"2018-04-12T03:34:29.000Z","volume":100,"label":" ","price":38.65},{"type":"A","date":"2018-04-12T03:34:29.000Z","volume":100,"label":" ","price":38.65},{"type":"A","date":"2018-04-12T03:34:31.000Z","volume":400,"label":" ","price":38.65},{"type":"A","date":"2018-04-12T03:34:31.000Z","volume":200,"label":"Y","price":38.65},{"type":"A","date":"2018-04-12T03:34:32.000Z","volume":100,"label":" ","price":38.75},{"type":"A","date":"2018-04-12T03:34:32.000Z","volume":500,"label":" ","price":38.75},{"type":"A","date":"2018-04-12T03:34:33.000Z","volume":400,"label":"Y","price":38.75},{"type":"A","date":"2018-04-12T03:34:33.000Z","volume":100,"label":" ","price":38.75},{"type":"A","date":"2018-04-12T03:34:33.000Z","volume":100,"label":"Y","price":38.75},{"type":"A","date":"2018-04-12T03:34:33.000Z","volume":100,"label":" ","price":38.8},{"type":"A","date":"2018-04-12T03:34:35.000Z","volume":100,"label":" ","price":38.8},{"type":"A","date":"2018-04-12T03:34:48.000Z","volume":500,"label":" ","price":38.8},{"type":"A","date":"2018-04-12T03:34:48.000Z","volume":100,"label":" ","price":38.8},{"type":"A","date":"2018-04-12T03:34:49.000Z","volume":100,"label":" ","price":38.8},{"type":"A","date":"2018-04-12T03:34:49.000Z","volume":100,"label":"Y","price":38.8},{"type":"A","date":"2018-04-12T03:34:49.000Z","volume":100,"label":" ","price":38.8},{"type":"A","date":"2018-04-12T03:34:49.000Z","volume":600,"label":" ","price":38.85},{"type":"A","date":"2018-04-12T03:34:50.000Z","volume":100,"label":" ","price":38.85},{"type":"A","date":"2018-04-12T03:34:51.000Z","volume":100,"label":"Y","price":38.85},{"type":"B","date":"2018-04-12T03:36:09.000Z","volume":1200,"label":" ","price":38.8},{"type":"A","date":"2018-04-12T03:36:10.000Z","volume":100,"label":"Y","price":38.85},{"type":"A","date":"2018-04-12T03:36:10.000Z","volume":100,"label":" ","price":38.85},{"type":"A","date":"2018-04-12T03:36:10.000Z","volume":200,"label":"Y","price":38.85},{"type":"B","date":"2018-04-12T03:37:39.000Z","volume":1300,"label":" ","price":38.8},{"type":"A","date":"2018-04-12T03:37:40.000Z","volume":100,"label":" ","price":38.85},{"type":"B","date":"2018-04-12T03:37:40.000Z","volume":200,"label":" ","price":38.8},{"type":"U","date":"2018-04-12T03:38:23.000Z","volume":100,"label":"X","price":38.8},{"type":"B","date":"2018-04-12T03:38:28.000Z","volume":1200,"label":" ","price":38.75},{"type":"A","date":"2018-04-12T03:38:29.000Z","volume":100,"label":"Y","price":38.85},{"type":"A","date":"2018-04-12T03:38:29.000Z","volume":100,"label":"Y","price":38.85},{"type":"A","date":"2018-04-12T03:38:30.000Z","volume":300,"label":" ","price":38.85},{"type":"A","date":"2018-04-12T03:38:31.000Z","volume":100,"label":"Y","price":38.85},{"type":"A","date":"2018-04-12T03:38:31.000Z","volume":100,"label":" ","price":38.85},{"type":"A","date":"2018-04-12T03:38:33.000Z","volume":600,"label":" ","price":38.85},{"type":"A","date":"2018-04-12T03:38:35.000Z","volume":100,"label":" ","price":38.85},{"type":"B","date":"2018-04-12T03:38:35.000Z","volume":200,"label":" ","price":38.7},{"type":"A","date":"2018-04-12T03:38:37.000Z","volume":100,"label":" ","price":38.7},{"type":"A","date":"2018-04-12T03:38:39.000Z","volume":100,"label":" ","price":38.85},{"type":"A","date":"2018-04-12T03:38:39.000Z","volume":100,"label":" ","price":38.85},{"type":"B","date":"2018-04-12T03:38:40.000Z","volume":1500,"label":" ","price":38.6},{"type":"U","date":"2018-04-12T03:38:40.000Z","volume":100,"label":" ","price":38.6},{"type":"A","date":"2018-04-12T03:38:41.000Z","volume":100,"label":" ","price":38.85},{"type":"A","date":"2018-04-12T03:38:41.000Z","volume":500,"label":" ","price":38.8},{"type":"B","date":"2018-04-12T03:38:49.000Z","volume":900,"label":" ","price":38.65},{"type":"A","date":"2018-04-12T03:38:49.000Z","volume":100,"label":" ","price":38.8},{"type":"A","date":"2018-04-12T03:38:49.000Z","volume":100,"label":" ","price":38.8},{"type":"A","date":"2018-04-12T03:38:50.000Z","volume":100,"label":" ","price":38.85},{"type":"B","date":"2018-04-12T03:38:50.000Z","volume":100,"label":" ","price":38.7},{"type":"B","date":"2018-04-12T03:38:52.000Z","volume":100,"label":" ","price":38.7},{"type":"A","date":"2018-04-12T03:39:32.000Z","volume":1200,"label":" ","price":38.75},{"type":"A","date":"2018-04-12T03:39:33.000Z","volume":100,"label":" ","price":38.75},{"type":"A","date":"2018-04-12T03:39:34.000Z","volume":100,"label":" ","price":38.75},{"type":"A","date":"2018-04-12T03:39:34.000Z","volume":100,"label":" ","price":38.75},{"type":"A","date":"2018-04-12T03:39:34.000Z","volume":600,"label":" ","price":38.75},{"type":"B","date":"2018-04-12T03:39:35.000Z","volume":100,"label":" ","price":38.65},{"type":"A","date":"2018-04-12T03:39:36.000Z","volume":100,"label":" ","price":38.85},{"type":"A","date":"2018-04-12T03:39:36.000Z","volume":100,"label":" ","price":38.85},{"type":"A","date":"2018-04-12T03:40:53.000Z","volume":100,"label":" ","price":38.75},{"type":"A","date":"2018-04-12T03:41:05.000Z","volume":1200,"label":" ","price":38.7},{"type":"A","date":"2018-04-12T03:41:06.000Z","volume":100,"label":" ","price":38.7},{"type":"A","date":"2018-04-12T03:41:06.000Z","volume":300,"label":"Y","price":38.7},{"type":"A","date":"2018-04-12T03:41:06.000Z","volume":200,"label":" ","price":38.7},{"type":"A","date":"2018-04-12T03:41:06.000Z","volume":200,"label":" ","price":38.75},{"type":"U","date":"2018-04-12T03:41:34.000Z","volume":100,"label":"X","price":38.8},{"type":"B","date":"2018-04-12T03:42:00.000Z","volume":1200,"label":" ","price":38.75},{"type":"A","date":"2018-04-12T03:42:01.000Z","volume":100,"label":" ","price":38.8},{"type":"A","date":"2018-04-12T03:42:02.000Z","volume":200,"label":"Y","price":38.8},{"type":"A","date":"2018-04-12T03:42:02.000Z","volume":100,"label":" ","price":38.8},{"type":"A","date":"2018-04-12T03:42:21.000Z","volume":400,"label":" ","price":38.75},{"type":"A","date":"2018-04-12T03:42:21.000Z","volume":100,"label":" ","price":38.75},{"type":"A","date":"2018-04-12T03:42:23.000Z","volume":100,"label":" ","price":38.75},{"type":"A","date":"2018-04-12T03:42:23.000Z","volume":100,"label":" ","price":38.75},{"type":"A","date":"2018-04-12T03:42:25.000Z","volume":400,"label":" ","price":38.75},{"type":"A","date":"2018-04-12T03:42:27.000Z","volume":100,"label":" ","price":38.75},{"type":"B","date":"2018-04-12T03:43:37.000Z","volume":400,"label":" ","price":38.65},{"type":"A","date":"2018-04-12T03:43:38.000Z","volume":100,"label":" ","price":38.8},{"type":"A","date":"2018-04-12T03:43:38.000Z","volume":100,"label":" ","price":38.8},{"type":"U","date":"2018-04-12T03:43:45.000Z","volume":100,"label":" ","price":38.7},{"type":"A","date":"2018-04-12T03:43:48.000Z","volume":600,"label":" ","price":38.7},{"type":"A","date":"2018-04-12T03:43:49.000Z","volume":200,"label":"Y","price":38.7},{"type":"A","date":"2018-04-12T03:43:49.000Z","volume":200,"label":" ","price":38.7},{"type":"A","date":"2018-04-12T03:43:49.000Z","volume":100,"label":" ","price":38.75},{"type":"A","date":"2018-04-12T03:43:51.000Z","volume":100,"label":"Y","price":38.75},{"type":"A","date":"2018-04-12T03:43:51.000Z","volume":100,"label":" ","price":38.75},{"type":"A","date":"2018-04-12T03:43:55.000Z","volume":200,"label":" ","price":38.75},{"type":"A","date":"2018-04-12T03:43:57.000Z","volume":100,"label":" ","price":38.75},{"type":"B","date":"2018-04-12T03:44:10.000Z","volume":300,"label":" ","price":38.7},{"type":"B","date":"2018-04-12T03:44:10.000Z","volume":300,"label":"Y","price":38.65},{"type":"A","date":"2018-04-12T03:44:11.000Z","volume":200,"label":" ","price":38.7},{"type":"B","date":"2018-04-12T03:44:18.000Z","volume":300,"label":" ","price":38.7},{"type":"A","date":"2018-04-12T03:44:19.000Z","volume":300,"label":"Y","price":38.7},{"type":"A","date":"2018-04-12T03:44:19.000Z","volume":100,"label":" ","price":38.7},{"type":"A","date":"2018-04-12T03:44:19.000Z","volume":100,"label":" ","price":38.75},{"type":"A","date":"2018-04-12T03:44:21.000Z","volume":100,"label":"Y","price":38.75},{"type":"A","date":"2018-04-12T03:44:21.000Z","volume":100,"label":"Y","price":38.75},{"type":"A","date":"2018-04-12T03:44:21.000Z","volume":100,"label":" ","price":38.75},{"type":"B","date":"2018-04-12T03:44:21.000Z","volume":100,"label":" ","price":38.55},{"type":"A","date":"2018-04-12T03:44:23.000Z","volume":400,"label":" ","price":38.75},{"type":"A","date":"2018-04-12T03:44:24.000Z","volume":100,"label":" ","price":38.75},{"type":"A","date":"2018-04-12T03:44:25.000Z","volume":100,"label":" ","price":38.75},{"type":"B","date":"2018-04-12T03:44:33.000Z","volume":100,"label":" ","price":38.5},{"type":"A","date":"2018-04-12T03:44:35.000Z","volume":100,"label":"Y","price":38.7},{"type":"A","date":"2018-04-12T03:44:35.000Z","volume":100,"label":" ","price":38.7},{"type":"A","date":"2018-04-12T03:44:37.000Z","volume":100,"label":"Y","price":38.7},{"type":"B","date":"2018-04-12T03:44:38.000Z","volume":1500,"label":" ","price":38.4},{"type":"A","date":"2018-04-12T03:44:39.000Z","volume":100,"label":"Y","price":38.7},{"type":"A","date":"2018-04-12T03:44:39.000Z","volume":100,"label":"Y","price":38.7},{"type":"A","date":"2018-04-12T03:44:39.000Z","volume":400,"label":"Y","price":38.7},{"type":"A","date":"2018-04-12T03:44:41.000Z","volume":100,"label":"Y","price":38.7},{"type":"U","date":"2018-04-12T03:45:18.000Z","volume":100,"label":"Y","price":38.5},{"type":"A","date":"2018-04-12T03:45:19.000Z","volume":100,"label":" ","price":38.5},{"type":"A","date":"2018-04-12T03:45:20.000Z","volume":100,"label":"Y","price":38.5},{"type":"A","date":"2018-04-12T03:45:34.000Z","volume":100,"label":" ","price":38.5},{"type":"B","date":"2018-04-12T03:46:02.000Z","volume":200,"label":" ","price":38.5},{"type":"A","date":"2018-04-12T03:46:03.000Z","volume":100,"label":" ","price":38.55},{"type":"A","date":"2018-04-12T03:46:03.000Z","volume":300,"label":"Y","price":38.55},{"type":"B","date":"2018-04-12T03:46:16.000Z","volume":700,"label":" ","price":38.5},{"type":"A","date":"2018-04-12T03:46:17.000Z","volume":100,"label":" ","price":38.55},{"type":"A","date":"2018-04-12T03:46:17.000Z","volume":100,"label":" ","price":38.55},{"type":"A","date":"2018-04-12T03:46:17.000Z","volume":200,"label":"Y","price":38.55},{"type":"A","date":"2018-04-12T03:46:17.000Z","volume":100,"label":" ","price":38.55},{"type":"A","date":"2018-04-12T03:46:17.000Z","volume":200,"label":" ","price":38.6},{"type":"A","date":"2018-04-12T03:46:19.000Z","volume":100,"label":"Y","price":38.6},{"type":"B","date":"2018-04-12T03:46:56.000Z","volume":400,"label":" ","price":38.6},{"type":"A","date":"2018-04-12T03:46:58.000Z","volume":200,"label":" ","price":38.6},{"type":"A","date":"2018-04-12T03:47:00.000Z","volume":100,"label":" ","price":38.6},{"type":"B","date":"2018-04-12T03:47:03.000Z","volume":600,"label":" ","price":38.55},{"type":"A","date":"2018-04-12T03:47:04.000Z","volume":100,"label":" ","price":38.55},{"type":"A","date":"2018-04-12T03:47:04.000Z","volume":400,"label":" ","price":38.55},{"type":"A","date":"2018-04-12T03:47:04.000Z","volume":100,"label":" ","price":38.6},{"type":"A","date":"2018-04-12T03:47:04.000Z","volume":200,"label":" ","price":38.6},{"type":"A","date":"2018-04-12T03:47:06.000Z","volume":100,"label":" ","price":38.6},{"type":"A","date":"2018-04-12T03:47:06.000Z","volume":200,"label":" ","price":38.6},{"type":"A","date":"2018-04-12T03:47:06.000Z","volume":100,"label":" ","price":38.6},{"type":"A","date":"2018-04-12T03:47:06.000Z","volume":400,"label":"Y","price":38.6},{"type":"A","date":"2018-04-12T03:47:07.000Z","volume":100,"label":" ","price":38.7},{"type":"A","date":"2018-04-12T03:47:08.000Z","volume":100,"label":" ","price":38.7},{"type":"A","date":"2018-04-12T03:48:01.000Z","volume":800,"label":" ","price":38.6},{"type":"A","date":"2018-04-12T03:48:02.000Z","volume":100,"label":" ","price":38.6},{"type":"A","date":"2018-04-12T03:48:03.000Z","volume":100,"label":" ","price":38.6},{"type":"A","date":"2018-04-12T03:48:03.000Z","volume":200,"label":" ","price":38.6},{"type":"B","date":"2018-04-12T03:48:16.000Z","volume":300,"label":" ","price":38.55},{"type":"A","date":"2018-04-12T03:48:16.000Z","volume":400,"label":" ","price":38.65},{"type":"B","date":"2018-04-12T03:48:16.000Z","volume":100,"label":"Y","price":38.5},{"type":"A","date":"2018-04-12T03:48:16.000Z","volume":200,"label":" ","price":38.65},{"type":"A","date":"2018-04-12T03:48:17.000Z","volume":100,"label":" ","price":38.65},{"type":"A","date":"2018-04-12T03:48:18.000Z","volume":100,"label":" ","price":38.65},{"type":"B","date":"2018-04-12T03:48:20.000Z","volume":200,"label":" ","price":38.5},{"type":"A","date":"2018-04-12T03:48:22.000Z","volume":300,"label":" ","price":38.65},{"type":"A","date":"2018-04-12T03:48:23.000Z","volume":100,"label":" ","price":38.65},{"type":"A","date":"2018-04-12T03:48:24.000Z","volume":100,"label":" ","price":38.65},{"type":"B","date":"2018-04-12T03:48:38.000Z","volume":500,"label":" ","price":38.4},{"type":"B","date":"2018-04-12T03:48:38.000Z","volume":3300,"label":" ","price":38.35},{"type":"A","date":"2018-04-12T03:48:39.000Z","volume":100,"label":" ","price":38.55},{"type":"A","date":"2018-04-12T03:48:39.000Z","volume":200,"label":"Y","price":38.55},{"type":"A","date":"2018-04-12T03:48:39.000Z","volume":100,"label":" ","price":38.55},{"type":"A","date":"2018-04-12T03:48:39.000Z","volume":100,"label":"Y","price":38.55},{"type":"A","date":"2018-04-12T03:48:39.000Z","volume":200,"label":" ","price":38.55},{"type":"A","date":"2018-04-12T03:48:41.000Z","volume":100,"label":"Y","price":38.55},{"type":"A","date":"2018-04-12T03:48:41.000Z","volume":100,"label":"Y","price":38.55},{"type":"B","date":"2018-04-12T03:48:41.000Z","volume":200,"label":" ","price":38.55},{"type":"A","date":"2018-04-12T03:48:46.000Z","volume":900,"label":" ","price":38.45},{"type":"A","date":"2018-04-12T03:48:47.000Z","volume":100,"label":" ","price":38.55},{"type":"A","date":"2018-04-12T03:48:47.000Z","volume":100,"label":" ","price":38.7},{"type":"B","date":"2018-04-12T03:50:20.000Z","volume":400,"label":" ","price":38.5},{"type":"A","date":"2018-04-12T03:50:22.000Z","volume":400,"label":" ","price":38.5},{"type":"A","date":"2018-04-12T03:50:22.000Z","volume":100,"label":" ","price":38.5},{"type":"A","date":"2018-04-12T03:50:24.000Z","volume":100,"label":" ","price":38.5},{"type":"A","date":"2018-04-12T03:50:32.000Z","volume":1100,"label":" ","price":38.35},{"type":"A","date":"2018-04-12T03:50:33.000Z","volume":100,"label":" ","price":38.6},{"type":"A","date":"2018-04-12T03:50:34.000Z","volume":100,"label":" ","price":38.6},{"type":"A","date":"2018-04-12T03:50:34.000Z","volume":100,"label":"Y","price":38.6},{"type":"A","date":"2018-04-12T03:50:34.000Z","volume":200,"label":"Y","price":38.6},{"type":"A","date":"2018-04-12T03:50:34.000Z","volume":100,"label":" ","price":38.65},{"type":"B","date":"2018-04-12T03:50:46.000Z","volume":200,"label":" ","price":38.6},{"type":"A","date":"2018-04-12T03:50:46.000Z","volume":200,"label":" ","price":38.65},{"type":"A","date":"2018-04-12T03:50:48.000Z","volume":100,"label":" ","price":38.55},{"type":"U","date":"2018-04-12T03:51:29.000Z","volume":1100,"label":" ","price":38.45},{"type":"A","date":"2018-04-12T03:51:30.000Z","volume":200,"label":" ","price":38.55},{"type":"A","date":"2018-04-12T03:51:31.000Z","volume":100,"label":" ","price":38.65},{"type":"A","date":"2018-04-12T03:51:31.000Z","volume":300,"label":"Y","price":38.65},{"type":"A","date":"2018-04-12T03:51:31.000Z","volume":200,"label":" ","price":38.65},{"type":"A","date":"2018-04-12T03:51:33.000Z","volume":200,"label":" ","price":38.7},{"type":"A","date":"2018-04-12T03:51:33.000Z","volume":200,"label":" ","price":38.7},{"type":"A","date":"2018-04-12T03:51:34.000Z","volume":100,"label":" ","price":38.7},{"type":"A","date":"2018-04-12T03:51:35.000Z","volume":100,"label":" ","price":38.7},{"type":"B","date":"2018-04-12T03:52:17.000Z","volume":1500,"label":" ","price":38.45},{"type":"A","date":"2018-04-12T03:52:18.000Z","volume":300,"label":"Y","price":38.5},{"type":"A","date":"2018-04-12T03:52:18.000Z","volume":100,"label":" ","price":38.5},{"type":"A","date":"2018-04-12T03:52:18.000Z","volume":200,"label":" ","price":38.55},{"type":"A","date":"2018-04-12T03:52:20.000Z","volume":200,"label":" ","price":38.7},{"type":"B","date":"2018-04-12T03:52:58.000Z","volume":400,"label":" ","price":38.5},{"type":"A","date":"2018-04-12T03:52:58.000Z","volume":2100,"label":" ","price":38.55},{"type":"A","date":"2018-04-12T03:52:59.000Z","volume":300,"label":" ","price":38.65},{"type":"A","date":"2018-04-12T03:53:00.000Z","volume":200,"label":" ","price":38.65},{"type":"A","date":"2018-04-12T03:53:00.000Z","volume":100,"label":"Y","price":38.65},{"type":"A","date":"2018-04-12T03:53:00.000Z","volume":100,"label":" ","price":38.65},{"type":"B","date":"2018-04-12T03:54:10.000Z","volume":400,"label":" ","price":38.5},{"type":"A","date":"2018-04-12T03:54:11.000Z","volume":1000,"label":" ","price":38.5},{"type":"A","date":"2018-04-12T03:54:11.000Z","volume":100,"label":" ","price":38.55},{"type":"A","date":"2018-04-12T03:54:13.000Z","volume":200,"label":"Y","price":38.55},{"type":"A","date":"2018-04-12T03:54:14.000Z","volume":100,"label":" ","price":38.55},{"type":"A","date":"2018-04-12T03:54:15.000Z","volume":400,"label":"Y","price":38.55},{"type":"A","date":"2018-04-12T03:54:17.000Z","volume":200,"label":"Y","price":38.6},{"type":"B","date":"2018-04-12T03:55:00.000Z","volume":300,"label":" ","price":38.45},{"type":"A","date":"2018-04-12T03:55:01.000Z","volume":400,"label":" ","price":38.45},{"type":"A","date":"2018-04-12T03:55:01.000Z","volume":100,"label":" ","price":38.45},{"type":"A","date":"2018-04-12T03:55:03.000Z","volume":100,"label":" ","price":38.4},{"type":"A","date":"2018-04-12T03:55:14.000Z","volume":100,"label":" ","price":38.35},{"type":"A","date":"2018-04-12T03:55:15.000Z","volume":300,"label":" ","price":38.3},{"type":"A","date":"2018-04-12T03:55:15.000Z","volume":100,"label":" ","price":38.3},{"type":"A","date":"2018-04-12T03:55:17.000Z","volume":100,"label":" ","price":38.3},{"type":"U","date":"2018-04-12T03:55:22.000Z","volume":100,"label":" ","price":38.25},{"type":"A","date":"2018-04-12T03:55:23.000Z","volume":200,"label":"Y","price":38.3},{"type":"A","date":"2018-04-12T03:55:39.000Z","volume":1300,"label":" ","price":38.3},{"type":"A","date":"2018-04-12T03:55:40.000Z","volume":100,"label":" ","price":38.35},{"type":"A","date":"2018-04-12T03:55:41.000Z","volume":100,"label":"Y","price":38.35},{"type":"A","date":"2018-04-12T03:55:41.000Z","volume":300,"label":" ","price":38.35},{"type":"A","date":"2018-04-12T03:55:42.000Z","volume":100,"label":" ","price":38.35},{"type":"A","date":"2018-04-12T03:55:43.000Z","volume":100,"label":" ","price":38.35},{"type":"A","date":"2018-04-12T03:55:45.000Z","volume":200,"label":" ","price":38.35},{"type":"A","date":"2018-04-12T03:55:48.000Z","volume":100,"label":" ","price":38.35},{"type":"A","date":"2018-04-12T03:55:49.000Z","volume":100,"label":" ","price":38.4},{"type":"A","date":"2018-04-12T03:56:00.000Z","volume":500,"label":" ","price":38.4},{"type":"A","date":"2018-04-12T03:56:01.000Z","volume":100,"label":" ","price":38.45},{"type":"A","date":"2018-04-12T03:56:02.000Z","volume":100,"label":" ","price":38.45},{"type":"B","date":"2018-04-12T03:56:45.000Z","volume":700,"label":" ","price":38.4},{"type":"A","date":"2018-04-12T03:56:46.000Z","volume":400,"label":" ","price":38.4},{"type":"A","date":"2018-04-12T03:56:48.000Z","volume":100,"label":"Y","price":38.45},{"type":"A","date":"2018-04-12T03:57:06.000Z","volume":100,"label":" ","price":38.45},{"type":"B","date":"2018-04-12T03:57:51.000Z","volume":200,"label":" ","price":38.45},{"type":"A","date":"2018-04-12T03:57:52.000Z","volume":200,"label":" ","price":38.45},{"type":"A","date":"2018-04-12T03:57:52.000Z","volume":100,"label":" ","price":38.45},{"type":"A","date":"2018-04-12T03:57:52.000Z","volume":800,"label":" ","price":38.45},{"type":"A","date":"2018-04-12T03:57:52.000Z","volume":100,"label":" ","price":38.5},{"type":"A","date":"2018-04-12T03:57:53.000Z","volume":100,"label":" ","price":38.5},{"type":"A","date":"2018-04-12T03:57:54.000Z","volume":100,"label":" ","price":38.5},{"type":"A","date":"2018-04-12T03:57:54.000Z","volume":100,"label":" ","price":38.5},{"type":"A","date":"2018-04-12T03:58:04.000Z","volume":1700,"label":" ","price":38.5},{"type":"A","date":"2018-04-12T03:58:05.000Z","volume":200,"label":"Y","price":38.55},{"type":"A","date":"2018-04-12T03:58:05.000Z","volume":100,"label":" ","price":38.55},{"type":"A","date":"2018-04-12T03:58:05.000Z","volume":200,"label":" ","price":38.55},{"type":"A","date":"2018-04-12T03:58:05.000Z","volume":200,"label":" ","price":38.55},{"type":"A","date":"2018-04-12T03:58:07.000Z","volume":100,"label":" ","price":38.55},{"type":"B","date":"2018-04-12T03:58:43.000Z","volume":200,"label":" ","price":38.45},{"type":"A","date":"2018-04-12T03:58:44.000Z","volume":100,"label":"Y","price":38.5},{"type":"A","date":"2018-04-12T03:58:44.000Z","volume":400,"label":" ","price":38.5},{"type":"A","date":"2018-04-12T03:58:44.000Z","volume":100,"label":" ","price":38.5},{"type":"A","date":"2018-04-12T03:58:46.000Z","volume":100,"label":"Y","price":38.5},{"type":"B","date":"2018-04-12T03:59:08.000Z","volume":700,"label":" ","price":38.4},{"type":"B","date":"2018-04-12T03:59:08.000Z","volume":400,"label":" ","price":38.35},{"type":"B","date":"2018-04-12T03:59:08.000Z","volume":100,"label":" ","price":38.35},{"type":"A","date":"2018-04-12T03:59:09.000Z","volume":100,"label":" ","price":38.4},{"type":"A","date":"2018-04-12T03:59:09.000Z","volume":500,"label":" ","price":38.4},{"type":"A","date":"2018-04-12T03:59:09.000Z","volume":500,"label":" ","price":38.65},{"type":"B","date":"2018-04-12T03:59:09.000Z","volume":100,"label":" ","price":38.65},{"type":"A","date":"2018-04-12T03:59:10.000Z","volume":100,"label":" ","price":38.65},{"type":"A","date":"2018-04-12T03:59:11.000Z","volume":100,"label":" ","price":38.65},{"type":"A","date":"2018-04-12T03:59:12.000Z","volume":100,"label":" ","price":38.65},{"type":"B","date":"2018-04-12T03:59:21.000Z","volume":1300,"label":" ","price":38.4},{"type":"B","date":"2018-04-12T03:59:21.000Z","volume":9000,"label":" ","price":38.35},{"type":"A","date":"2018-04-12T03:59:21.000Z","volume":500,"label":" ","price":38.6},{"type":"B","date":"2018-04-12T03:59:21.000Z","volume":100,"label":" ","price":38.4},{"type":"A","date":"2018-04-12T03:59:22.000Z","volume":100,"label":" ","price":38.4},{"type":"A","date":"2018-04-12T03:59:22.000Z","volume":600,"label":" ","price":38.4},{"type":"A","date":"2018-04-12T03:59:23.000Z","volume":500,"label":"Y","price":38.4},{"type":"B","date":"2018-04-12T03:59:24.000Z","volume":100,"label":" ","price":38.45},{"type":"B","date":"2018-04-12T03:59:35.000Z","volume":200,"label":" ","price":38.4},{"type":"A","date":"2018-04-12T03:59:37.000Z","volume":200,"label":" ","price":38.6},{"type":"A","date":"2018-04-12T03:59:38.000Z","volume":100,"label":" ","price":38.6},{"type":"A","date":"2018-04-12T03:59:39.000Z","volume":100,"label":" ","price":38.6},{"type":"B","date":"2018-04-12T03:59:40.000Z","volume":300,"label":" ","price":38.35},{"type":"A","date":"2018-04-12T03:59:41.000Z","volume":100,"label":" ","price":38.6},{"type":"A","date":"2018-04-12T03:59:41.000Z","volume":100,"label":" ","price":38.6},{"type":"B","date":"2018-04-12T03:59:45.000Z","volume":200,"label":" ","price":38.4},{"type":"B","date":"2018-04-12T03:59:45.000Z","volume":100,"label":" ","price":38.4},{"type":"A","date":"2018-04-12T03:59:46.000Z","volume":100,"label":" ","price":38.65},{"type":"A","date":"2018-04-12T03:59:47.000Z","volume":100,"label":" ","price":38.65},{"type":"A","date":"2018-04-12T05:00:04.000Z","volume":100,"label":" ","price":38.6},{"type":"A","date":"2018-04-12T05:00:12.000Z","volume":500,"label":"Y","price":38.6},{"type":"A","date":"2018-04-12T05:00:13.000Z","volume":100,"label":" ","price":38.65},{"type":"U","date":"2018-04-12T05:01:29.000Z","volume":100,"label":"X","price":38.625},{"type":"B","date":"2018-04-12T05:01:47.000Z","volume":2900,"label":" ","price":38.6},{"type":"A","date":"2018-04-12T05:01:47.000Z","volume":100,"label":" ","price":38.65},{"type":"U","date":"2018-04-12T05:02:46.000Z","volume":100,"label":"X","price":38.6},{"type":"U","date":"2018-04-12T05:05:01.000Z","volume":100,"label":"X","price":38.6},{"type":"A","date":"2018-04-12T05:05:41.000Z","volume":600,"label":" ","price":38.6},{"type":"A","date":"2018-04-12T05:05:41.000Z","volume":300,"label":" ","price":38.6},{"type":"A","date":"2018-04-12T05:05:42.000Z","volume":100,"label":" ","price":38.6},{"type":"B","date":"2018-04-12T05:05:43.000Z","volume":900,"label":" ","price":38.55},{"type":"A","date":"2018-04-12T05:05:43.000Z","volume":100,"label":" ","price":38.6},{"type":"A","date":"2018-04-12T05:06:45.000Z","volume":1300,"label":" ","price":38.6},{"type":"A","date":"2018-04-12T05:06:46.000Z","volume":100,"label":" ","price":38.65},{"type":"A","date":"2018-04-12T05:06:47.000Z","volume":100,"label":" ","price":38.65},{"type":"A","date":"2018-04-12T05:06:48.000Z","volume":100,"label":" ","price":38.65},{"type":"A","date":"2018-04-12T05:07:40.000Z","volume":100,"label":" ","price":38.6},{"type":"A","date":"2018-04-12T05:08:36.000Z","volume":200,"label":" ","price":38.6},{"type":"A","date":"2018-04-12T05:08:38.000Z","volume":100,"label":"Y","price":38.6},{"type":"A","date":"2018-04-12T05:08:41.000Z","volume":2000,"label":" ","price":38.65},{"type":"A","date":"2018-04-12T05:08:42.000Z","volume":200,"label":" ","price":38.7},{"type":"A","date":"2018-04-12T05:08:42.000Z","volume":200,"label":" ","price":38.7},{"type":"A","date":"2018-04-12T05:09:37.000Z","volume":400,"label":" ","price":38.65},{"type":"A","date":"2018-04-12T05:09:37.000Z","volume":100,"label":" ","price":38.65},{"type":"A","date":"2018-04-12T05:09:38.000Z","volume":100,"label":" ","price":38.7},{"type":"A","date":"2018-04-12T05:09:39.000Z","volume":100,"label":" ","price":38.7},{"type":"B","date":"2018-04-12T05:10:02.000Z","volume":100,"label":" ","price":38.65},{"type":"B","date":"2018-04-12T05:11:48.000Z","volume":700,"label":" ","price":38.65},{"type":"A","date":"2018-04-12T05:11:50.000Z","volume":100,"label":"Y","price":38.7},{"type":"B","date":"2018-04-12T05:12:17.000Z","volume":700,"label":" ","price":38.65},{"type":"B","date":"2018-04-12T05:12:17.000Z","volume":400,"label":" ","price":38.65},{"type":"B","date":"2018-04-12T05:12:17.000Z","volume":100,"label":"Y","price":38.65},{"type":"A","date":"2018-04-12T05:12:19.000Z","volume":100,"label":"Y","price":38.65},{"type":"B","date":"2018-04-12T05:12:28.000Z","volume":300,"label":" ","price":38.6},{"type":"A","date":"2018-04-12T05:12:29.000Z","volume":200,"label":" ","price":38.65},{"type":"A","date":"2018-04-12T05:12:29.000Z","volume":100,"label":"Y","price":38.65},{"type":"A","date":"2018-04-12T05:12:31.000Z","volume":100,"label":" ","price":38.65},{"type":"B","date":"2018-04-12T05:13:40.000Z","volume":1000,"label":" ","price":38.6},{"type":"A","date":"2018-04-12T05:13:41.000Z","volume":100,"label":"Y","price":38.65},{"type":"A","date":"2018-04-12T05:13:41.000Z","volume":100,"label":" ","price":38.65},{"type":"A","date":"2018-04-12T05:13:41.000Z","volume":100,"label":"Y","price":38.65},{"type":"A","date":"2018-04-12T05:14:40.000Z","volume":800,"label":" ","price":38.7},{"type":"A","date":"2018-04-12T05:14:41.000Z","volume":100,"label":" ","price":38.7},{"type":"A","date":"2018-04-12T05:14:42.000Z","volume":100,"label":" ","price":38.7},{"type":"U","date":"2018-04-12T05:15:43.000Z","volume":100,"label":" ","price":38.65},{"type":"U","date":"2018-04-12T05:16:04.000Z","volume":100,"label":"X","price":38.65},{"type":"U","date":"2018-04-12T05:16:09.000Z","volume":100,"label":"X","price":38.65},{"type":"A","date":"2018-04-12T05:16:36.000Z","volume":300,"label":" ","price":38.7},{"type":"A","date":"2018-04-12T05:16:37.000Z","volume":100,"label":"Y","price":38.65},{"type":"B","date":"2018-04-12T05:17:17.000Z","volume":300,"label":" ","price":38.6},{"type":"A","date":"2018-04-12T05:17:18.000Z","volume":100,"label":"Y","price":38.65},{"type":"A","date":"2018-04-12T05:17:18.000Z","volume":200,"label":" ","price":38.65},{"type":"A","date":"2018-04-12T05:17:18.000Z","volume":100,"label":" ","price":38.65},{"type":"A","date":"2018-04-12T05:17:20.000Z","volume":100,"label":"Y","price":38.65},{"type":"A","date":"2018-04-12T05:17:38.000Z","volume":300,"label":" ","price":38.65},{"type":"A","date":"2018-04-12T05:18:39.000Z","volume":500,"label":" ","price":38.65},{"type":"A","date":"2018-04-12T05:18:40.000Z","volume":100,"label":" ","price":38.7},{"type":"A","date":"2018-04-12T05:18:41.000Z","volume":100,"label":"Y","price":38.7},{"type":"A","date":"2018-04-12T05:19:42.000Z","volume":1400,"label":" ","price":38.65},{"type":"A","date":"2018-04-12T05:19:43.000Z","volume":200,"label":" ","price":38.7},{"type":"A","date":"2018-04-12T05:19:44.000Z","volume":100,"label":" ","price":38.7},{"type":"A","date":"2018-04-12T05:21:27.000Z","volume":200,"label":" ","price":38.7},{"type":"B","date":"2018-04-12T05:21:34.000Z","volume":200,"label":" ","price":38.65},{"type":"A","date":"2018-04-12T05:21:36.000Z","volume":100,"label":" ","price":38.7},{"type":"A","date":"2018-04-12T05:21:37.000Z","volume":100,"label":" ","price":38.7},{"type":"U","date":"2018-04-12T05:21:45.000Z","volume":100,"label":"X","price":38.675},{"type":"B","date":"2018-04-12T05:22:22.000Z","volume":700,"label":" ","price":38.65},{"type":"A","date":"2018-04-12T05:22:23.000Z","volume":100,"label":" ","price":38.7},{"type":"A","date":"2018-04-12T05:22:23.000Z","volume":100,"label":"Y","price":38.7},{"type":"A","date":"2018-04-12T05:22:23.000Z","volume":100,"label":" ","price":38.7},{"type":"U","date":"2018-04-12T05:23:48.000Z","volume":100,"label":"X","price":38.675},{"type":"U","date":"2018-04-12T05:24:06.000Z","volume":100,"label":"X","price":38.675},{"type":"A","date":"2018-04-12T05:24:18.000Z","volume":200,"label":" ","price":38.7},{"type":"A","date":"2018-04-12T05:24:20.000Z","volume":100,"label":" ","price":38.7},{"type":"B","date":"2018-04-12T05:24:47.000Z","volume":900,"label":" ","price":38.65},{"type":"A","date":"2018-04-12T05:24:48.000Z","volume":100,"label":" ","price":38.7},{"type":"A","date":"2018-04-12T05:24:48.000Z","volume":100,"label":" ","price":38.7},{"type":"A","date":"2018-04-12T05:24:48.000Z","volume":100,"label":"Y","price":38.7},{"type":"A","date":"2018-04-12T05:24:48.000Z","volume":100,"label":" ","price":38.7},{"type":"A","date":"2018-04-12T05:24:50.000Z","volume":100,"label":"Y","price":38.7},{"type":"U","date":"2018-04-12T05:25:12.000Z","volume":100,"label":"X","price":38.675},{"type":"B","date":"2018-04-12T05:27:01.000Z","volume":1300,"label":" ","price":38.65},{"type":"B","date":"2018-04-12T05:27:01.000Z","volume":100,"label":"Y","price":38.65},{"type":"A","date":"2018-04-12T05:27:01.000Z","volume":100,"label":" ","price":38.65},{"type":"A","date":"2018-04-12T05:27:01.000Z","volume":200,"label":" ","price":38.65},{"type":"A","date":"2018-04-12T05:27:01.000Z","volume":200,"label":" ","price":38.65},{"type":"A","date":"2018-04-12T05:27:03.000Z","volume":200,"label":"Y","price":38.65},{"type":"A","date":"2018-04-12T05:27:03.000Z","volume":100,"label":"Y","price":38.65},{"type":"A","date":"2018-04-12T05:27:05.000Z","volume":200,"label":"Y","price":38.65},{"type":"A","date":"2018-04-12T05:27:05.000Z","volume":500,"label":" ","price":38.65},{"type":"A","date":"2018-04-12T05:27:07.000Z","volume":200,"label":" ","price":38.65},{"type":"A","date":"2018-04-12T05:27:07.000Z","volume":100,"label":" ","price":38.65},{"type":"B","date":"2018-04-12T05:27:22.000Z","volume":2700,"label":" ","price":38.6},{"type":"B","date":"2018-04-12T05:27:24.000Z","volume":700,"label":" ","price":38.55},{"type":"A","date":"2018-04-12T05:27:24.000Z","volume":200,"label":"Y","price":38.6},{"type":"A","date":"2018-04-12T05:27:24.000Z","volume":100,"label":" ","price":38.6},{"type":"A","date":"2018-04-12T05:28:07.000Z","volume":100,"label":" ","price":38.65},{"type":"B","date":"2018-04-12T05:28:40.000Z","volume":100,"label":" ","price":38.6},{"type":"B","date":"2018-04-12T05:29:38.000Z","volume":600,"label":" ","price":38.6},{"type":"B","date":"2018-04-12T05:29:38.000Z","volume":100,"label":"Y","price":38.6},{"type":"B","date":"2018-04-12T05:29:38.000Z","volume":100,"label":" ","price":38.6},{"type":"A","date":"2018-04-12T05:29:39.000Z","volume":400,"label":"Y","price":38.6},{"type":"A","date":"2018-04-12T05:29:54.000Z","volume":1900,"label":" ","price":38.6},{"type":"A","date":"2018-04-12T05:29:55.000Z","volume":200,"label":" ","price":38.65},{"type":"B","date":"2018-04-12T05:31:00.000Z","volume":3900,"label":" ","price":38.55},{"type":"A","date":"2018-04-12T05:31:01.000Z","volume":200,"label":"Y","price":38.65},{"type":"A","date":"2018-04-12T05:31:01.000Z","volume":800,"label":" ","price":38.65},{"type":"U","date":"2018-04-12T05:32:33.000Z","volume":100,"label":"X","price":38.6},{"type":"A","date":"2018-04-12T05:32:52.000Z","volume":200,"label":" ","price":38.6},{"type":"A","date":"2018-04-12T05:33:47.000Z","volume":1300,"label":" ","price":38.6},{"type":"A","date":"2018-04-12T05:33:47.000Z","volume":200,"label":" ","price":38.6},{"type":"A","date":"2018-04-12T05:33:47.000Z","volume":300,"label":" ","price":38.6},{"type":"A","date":"2018-04-12T05:34:22.000Z","volume":100,"label":" ","price":38.6},{"type":"U","date":"2018-04-12T05:34:56.000Z","volume":100,"label":"X","price":38.625},{"type":"B","date":"2018-04-12T05:36:24.000Z","volume":1300,"label":" ","price":38.6},{"type":"B","date":"2018-04-12T05:37:06.000Z","volume":100,"label":" ","price":38.55},{"type":"A","date":"2018-04-12T05:37:06.000Z","volume":500,"label":"Y","price":38.6},{"type":"B","date":"2018-04-12T05:37:18.000Z","volume":700,"label":" ","price":38.55},{"type":"A","date":"2018-04-12T05:37:19.000Z","volume":200,"label":" ","price":38.55},{"type":"B","date":"2018-04-12T05:37:44.000Z","volume":3000,"label":" ","price":38.5},{"type":"B","date":"2018-04-12T05:37:44.000Z","volume":2800,"label":" ","price":38.45},{"type":"B","date":"2018-04-12T05:37:44.000Z","volume":100,"label":" ","price":38.5},{"type":"A","date":"2018-04-12T05:37:44.000Z","volume":200,"label":" ","price":38.5},{"type":"A","date":"2018-04-12T05:37:45.000Z","volume":200,"label":" ","price":38.5},{"type":"B","date":"2018-04-12T05:37:53.000Z","volume":4000,"label":" ","price":38.4},{"type":"B","date":"2018-04-12T05:37:53.000Z","volume":1200,"label":" ","price":38.35},{"type":"A","date":"2018-04-12T05:37:53.000Z","volume":700,"label":" ","price":38.4},{"type":"A","date":"2018-04-12T05:37:53.000Z","volume":300,"label":"Y","price":38.4},{"type":"A","date":"2018-04-12T05:37:54.000Z","volume":300,"label":" ","price":38.4},{"type":"A","date":"2018-04-12T05:38:18.000Z","volume":100,"label":" ","price":38.35},{"type":"A","date":"2018-04-12T05:38:18.000Z","volume":900,"label":" ","price":38.4},{"type":"A","date":"2018-04-12T05:38:18.000Z","volume":100,"label":"Y","price":38.4},{"type":"B","date":"2018-04-12T05:38:18.000Z","volume":100,"label":"Y","price":38.4},{"type":"A","date":"2018-04-12T05:38:18.000Z","volume":200,"label":"Y","price":38.45},{"type":"U","date":"2018-04-12T05:40:16.000Z","volume":100,"label":"X","price":38.425},{"type":"A","date":"2018-04-12T05:40:59.000Z","volume":500,"label":" ","price":38.35},{"type":"A","date":"2018-04-12T05:41:01.000Z","volume":300,"label":"Y","price":38.4},{"type":"A","date":"2018-04-12T05:41:01.000Z","volume":100,"label":" ","price":38.4},{"type":"A","date":"2018-04-12T05:41:07.000Z","volume":200,"label":" ","price":38.45},{"type":"A","date":"2018-04-12T05:41:33.000Z","volume":1000,"label":" ","price":38.45},{"type":"A","date":"2018-04-12T05:41:35.000Z","volume":300,"label":"Y","price":38.5},{"type":"A","date":"2018-04-12T05:41:35.000Z","volume":200,"label":" ","price":38.5},{"type":"A","date":"2018-04-12T05:41:52.000Z","volume":400,"label":" ","price":38.5},{"type":"U","date":"2018-04-12T05:42:37.000Z","volume":100,"label":"X","price":38.475},{"type":"U","date":"2018-04-12T05:42:38.000Z","volume":100,"label":"X","price":38.475},{"type":"B","date":"2018-04-12T05:43:39.000Z","volume":800,"label":" ","price":38.45},{"type":"A","date":"2018-04-12T05:43:40.000Z","volume":200,"label":"Y","price":38.5},{"type":"U","date":"2018-04-12T05:44:18.000Z","volume":100,"label":"X","price":38.475},{"type":"B","date":"2018-04-12T05:45:08.000Z","volume":100,"label":" ","price":38.45},{"type":"U","date":"2018-04-12T05:45:22.000Z","volume":100,"label":"X","price":38.475},{"type":"B","date":"2018-04-12T05:45:25.000Z","volume":200,"label":" ","price":38.45},{"type":"A","date":"2018-04-12T05:45:26.000Z","volume":100,"label":" ","price":38.5},{"type":"B","date":"2018-04-12T05:45:52.000Z","volume":800,"label":" ","price":38.45},{"type":"A","date":"2018-04-12T05:45:53.000Z","volume":100,"label":" ","price":38.5},{"type":"B","date":"2018-04-12T05:46:22.000Z","volume":100,"label":" ","price":38.45},{"type":"A","date":"2018-04-12T05:46:34.000Z","volume":100,"label":" ","price":38.5},{"type":"B","date":"2018-04-12T05:47:06.000Z","volume":700,"label":" ","price":38.45},{"type":"A","date":"2018-04-12T05:47:08.000Z","volume":100,"label":"Y","price":38.45},{"type":"A","date":"2018-04-12T05:47:34.000Z","volume":100,"label":" ","price":38.45},{"type":"U","date":"2018-04-12T05:48:15.000Z","volume":100,"label":"X","price":38.425},{"type":"B","date":"2018-04-12T05:48:30.000Z","volume":600,"label":" ","price":38.4},{"type":"A","date":"2018-04-12T05:48:31.000Z","volume":100,"label":"Y","price":38.45},{"type":"A","date":"2018-04-12T05:48:31.000Z","volume":100,"label":" ","price":38.45},{"type":"A","date":"2018-04-12T05:48:31.000Z","volume":100,"label":"Y","price":38.45},{"type":"B","date":"2018-04-12T05:50:19.000Z","volume":200,"label":" ","price":38.4},{"type":"A","date":"2018-04-12T05:50:21.000Z","volume":100,"label":" ","price":38.45},{"type":"U","date":"2018-04-12T05:50:29.000Z","volume":100,"label":"X","price":38.425},{"type":"B","date":"2018-04-12T05:50:44.000Z","volume":600,"label":" ","price":38.4},{"type":"A","date":"2018-04-12T05:50:45.000Z","volume":100,"label":" ","price":38.45},{"type":"B","date":"2018-04-12T05:52:23.000Z","volume":300,"label":"Y","price":38.4},{"type":"A","date":"2018-04-12T05:52:23.000Z","volume":100,"label":"Y","price":38.45},{"type":"B","date":"2018-04-12T05:52:25.000Z","volume":700,"label":" ","price":38.4},{"type":"A","date":"2018-04-12T05:52:25.000Z","volume":200,"label":"Y","price":38.45},{"type":"A","date":"2018-04-12T05:52:26.000Z","volume":100,"label":" ","price":38.45},{"type":"U","date":"2018-04-12T05:52:29.000Z","volume":100,"label":"X","price":38.425},{"type":"U","date":"2018-04-12T05:54:11.000Z","volume":100,"label":"X","price":38.425},{"type":"B","date":"2018-04-12T05:54:15.000Z","volume":600,"label":" ","price":38.4},{"type":"A","date":"2018-04-12T05:54:17.000Z","volume":200,"label":" ","price":38.45},{"type":"B","date":"2018-04-12T05:54:21.000Z","volume":100,"label":" ","price":38.4},{"type":"B","date":"2018-04-12T05:55:23.000Z","volume":100,"label":" ","price":38.4},{"type":"B","date":"2018-04-12T05:55:36.000Z","volume":700,"label":" ","price":38.4},{"type":"B","date":"2018-04-12T05:55:36.000Z","volume":100,"label":" ","price":38.4},{"type":"A","date":"2018-04-12T05:55:36.000Z","volume":100,"label":" ","price":38.4},{"type":"A","date":"2018-04-12T05:55:37.000Z","volume":200,"label":"Y","price":38.4},{"type":"U","date":"2018-04-12T05:56:21.000Z","volume":100,"label":"X","price":38.375},{"type":"B","date":"2018-04-12T05:56:42.000Z","volume":500,"label":" ","price":38.35},{"type":"A","date":"2018-04-12T05:56:43.000Z","volume":500,"label":"Y","price":38.4},{"type":"A","date":"2018-04-12T05:56:43.000Z","volume":500,"label":" ","price":38.4},{"type":"A","date":"2018-04-12T05:56:43.000Z","volume":200,"label":" ","price":38.4},{"type":"B","date":"2018-04-12T05:57:31.000Z","volume":400,"label":" ","price":38.35},{"type":"U","date":"2018-04-12T05:57:41.000Z","volume":100,"label":"X","price":38.375},{"type":"B","date":"2018-04-12T05:58:10.000Z","volume":300,"label":" ","price":38.35},{"type":"B","date":"2018-04-12T05:58:10.000Z","volume":100,"label":"Y","price":38.35},{"type":"B","date":"2018-04-12T05:58:10.000Z","volume":400,"label":" ","price":38.35},{"type":"B","date":"2018-04-12T05:58:12.000Z","volume":1900,"label":" ","price":38.3},{"type":"B","date":"2018-04-12T05:58:12.000Z","volume":300,"label":" ","price":38.3},{"type":"B","date":"2018-04-12T05:58:12.000Z","volume":300,"label":" ","price":38.3},{"type":"A","date":"2018-04-12T05:58:13.000Z","volume":1100,"label":"Y","price":38.3},{"type":"A","date":"2018-04-12T05:58:13.000Z","volume":100,"label":" ","price":38.3},{"type":"A","date":"2018-04-12T05:58:15.000Z","volume":300,"label":" ","price":38.3},{"type":"A","date":"2018-04-12T05:58:16.000Z","volume":100,"label":" ","price":38.3},{"type":"B","date":"2018-04-12T05:58:21.000Z","volume":1000,"label":" ","price":38.25},{"type":"B","date":"2018-04-12T05:58:27.000Z","volume":100,"label":" ","price":38.2},{"type":"B","date":"2018-04-12T05:58:30.000Z","volume":1100,"label":" ","price":38.2},{"type":"B","date":"2018-04-12T05:58:30.000Z","volume":5900,"label":" ","price":38.15},{"type":"B","date":"2018-04-12T05:58:30.000Z","volume":300,"label":" ","price":38.1},{"type":"A","date":"2018-04-12T05:58:30.000Z","volume":100,"label":" ","price":38.25},{"type":"A","date":"2018-04-12T05:58:30.000Z","volume":100,"label":" ","price":38.25},{"type":"B","date":"2018-04-12T05:58:36.000Z","volume":300,"label":" ","price":38.15},{"type":"A","date":"2018-04-12T05:58:37.000Z","volume":900,"label":" ","price":38.2},{"type":"A","date":"2018-04-12T05:58:37.000Z","volume":100,"label":" ","price":38.25},{"type":"A","date":"2018-04-12T05:58:37.000Z","volume":200,"label":" ","price":38.25},{"type":"B","date":"2018-04-12T05:58:45.000Z","volume":2000,"label":" ","price":38.2},{"type":"B","date":"2018-04-12T05:58:58.000Z","volume":400,"label":" ","price":38.2}