[{"type":"A","date":"2018-04-20T01:34:40.000Z","volume":36000,"label":" ","price":4.13},{"type":"B","date":"2018-04-20T01:35:27.000Z","volume":10000,"label":" ","price":4.1},{"type":"A","date":"2018-04-20T01:36:33.000Z","volume":500,"label":" ","price":4.14},{"type":"B","date":"2018-04-20T01:55:06.000Z","volume":4500,"label":" ","price":4.13},{"type":"B","date":"2018-04-20T01:55:06.000Z","volume":15500,"label":" ","price":4.12},{"type":"B","date":"2018-04-20T01:55:27.000Z","volume":10000,"label":" ","price":4.12},{"type":"B","date":"2018-04-20T01:55:37.000Z","volume":4000,"label":" ","price":4.12},{"type":"B","date":"2018-04-20T02:04:15.000Z","volume":1500,"label":" ","price":4.14},{"type":"B","date":"2018-04-20T02:04:30.000Z","volume":500,"label":" ","price":4.12},{"type":"U","date":"2018-04-20T02:05:00.000Z","volume":500,"label":" ","price":4.1},{"type":"U","date":"2018-04-20T02:05:15.000Z","volume":1000,"label":" ","price":4.1},{"type":"B","date":"2018-04-20T02:16:45.000Z","volume":4000,"label":" ","price":4.1},{"type":"B","date":"2018-04-20T02:34:59.000Z","volume":40000,"label":" ","price":4.09},{"type":"B","date":"2018-04-20T02:35:55.000Z","volume":19000,"label":" ","price":4.08},{"type":"B","date":"2018-04-20T02:53:36.000Z","volume":34000,"label":" ","price":4.09},{"type":"B","date":"2018-04-20T02:57:05.000Z","volume":6000,"label":" ","price":4.09},{"type":"A","date":"2018-04-20T03:00:20.000Z","volume":2000,"label":" ","price":4.1},{"type":"A","date":"2018-04-20T03:00:20.000Z","volume":1000,"label":" ","price":4.1},{"type":"A","date":"2018-04-20T03:00:20.000Z","volume":1000,"label":" ","price":4.1},{"type":"A","date":"2018-04-20T03:00:20.000Z","volume":1000,"label":" ","price":4.1},{"type":"A","date":"2018-04-20T03:00:20.000Z","volume":500,"label":" ","price":4.1},{"type":"A","date":"2018-04-20T03:00:20.000Z","volume":500,"label":" ","price":4.1},{"type":"A","date":"2018-04-20T03:00:20.000Z","volume":1000,"label":" ","price":4.1},{"type":"B","date":"2018-04-20T03:00:21.000Z","volume":10500,"label":" ","price":4.1},{"type":"B","date":"2018-04-20T03:00:56.000Z","volume":3000,"label":" ","price":4.1},{"type":"B","date":"2018-04-20T03:01:15.000Z","volume":500,"label":" ","price":4.1},{"type":"A","date":"2018-04-20T03:02:41.000Z","volume":500,"label":" ","price":4.1},{"type":"A","date":"2018-04-20T03:02:41.000Z","volume":20000,"label":" ","price":4.11},{"type":"A","date":"2018-04-20T03:13:28.000Z","volume":30000,"label":" ","price":4.09},{"type":"A","date":"2018-04-20T03:18:57.000Z","volume":20000,"label":" ","price":4.09},{"type":"A","date":"2018-04-20T03:19:35.000Z","volume":10000,"label":" ","price":4.09},{"type":"A","date":"2018-04-20T03:34:40.000Z","volume":16000,"label":" ","price":4.09},{"type":"A","date":"2018-04-20T03:35:27.000Z","volume":14000,"label":" ","price":4.09},{"type":"A","date":"2018-04-20T03:44:10.000Z","volume":500,"label":" ","price":4.1},{"type":"B","date":"2018-04-20T03:47:38.000Z","volume":16500,"label":" ","price":4.09},{"type":"B","date":"2018-04-20T03:49:08.000Z","volume":11000,"label":" ","price":4.09},{"type":"A","date":"2018-04-20T03:52:06.000Z","volume":18000,"label":" ","price":4.09},{"type":"B","date":"2018-04-20T03:57:00.000Z","volume":40000,"label":" ","price":4.09},{"type":"A","date":"2018-04-20T03:58:03.000Z","volume":20500,"label":" ","price":4.09},{"type":"A","date":"2018-04-20T05:12:31.000Z","volume":30000,"label":" ","price":4.09},{"type":"A","date":"2018-04-20T05:23:52.000Z","volume":500,"label":" ","price":4.1},{"type":"A","date":"2018-04-20T05:30:09.000Z","volume":15000,"label":" ","price":4.09},{"type":"A","date":"2018-04-20T05:30:59.000Z","volume":30000,"label":" ","price":4.09},{"type":"A","date":"2018-04-20T05:54:29.000Z","volume":1000,"label":" ","price":4.1},{"type":"B","date":"2018-04-20T05:54:41.000Z","volume":2000,"label":" ","price":4.09},{"type":"A","date":"2018-04-20T05:55:11.000Z","volume":18000,"label":" ","price":4.09},{"type":"A","date":"2018-04-20T05:55:23.000Z","volume":20000,"label":" ","price":4.09},{"type":"A","date":"2018-04-20T06:17:19.000Z","volume":38500,"label":" ","price":4.09},{"type":"A","date":"2018-04-20T06:26:06.000Z","volume":19000,"label":" ","price":4.09},{"type":"A","date":"2018-04-20T06:26:06.000Z","volume":1000,"label":" ","price":4.09},{"type":"A","date":"2018-04-20T06:26:51.000Z","volume":500,"label":" ","price":4.1},{"type":"A","date":"2018-04-20T06:27:28.000Z","volume":1000,"label":" ","price":4.1},{"type":"A","date":"2018-04-20T06:58:00.000Z","volume":500,"label":" ","price":4.1},{"type":"A","date":"2018-04-20T06:59:39.000Z","volume":1500,"label":" ","price":4.1},{"type":"A","date":"2018-04-20T06:59:39.000Z","volume":2000,"label":" ","price":4.1},{"type":"A","date":"2018-04-20T06:59:39.000Z","volume":1000,"label":" ","price":4.1},{"type":"A","date":"2018-04-20T06:59:39.000Z","volume":500,"label":" ","price":4.1},{"type":"B","date":"2018-04-20T06:59:39.000Z","volume":500,"label":" ","price":4.1},{"type":"B","date":"2018-04-20T06:59:39.000Z","volume":500,"label":" ","price":4.1},{"type":"B","date":"2018-04-20T06:59:39.000Z","volume":500,"label":" ","price":4.1},{"type":"B","date":"2018-04-20T06:59:40.000Z","volume":23500,"label":" ","price":4.1},{"type":"B","date":"2018-04-20T07:00:13.000Z","volume":1500,"label":" ","price":4.09},{"type":"B","date":"2018-04-20T07:08:39.000Z","volume":500,"label":" ","price":4.08},{"type":"B","date":"2018-04-20T07:09:36.000Z","volume":2500,"label":" ","price":4.08},{"type":"B","date":"2018-04-20T07:10:34.000Z","volume":3500,"label":" ","price":4.08},{"type":"A","date":"2018-04-20T07:19:07.000Z","volume":18000,"label":" ","price":4.09},{"type":"A","date":"2018-04-20T07:31:22.000Z","volume":1000000,"label":" ","price":4.08},{"type":"A","date":"2018-04-20T07:41:05.000Z","volume":25500,"label":" ","price":4.09},{"type":"A","date":"2018-04-20T07:42:45.000Z","volume":18000,"label":" ","price":4.09},{"type":"A","date":"2018-04-20T07:44:18.000Z","volume":10000,"label":" ","price":4.09},{"type":"A","date":"2018-04-20T07:49:13.000Z","volume":30000,"label":" ","price":4.09},{"type":"A","date":"2018-04-20T07:49:51.000Z","volume":32500,"label":" ","price":4.1},{"type":"A","date":"2018-04-20T07:49:51.000Z","volume":1500,"label":" ","price":4.11},{"type":"A","date":"2018-04-20T07:49:51.000Z","volume":1000,"label":" ","price":4.12},{"type":"A","date":"2018-04-20T07:49:51.000Z","volume":1500,"label":" ","price":4.13},{"type":"A","date":"2018-04-20T07:49:51.000Z","volume":33500,"label":" ","price":4.14},{"type":"A","date":"2018-04-20T07:54:12.000Z","volume":28500,"label":" ","price":4.09},{"type":"A","date":"2018-04-20T07:54:21.000Z","volume":8500,"label":" ","price":4.1},{"type":"A","date":"2018-04-20T07:54:21.000Z","volume":1000,"label":" ","price":4.11},{"type":"A","date":"2018-04-20T07:54:21.000Z","volume":1500,"label":" ","price":4.12},{"type":"A","date":"2018-04-20T07:54:21.000Z","volume":500,"label":" ","price":4.13},{"type":"A","date":"2018-04-20T07:54:21.000Z","volume":16500,"label":" ","price":4.14},{"type":"A","date":"2018-04-20T07:54:21.000Z","volume":2000,"label":"Y","price":4.15},{"type":"B","date":"2018-04-20T07:55:47.000Z","volume":500,"label":" ","price":4.1},{"type":"B","date":"2018-04-20T07:55:48.000Z","volume":500,"label":" ","price":4.1},{"type":"B","date":"2018-04-20T07:56:38.000Z","volume":500,"label":" ","price":4.12},{"type":"A","date":"2018-04-20T07:57:34.000Z","volume":1000,"label":" ","price":4.15},{"type":"B","date":"2018-04-20T07:57:53.000Z","volume":500,"label":" ","price":4.12},{"type":"A","date":"2018-04-20T07:58:31.000Z","volume":17000,"label":"Y","price":4.15},{"type":"A","date":"2018-04-20T07:58:31.000Z","volume":3000,"label":" ","price":4.18},{"type":"B","date":"2018-04-20T07:58:56.000Z","volume":500,"label":" ","price":4.12},{"type":"A","date":"2018-04-20T07:59:08.000Z","volume":20000,"label":"Y","price":4.15},{"type":"A","date":"2018-04-20T07:59:08.000Z","volume":10000,"label":" ","price":4.18},{"type":"A","date":"2018-04-20T07:59:32.000Z","volume":500,"label":" ","price":4.14},{"type":"A","date":"2018-04-20T07:59:32.000Z","volume":9500,"label":"Y","price":4.15},{"type":"A","date":"2018-04-20T07:59:45.000Z","volume":10500,"label":"Y","price":4.15},{"type":"A","date":"2018-04-20T07:59:45.000Z","volume":19500,"label":" ","price":4.18}]