[{"type":"A","date":"2018-03-13T07:59:06.000Z","volume":45600,"price":7.72,"category":"ubbull"},{"type":"A","date":"2018-03-13T07:54:07.000Z","volume":38000,"price":7.75,"category":"ubbull"},{"type":"A","date":"2018-03-13T07:53:45.000Z","volume":28400,"price":7.75,"category":"ubbull"},{"type":"A","date":"2018-03-13T07:53:14.000Z","volume":52400,"price":7.73,"category":"ubbull"},{"type":"A","date":"2018-03-13T07:53:14.000Z","volume":67600,"price":7.72,"category":"ubbull"},{"type":"A","date":"2018-03-13T07:51:41.000Z","volume":50000,"price":7.73,"category":"ubbull"},{"type":"A","date":"2018-03-13T07:50:36.000Z","volume":50000,"price":7.73,"category":"ubbull"},{"type":"A","date":"2018-03-13T07:30:22.000Z","volume":100000,"price":7.75,"category":"ubbull"},{"type":"A","date":"2018-03-13T07:29:48.000Z","volume":139600,"price":7.75,"category":"ubbull"},{"type":"A","date":"2018-03-13T07:29:48.000Z","volume":95600,"price":7.74,"category":"ubbull"},{"type":"A","date":"2018-03-13T07:29:48.000Z","volume":26400,"price":7.73,"category":"ubbull"},{"type":"A","date":"2018-03-13T07:29:48.000Z","volume":88400,"price":7.72,"category":"ubbull"},{"type":"A","date":"2018-03-13T07:16:57.000Z","volume":47600,"price":7.73,"category":"ubbull"},{"type":"A","date":"2018-03-13T07:16:57.000Z","volume":41600,"price":7.73,"category":"ubbull"},{"type":"A","date":"2018-03-13T07:16:57.000Z","volume":31200,"price":7.72,"category":"ubbull"},{"type":"A","date":"2018-03-13T07:16:57.000Z","volume":105600,"price":7.71,"category":"ubbull"},{"type":"A","date":"2018-03-13T07:02:11.000Z","volume":144800,"price":7.73,"category":"ubbull"},{"type":"A","date":"2018-03-13T06:39:43.000Z","volume":59200,"price":7.74,"category":"ubbull"},{"type":"A","date":"2018-03-13T06:39:43.000Z","volume":21200,"price":7.73,"category":"ubbull"},{"type":"A","date":"2018-03-13T06:39:43.000Z","volume":24400,"price":7.73,"category":"ubbull"},{"type":"A","date":"2018-03-13T06:39:43.000Z","volume":38400,"price":7.72,"category":"ubbull"},{"type":"A","date":"2018-03-13T06:39:43.000Z","volume":58000,"price":7.71,"category":"ubbull"},{"type":"A","date":"2018-03-13T06:10:41.000Z","volume":44800,"price":7.72,"category":"ubbull"},{"type":"A","date":"2018-03-13T06:10:41.000Z","volume":86400,"price":7.71,"category":"ubbull"},{"type":"A","date":"2018-03-13T05:51:11.000Z","volume":80400,"price":7.72,"category":"ubbull"},{"type":"A","date":"2018-03-13T05:50:01.000Z","volume":135600,"price":7.72,"category":"ubbull"},{"type":"A","date":"2018-03-13T05:39:11.000Z","volume":52400,"price":7.74,"category":"ubbull"},{"type":"A","date":"2018-03-13T05:39:11.000Z","volume":22800,"price":7.73,"category":"ubbull"},{"type":"A","date":"2018-03-13T05:39:11.000Z","volume":97200,"price":7.72,"category":"ubbull"},{"type":"A","date":"2018-03-13T05:27:56.000Z","volume":24000,"price":7.72,"category":"ubbull"},{"type":"A","date":"2018-03-13T05:25:35.000Z","volume":70000,"price":7.72,"category":"ubbull"},{"type":"A","date":"2018-03-13T05:20:50.000Z","volume":239600,"price":7.75,"category":"ubbull"},{"type":"A","date":"2018-03-13T05:20:50.000Z","volume":18800,"price":7.74,"category":"ubbull"},{"type":"A","date":"2018-03-13T05:20:50.000Z","volume":147600,"price":7.73,"category":"ubbull"},{"type":"A","date":"2018-03-13T05:20:50.000Z","volume":71200,"price":7.72,"category":"ubbull"},{"type":"A","date":"2018-03-13T05:18:55.000Z","volume":20000,"price":7.71,"category":"ubbull"},{"type":"A","date":"2018-03-13T05:18:41.000Z","volume":40000,"price":7.71,"category":"ubbull"},{"type":"A","date":"2018-03-13T05:14:55.000Z","volume":21600,"price":7.71,"category":"ubbull"},{"type":"A","date":"2018-03-13T05:14:43.000Z","volume":45200,"price":7.7,"category":"ubbull"},{"type":"A","date":"2018-03-13T05:05:49.000Z","volume":18800,"price":7.7,"category":"ubbull"},{"type":"A","date":"2018-03-13T05:00:00.000Z","volume":100000,"price":7.7,"category":"ubbull"},{"type":"A","date":"2018-03-13T03:56:55.000Z","volume":18800,"price":7.67,"category":"ubbull"},{"type":"A","date":"2018-03-13T03:56:47.000Z","volume":46000,"price":7.65,"category":"ubbull"},{"type":"A","date":"2018-03-13T03:22:26.000Z","volume":19200,"price":7.7,"category":"ubbull"},{"type":"A","date":"2018-03-13T03:13:00.000Z","volume":48000,"price":7.7,"category":"ubbull"},{"type":"A","date":"2018-03-13T02:54:24.000Z","volume":44800,"price":7.7,"category":"ubbull"},{"type":"A","date":"2018-03-13T02:54:24.000Z","volume":104000,"price":7.7,"category":"ubbull"},{"type":"A","date":"2018-03-13T02:53:12.000Z","volume":23200,"price":7.7,"category":"ubbull"},{"type":"A","date":"2018-03-13T02:52:56.000Z","volume":46000,"price":7.7,"category":"ubbull"},{"type":"A","date":"2018-03-13T02:52:53.000Z","volume":47600,"price":7.69,"category":"ubbull"},{"type":"A","date":"2018-03-13T02:52:42.000Z","volume":20800,"price":7.69,"category":"ubbull"},{"type":"A","date":"2018-03-13T02:52:42.000Z","volume":131200,"price":7.68,"category":"ubbull"},{"type":"A","date":"2018-03-13T02:51:59.000Z","volume":24400,"price":7.66,"category":"ubbull"},{"type":"A","date":"2018-03-13T02:50:46.000Z","volume":40000,"price":7.65,"category":"ubbull"},{"type":"A","date":"2018-03-13T02:36:22.000Z","volume":50000,"price":7.65,"category":"ubbull"},{"type":"A","date":"2018-03-13T02:29:54.000Z","volume":20000,"price":7.65,"category":"ubbull"},{"type":"A","date":"2018-03-13T02:25:51.000Z","volume":59600,"price":7.64,"category":"ubbull"},{"type":"A","date":"2018-03-13T02:21:13.000Z","volume":60800,"price":7.64,"category":"ubbull"},{"type":"A","date":"2018-03-13T02:18:55.000Z","volume":42800,"price":7.61,"category":"ubbull"},{"type":"A","date":"2018-03-13T02:18:11.000Z","volume":54000,"price":7.59,"category":"ubbull"},{"type":"A","date":"2018-03-13T01:58:48.000Z","volume":18800,"price":7.58,"category":"ubbull"},{"type":"A","date":"2018-03-13T01:53:43.000Z","volume":37200,"price":7.57,"category":"ubbull"},{"type":"A","date":"2018-03-13T01:47:06.000Z","volume":19600,"price":7.57,"category":"ubbull"},{"type":"A","date":"2018-03-13T01:41:13.000Z","volume":32000,"price":7.59,"category":"ubbull"},{"type":"A","date":"2018-03-13T01:36:34.000Z","volume":22400,"price":7.58,"category":"ubbull"},{"type":"A","date":"2018-03-13T01:34:23.000Z","volume":26800,"price":7.63,"category":"ubbull"},{"type":"A","date":"2018-03-13T01:33:51.000Z","volume":26000,"price":7.63,"category":"ubbull"},{"type":"A","date":"2018-03-13T07:54:07.000Z","volume":12000,"price":7.76,"category":"bbull"},{"type":"A","date":"2018-03-13T07:53:45.000Z","volume":9200,"price":7.74,"category":"bbull"},{"type":"A","date":"2018-03-13T07:53:45.000Z","volume":12400,"price":7.73,"category":"bbull"},{"type":"A","date":"2018-03-13T07:40:09.000Z","volume":10000,"price":7.73,"category":"bbull"},{"type":"A","date":"2018-03-13T07:24:17.000Z","volume":10000,"price":7.74,"category":"bbull"},{"type":"A","date":"2018-03-13T06:44:22.000Z","volume":10000,"price":7.76,"category":"bbull"},{"type":"A","date":"2018-03-13T06:39:43.000Z","volume":16000,"price":7.75,"category":"bbull"},{"type":"A","date":"2018-03-13T06:36:29.000Z","volume":10000,"price":7.71,"category":"bbull"},{"type":"A","date":"2018-03-13T06:32:16.000Z","volume":7200,"price":7.72,"category":"bbull"},{"type":"A","date":"2018-03-13T06:24:03.000Z","volume":10000,"price":7.74,"category":"bbull"},{"type":"A","date":"2018-03-13T06:10:41.000Z","volume":15200,"price":7.73,"category":"bbull"},{"type":"A","date":"2018-03-13T05:41:05.000Z","volume":4800,"price":7.72,"category":"bbull"},{"type":"A","date":"2018-03-13T05:41:05.000Z","volume":9200,"price":7.72,"category":"bbull"},{"type":"A","date":"2018-03-13T05:30:56.000Z","volume":11200,"price":7.73,"category":"bbull"},{"type":"A","date":"2018-03-13T05:24:48.000Z","volume":8800,"price":7.71,"category":"bbull"},{"type":"A","date":"2018-03-13T05:24:46.000Z","volume":7200,"price":7.72,"category":"bbull"},{"type":"A","date":"2018-03-13T05:24:42.000Z","volume":5600,"price":7.72,"category":"bbull"},{"type":"A","date":"2018-03-13T05:24:30.000Z","volume":17200,"price":7.75,"category":"bbull"},{"type":"A","date":"2018-03-13T05:21:42.000Z","volume":14400,"price":7.76,"category":"bbull"},{"type":"A","date":"2018-03-13T05:21:21.000Z","volume":14400,"price":7.74,"category":"bbull"},{"type":"A","date":"2018-03-13T05:21:06.000Z","volume":6400,"price":7.74,"category":"bbull"},{"type":"A","date":"2018-03-13T05:21:06.000Z","volume":10400,"price":7.74,"category":"bbull"},{"type":"A","date":"2018-03-13T05:20:50.000Z","volume":8800,"price":7.74,"category":"bbull"},{"type":"A","date":"2018-03-13T05:20:50.000Z","volume":13200,"price":7.71,"category":"bbull"},{"type":"A","date":"2018-03-13T05:16:33.000Z","volume":5200,"price":7.71,"category":"bbull"},{"type":"A","date":"2018-03-13T05:11:50.000Z","volume":6400,"price":7.7,"category":"bbull"},{"type":"A","date":"2018-03-13T05:11:42.000Z","volume":10400,"price":7.69,"category":"bbull"},{"type":"A","date":"2018-03-13T05:00:48.000Z","volume":8000,"price":7.71,"category":"bbull"},{"type":"A","date":"2018-03-13T05:00:07.000Z","volume":12400,"price":7.71,"category":"bbull"},{"type":"A","date":"2018-03-13T05:00:06.000Z","volume":11200,"price":7.71,"category":"bbull"},{"type":"A","date":"2018-03-13T05:00:06.000Z","volume":8000,"price":7.71,"category":"bbull"},{"type":"A","date":"2018-03-13T05:00:05.000Z","volume":9200,"price":7.71,"category":"bbull"},{"type":"A","date":"2018-03-13T05:00:05.000Z","volume":8000,"price":7.71,"category":"bbull"},{"type":"A","date":"2018-03-13T05:00:05.000Z","volume":15200,"price":7.71,"category":"bbull"},{"type":"A","date":"2018-03-13T05:00:05.000Z","volume":4800,"price":7.7,"category":"bbull"},{"type":"A","date":"2018-03-13T05:00:00.000Z","volume":14400,"price":7.7,"category":"bbull"},{"type":"A","date":"2018-03-13T03:57:27.000Z","volume":5200,"price":7.7,"category":"bbull"},{"type":"A","date":"2018-03-13T03:57:19.000Z","volume":9200,"price":7.7,"category":"bbull"},{"type":"A","date":"2018-03-13T03:57:12.000Z","volume":5200,"price":7.7,"category":"bbull"},{"type":"A","date":"2018-03-13T03:57:11.000Z","volume":13200,"price":7.7,"category":"bbull"},{"type":"A","date":"2018-03-13T03:57:11.000Z","volume":8400,"price":7.7,"category":"bbull"},{"type":"A","date":"2018-03-13T03:57:03.000Z","volume":5600,"price":7.69,"category":"bbull"},{"type":"A","date":"2018-03-13T03:56:51.000Z","volume":17600,"price":7.66,"category":"bbull"},{"type":"A","date":"2018-03-13T03:47:26.000Z","volume":5200,"price":7.65,"category":"bbull"},{"type":"A","date":"2018-03-13T03:47:20.000Z","volume":6800,"price":7.65,"category":"bbull"},{"type":"A","date":"2018-03-13T03:47:18.000Z","volume":10400,"price":7.65,"category":"bbull"},{"type":"A","date":"2018-03-13T03:47:15.000Z","volume":14000,"price":7.65,"category":"bbull"},{"type":"A","date":"2018-03-13T03:47:10.000Z","volume":5200,"price":7.64,"category":"bbull"},{"type":"A","date":"2018-03-13T03:47:10.000Z","volume":7600,"price":7.64,"category":"bbull"},{"type":"A","date":"2018-03-13T03:43:33.000Z","volume":4800,"price":7.65,"category":"bbull"},{"type":"A","date":"2018-03-13T03:43:17.000Z","volume":8000,"price":7.66,"category":"bbull"},{"type":"A","date":"2018-03-13T03:43:09.000Z","volume":6800,"price":7.65,"category":"bbull"},{"type":"A","date":"2018-03-13T03:43:05.000Z","volume":6000,"price":7.64,"category":"bbull"},{"type":"A","date":"2018-03-13T03:43:02.000Z","volume":8000,"price":7.63,"category":"bbull"},{"type":"A","date":"2018-03-13T03:43:02.000Z","volume":9600,"price":7.62,"category":"bbull"},{"type":"A","date":"2018-03-13T03:43:01.000Z","volume":6400,"price":7.62,"category":"bbull"},{"type":"A","date":"2018-03-13T03:37:08.000Z","volume":10000,"price":7.66,"category":"bbull"},{"type":"A","date":"2018-03-13T03:37:04.000Z","volume":4800,"price":7.65,"category":"bbull"},{"type":"A","date":"2018-03-13T03:37:04.000Z","volume":7600,"price":7.65,"category":"bbull"},{"type":"A","date":"2018-03-13T03:37:00.000Z","volume":11200,"price":7.65,"category":"bbull"},{"type":"A","date":"2018-03-13T03:36:52.000Z","volume":6400,"price":7.65,"category":"bbull"},{"type":"A","date":"2018-03-13T03:32:03.000Z","volume":7200,"price":7.66,"category":"bbull"},{"type":"A","date":"2018-03-13T03:31:50.000Z","volume":8000,"price":7.66,"category":"bbull"},{"type":"A","date":"2018-03-13T03:28:03.000Z","volume":10400,"price":7.67,"category":"bbull"},{"type":"A","date":"2018-03-13T03:27:51.000Z","volume":4800,"price":7.67,"category":"bbull"},{"type":"A","date":"2018-03-13T03:27:48.000Z","volume":7200,"price":7.67,"category":"bbull"},{"type":"A","date":"2018-03-13T03:27:14.000Z","volume":9600,"price":7.68,"category":"bbull"},{"type":"A","date":"2018-03-13T03:27:03.000Z","volume":7600,"price":7.68,"category":"bbull"},{"type":"A","date":"2018-03-13T03:22:42.000Z","volume":5600,"price":7.7,"category":"bbull"},{"type":"A","date":"2018-03-13T03:22:36.000Z","volume":10000,"price":7.7,"category":"bbull"},{"type":"A","date":"2018-03-13T03:22:34.000Z","volume":6000,"price":7.7,"category":"bbull"},{"type":"A","date":"2018-03-13T03:13:01.000Z","volume":10800,"price":7.71,"category":"bbull"},{"type":"A","date":"2018-03-13T03:13:00.000Z","volume":6800,"price":7.71,"category":"bbull"},{"type":"A","date":"2018-03-13T03:12:52.000Z","volume":4800,"price":7.7,"category":"bbull"},{"type":"A","date":"2018-03-13T03:10:48.000Z","volume":6000,"price":7.71,"category":"bbull"},{"type":"A","date":"2018-03-13T03:08:00.000Z","volume":5200,"price":7.71,"category":"bbull"},{"type":"A","date":"2018-03-13T03:05:22.000Z","volume":6800,"price":7.71,"category":"bbull"},{"type":"A","date":"2018-03-13T03:05:22.000Z","volume":8800,"price":7.71,"category":"bbull"},{"type":"A","date":"2018-03-13T02:54:24.000Z","volume":5600,"price":7.7,"category":"bbull"},{"type":"A","date":"2018-03-13T02:53:44.000Z","volume":12000,"price":7.69,"category":"bbull"},{"type":"A","date":"2018-03-13T02:53:28.000Z","volume":10000,"price":7.7,"category":"bbull"},{"type":"A","date":"2018-03-13T02:53:14.000Z","volume":5200,"price":7.7,"category":"bbull"},{"type":"A","date":"2018-03-13T02:53:06.000Z","volume":5200,"price":7.7,"category":"bbull"},{"type":"A","date":"2018-03-13T02:53:04.000Z","volume":17600,"price":7.7,"category":"bbull"},{"type":"A","date":"2018-03-13T02:52:58.000Z","volume":7200,"price":7.7,"category":"bbull"},{"type":"A","date":"2018-03-13T02:52:54.000Z","volume":6400,"price":7.7,"category":"bbull"},{"type":"A","date":"2018-03-13T02:36:37.000Z","volume":5600,"price":7.66,"category":"bbull"},{"type":"A","date":"2018-03-13T02:36:29.000Z","volume":15200,"price":7.65,"category":"bbull"},{"type":"A","date":"2018-03-13T02:30:08.000Z","volume":6400,"price":7.65,"category":"bbull"},{"type":"A","date":"2018-03-13T02:27:35.000Z","volume":8000,"price":7.65,"category":"bbull"},{"type":"A","date":"2018-03-13T02:25:52.000Z","volume":9200,"price":7.65,"category":"bbull"},{"type":"A","date":"2018-03-13T02:21:50.000Z","volume":5200,"price":7.65,"category":"bbull"},{"type":"A","date":"2018-03-13T02:21:33.000Z","volume":8000,"price":7.65,"category":"bbull"},{"type":"A","date":"2018-03-13T02:21:15.000Z","volume":5200,"price":7.65,"category":"bbull"},{"type":"A","date":"2018-03-13T02:21:14.000Z","volume":12800,"price":7.65,"category":"bbull"},{"type":"A","date":"2018-03-13T02:21:13.000Z","volume":6000,"price":7.64,"category":"bbull"},{"type":"A","date":"2018-03-13T02:19:02.000Z","volume":5600,"price":7.64,"category":"bbull"},{"type":"A","date":"2018-03-13T02:18:12.000Z","volume":10400,"price":7.59,"category":"bbull"},{"type":"A","date":"2018-03-13T02:16:09.000Z","volume":6400,"price":7.59,"category":"bbull"},{"type":"A","date":"2018-03-13T02:10:03.000Z","volume":10000,"price":7.59,"category":"bbull"},{"type":"A","date":"2018-03-13T02:09:43.000Z","volume":7600,"price":7.59,"category":"bbull"},{"type":"A","date":"2018-03-13T02:09:34.000Z","volume":9200,"price":7.59,"category":"bbull"},{"type":"A","date":"2018-03-13T02:09:34.000Z","volume":10800,"price":7.58,"category":"bbull"},{"type":"A","date":"2018-03-13T02:09:34.000Z","volume":6800,"price":7.58,"category":"bbull"},{"type":"A","date":"2018-03-13T02:08:54.000Z","volume":9600,"price":7.58,"category":"bbull"},{"type":"A","date":"2018-03-13T02:08:22.000Z","volume":8000,"price":7.56,"category":"bbull"},{"type":"A","date":"2018-03-13T02:08:22.000Z","volume":10000,"price":7.55,"category":"bbull"},{"type":"A","date":"2018-03-13T02:07:23.000Z","volume":10000,"price":7.56,"category":"bbull"},{"type":"A","date":"2018-03-13T02:06:04.000Z","volume":5600,"price":7.56,"category":"bbull"},{"type":"A","date":"2018-03-13T02:04:57.000Z","volume":7200,"price":7.56,"category":"bbull"},{"type":"A","date":"2018-03-13T02:03:54.000Z","volume":10000,"price":7.58,"category":"bbull"},{"type":"A","date":"2018-03-13T02:03:42.000Z","volume":16400,"price":7.58,"category":"bbull"},{"type":"A","date":"2018-03-13T02:01:56.000Z","volume":7200,"price":7.56,"category":"bbull"},{"type":"A","date":"2018-03-13T02:01:54.000Z","volume":5600,"price":7.56,"category":"bbull"},{"type":"A","date":"2018-03-13T02:01:53.000Z","volume":8400,"price":7.56,"category":"bbull"},{"type":"A","date":"2018-03-13T02:01:52.000Z","volume":6000,"price":7.56,"category":"bbull"},{"type":"A","date":"2018-03-13T02:01:51.000Z","volume":10000,"price":7.55,"category":"bbull"},{"type":"A","date":"2018-03-13T02:01:50.000Z","volume":5600,"price":7.55,"category":"bbull"},{"type":"A","date":"2018-03-13T02:01:47.000Z","volume":7600,"price":7.57,"category":"bbull"},{"type":"A","date":"2018-03-13T01:59:46.000Z","volume":12800,"price":7.58,"category":"bbull"},{"type":"A","date":"2018-03-13T01:53:44.000Z","volume":6000,"price":7.58,"category":"bbull"},{"type":"A","date":"2018-03-13T01:48:32.000Z","volume":5600,"price":7.59,"category":"bbull"},{"type":"A","date":"2018-03-13T01:48:13.000Z","volume":4800,"price":7.59,"category":"bbull"},{"type":"A","date":"2018-03-13T01:47:07.000Z","volume":8000,"price":7.58,"category":"bbull"},{"type":"A","date":"2018-03-13T01:47:06.000Z","volume":8000,"price":7.56,"category":"bbull"},{"type":"A","date":"2018-03-13T01:46:57.000Z","volume":6800,"price":7.57,"category":"bbull"},{"type":"A","date":"2018-03-13T01:44:28.000Z","volume":10000,"price":7.61,"category":"bbull"},{"type":"A","date":"2018-03-13T01:44:02.000Z","volume":15600,"price":7.6,"category":"bbull"},{"type":"A","date":"2018-03-13T01:41:55.000Z","volume":4800,"price":7.59,"category":"bbull"},{"type":"A","date":"2018-03-13T01:36:20.000Z","volume":6400,"price":7.57,"category":"bbull"},{"type":"A","date":"2018-03-13T01:35:27.000Z","volume":9200,"price":7.57,"category":"bbull"},{"type":"A","date":"2018-03-13T01:35:23.000Z","volume":4800,"price":7.57,"category":"bbull"},{"type":"A","date":"2018-03-13T01:34:27.000Z","volume":6000,"price":7.63,"category":"bbull"},{"type":"A","date":"2018-03-13T01:34:12.000Z","volume":11600,"price":7.64,"category":"bbull"},{"type":"A","date":"2018-03-13T01:32:43.000Z","volume":6000,"price":7.63,"category":"bbull"},{"type":"A","date":"2018-03-13T01:31:57.000Z","volume":9200,"price":7.62,"category":"bbull"},{"type":"A","date":"2018-03-13T01:31:36.000Z","volume":7600,"price":7.59,"category":"bbull"},{"type":"A","date":"2018-03-13T01:31:36.000Z","volume":17200,"price":7.58,"category":"bbull"},{"type":"A","date":"2018-03-13T01:30:42.000Z","volume":7600,"price":7.61,"category":"bbull"},{"type":"A","date":"2018-03-13T01:30:42.000Z","volume":12400,"price":7.6,"category":"bbull"},{"type":"A","date":"2018-03-13T01:30:16.000Z","volume":5200,"price":7.66,"category":"bbull"},{"type":"A","date":"2018-03-13T01:30:10.000Z","volume":5600,"price":7.67,"category":"bbull"},{"type":"A","date":"2018-03-13T07:59:27.000Z","volume":400,"price":7.72,"category":"rbull"},{"type":"A","date":"2018-03-13T07:58:36.000Z","volume":400,"price":7.73,"category":"rbull"},{"type":"A","date":"2018-03-13T07:54:30.000Z","volume":400,"price":7.75,"category":"rbull"},{"type":"A","date":"2018-03-13T07:51:41.000Z","volume":400,"price":7.73,"category":"rbull"},{"type":"A","date":"2018-03-13T07:50:24.000Z","volume":400,"price":7.73,"category":"rbull"},{"type":"A","date":"2018-03-13T07:50:11.000Z","volume":400,"price":7.73,"category":"rbull"},{"type":"A","date":"2018-03-13T07:49:05.000Z","volume":400,"price":7.73,"category":"rbull"},{"type":"A","date":"2018-03-13T07:48:06.000Z","volume":400,"price":7.73,"category":"rbull"},{"type":"A","date":"2018-03-13T07:46:45.000Z","volume":400,"price":7.73,"category":"rbull"},{"type":"A","date":"2018-03-13T07:45:30.000Z","volume":400,"price":7.73,"category":"rbull"},{"type":"A","date":"2018-03-13T07:41:36.000Z","volume":400,"price":7.73,"category":"rbull"},{"type":"A","date":"2018-03-13T07:40:36.000Z","volume":400,"price":7.73,"category":"rbull"},{"type":"A","date":"2018-03-13T07:39:31.000Z","volume":400,"price":7.73,"category":"rbull"},{"type":"A","date":"2018-03-13T07:24:28.000Z","volume":400,"price":7.73,"category":"rbull"},{"type":"A","date":"2018-03-13T07:22:51.000Z","volume":400,"price":7.74,"category":"rbull"},{"type":"A","date":"2018-03-13T07:22:46.000Z","volume":400,"price":7.74,"category":"rbull"},{"type":"A","date":"2018-03-13T07:21:56.000Z","volume":400,"price":7.74,"category":"rbull"},{"type":"A","date":"2018-03-13T06:59:56.000Z","volume":400,"price":7.73,"category":"rbull"},{"type":"A","date":"2018-03-13T06:59:35.000Z","volume":400,"price":7.73,"category":"rbull"},{"type":"A","date":"2018-03-13T06:57:57.000Z","volume":400,"price":7.73,"category":"rbull"},{"type":"A","date":"2018-03-13T06:55:11.000Z","volume":400,"price":7.73,"category":"rbull"},{"type":"A","date":"2018-03-13T06:54:07.000Z","volume":400,"price":7.73,"category":"rbull"},{"type":"A","date":"2018-03-13T06:45:23.000Z","volume":400,"price":7.76,"category":"rbull"},{"type":"A","date":"2018-03-13T06:45:08.000Z","volume":400,"price":7.76,"category":"rbull"},{"type":"A","date":"2018-03-13T06:43:09.000Z","volume":400,"price":7.76,"category":"rbull"},{"type":"A","date":"2018-03-13T06:36:19.000Z","volume":400,"price":7.71,"category":"rbull"},{"type":"A","date":"2018-03-13T06:31:36.000Z","volume":400,"price":7.73,"category":"rbull"},{"type":"A","date":"2018-03-13T06:29:21.000Z","volume":400,"price":7.74,"category":"rbull"},{"type":"A","date":"2018-03-13T06:27:45.000Z","volume":400,"price":7.74,"category":"rbull"},{"type":"A","date":"2018-03-13T06:25:40.000Z","volume":400,"price":7.74,"category":"rbull"},{"type":"A","date":"2018-03-13T06:23:30.000Z","volume":400,"price":7.74,"category":"rbull"},{"type":"A","date":"2018-03-13T06:22:32.000Z","volume":400,"price":7.74,"category":"rbull"},{"type":"A","date":"2018-03-13T06:20:15.000Z","volume":400,"price":7.74,"category":"rbull"},{"type":"A","date":"2018-03-13T06:19:07.000Z","volume":400,"price":7.74,"category":"rbull"},{"type":"A","date":"2018-03-13T06:16:05.000Z","volume":400,"price":7.74,"category":"rbull"},{"type":"A","date":"2018-03-13T06:10:41.000Z","volume":400,"price":7.75,"category":"rbull"},{"type":"A","date":"2018-03-13T06:08:50.000Z","volume":400,"price":7.71,"category":"rbull"},{"type":"A","date":"2018-03-13T06:07:53.000Z","volume":400,"price":7.71,"category":"rbull"},{"type":"A","date":"2018-03-13T06:05:53.000Z","volume":400,"price":7.71,"category":"rbull"},{"type":"A","date":"2018-03-13T05:21:21.000Z","volume":400,"price":7.74,"category":"rbull"},{"type":"A","date":"2018-03-13T05:21:00.000Z","volume":400,"price":7.74,"category":"rbull"},{"type":"A","date":"2018-03-13T05:12:54.000Z","volume":400,"price":7.7,"category":"rbull"},{"type":"A","date":"2018-03-13T05:12:14.000Z","volume":400,"price":7.7,"category":"rbull"},{"type":"A","date":"2018-03-13T05:11:42.000Z","volume":400,"price":7.7,"category":"rbull"},{"type":"A","date":"2018-03-13T05:01:01.000Z","volume":400,"price":7.71,"category":"rbull"},{"type":"A","date":"2018-03-13T05:00:07.000Z","volume":400,"price":7.71,"category":"rbull"},{"type":"A","date":"2018-03-13T03:57:51.000Z","volume":400,"price":7.7,"category":"rbull"},{"type":"A","date":"2018-03-13T03:57:43.000Z","volume":400,"price":7.7,"category":"rbull"},{"type":"A","date":"2018-03-13T03:56:56.000Z","volume":400,"price":7.68,"category":"rbull"},{"type":"A","date":"2018-03-13T03:56:39.000Z","volume":400,"price":7.65,"category":"rbull"},{"type":"A","date":"2018-03-13T03:56:23.000Z","volume":400,"price":7.65,"category":"rbull"},{"type":"A","date":"2018-03-13T03:53:42.000Z","volume":400,"price":7.65,"category":"rbull"},{"type":"A","date":"2018-03-13T03:51:34.000Z","volume":400,"price":7.65,"category":"rbull"},{"type":"A","date":"2018-03-13T03:47:58.000Z","volume":400,"price":7.65,"category":"rbull"},{"type":"A","date":"2018-03-13T03:47:42.000Z","volume":400,"price":7.65,"category":"rbull"},{"type":"A","date":"2018-03-13T03:47:12.000Z","volume":400,"price":7.65,"category":"rbull"},{"type":"A","date":"2018-03-13T03:46:21.000Z","volume":400,"price":7.67,"category":"rbull"},{"type":"A","date":"2018-03-13T03:44:05.000Z","volume":400,"price":7.67,"category":"rbull"},{"type":"A","date":"2018-03-13T03:41:41.000Z","volume":400,"price":7.65,"category":"rbull"},{"type":"A","date":"2018-03-13T03:41:33.000Z","volume":400,"price":7.65,"category":"rbull"},{"type":"A","date":"2018-03-13T03:41:09.000Z","volume":400,"price":7.65,"category":"rbull"},{"type":"A","date":"2018-03-13T03:40:20.000Z","volume":400,"price":7.65,"category":"rbull"},{"type":"A","date":"2018-03-13T03:37:32.000Z","volume":400,"price":7.66,"category":"rbull"},{"type":"A","date":"2018-03-13T03:35:56.000Z","volume":400,"price":7.66,"category":"rbull"},{"type":"A","date":"2018-03-13T03:34:35.000Z","volume":400,"price":7.66,"category":"rbull"},{"type":"A","date":"2018-03-13T03:32:27.000Z","volume":400,"price":7.66,"category":"rbull"},{"type":"A","date":"2018-03-13T03:32:19.000Z","volume":400,"price":7.66,"category":"rbull"},{"type":"A","date":"2018-03-13T03:30:43.000Z","volume":400,"price":7.67,"category":"rbull"},{"type":"A","date":"2018-03-13T03:28:51.000Z","volume":400,"price":7.67,"category":"rbull"},{"type":"A","date":"2018-03-13T03:28:35.000Z","volume":400,"price":7.67,"category":"rbull"},{"type":"A","date":"2018-03-13T03:25:30.000Z","volume":400,"price":7.7,"category":"rbull"},{"type":"A","date":"2018-03-13T03:25:14.000Z","volume":400,"price":7.7,"category":"rbull"},{"type":"A","date":"2018-03-13T03:24:58.000Z","volume":400,"price":7.7,"category":"rbull"},{"type":"A","date":"2018-03-13T03:22:27.000Z","volume":400,"price":7.7,"category":"rbull"},{"type":"A","date":"2018-03-13T03:13:02.000Z","volume":400,"price":7.71,"category":"rbull"},{"type":"A","date":"2018-03-13T03:13:01.000Z","volume":400,"price":7.71,"category":"rbull"},{"type":"A","date":"2018-03-13T03:08:02.000Z","volume":400,"price":7.71,"category":"rbull"},{"type":"A","date":"2018-03-13T03:05:22.000Z","volume":400,"price":7.71,"category":"rbull"},{"type":"A","date":"2018-03-13T03:05:04.000Z","volume":400,"price":7.71,"category":"rbull"},{"type":"A","date":"2018-03-13T03:04:37.000Z","volume":400,"price":7.71,"category":"rbull"},{"type":"A","date":"2018-03-13T03:04:01.000Z","volume":400,"price":7.71,"category":"rbull"},{"type":"A","date":"2018-03-13T03:03:51.000Z","volume":400,"price":7.71,"category":"rbull"},{"type":"A","date":"2018-03-13T03:03:47.000Z","volume":400,"price":7.71,"category":"rbull"},{"type":"A","date":"2018-03-13T03:00:15.000Z","volume":400,"price":7.71,"category":"rbull"},{"type":"A","date":"2018-03-13T02:59:51.000Z","volume":400,"price":7.71,"category":"rbull"},{"type":"A","date":"2018-03-13T02:53:17.000Z","volume":400,"price":7.7,"category":"rbull"},{"type":"A","date":"2018-03-13T02:53:06.000Z","volume":400,"price":7.7,"category":"rbull"},{"type":"A","date":"2018-03-13T02:52:58.000Z","volume":400,"price":7.7,"category":"rbull"},{"type":"A","date":"2018-03-13T02:52:42.000Z","volume":400,"price":7.69,"category":"rbull"},{"type":"A","date":"2018-03-13T02:52:24.000Z","volume":400,"price":7.68,"category":"rbull"},{"type":"A","date":"2018-03-13T02:51:28.000Z","volume":400,"price":7.66,"category":"rbull"},{"type":"A","date":"2018-03-13T02:50:46.000Z","volume":400,"price":7.65,"category":"rbull"},{"type":"A","date":"2018-03-13T02:50:24.000Z","volume":400,"price":7.65,"category":"rbull"},{"type":"A","date":"2018-03-13T02:50:07.000Z","volume":400,"price":7.65,"category":"rbull"},{"type":"A","date":"2018-03-13T02:49:19.000Z","volume":400,"price":7.65,"category":"rbull"},{"type":"A","date":"2018-03-13T02:48:51.000Z","volume":400,"price":7.65,"category":"rbull"},{"type":"A","date":"2018-03-13T02:46:39.000Z","volume":400,"price":7.65,"category":"rbull"},{"type":"A","date":"2018-03-13T02:44:00.000Z","volume":400,"price":7.65,"category":"rbull"},{"type":"A","date":"2018-03-13T02:43:43.000Z","volume":400,"price":7.65,"category":"rbull"},{"type":"A","date":"2018-03-13T02:42:46.000Z","volume":400,"price":7.65,"category":"rbull"},{"type":"A","date":"2018-03-13T02:39:18.000Z","volume":400,"price":7.65,"category":"rbull"},{"type":"A","date":"2018-03-13T02:38:54.000Z","volume":400,"price":7.66,"category":"rbull"},{"type":"A","date":"2018-03-13T02:33:29.000Z","volume":400,"price":7.65,"category":"rbull"},{"type":"A","date":"2018-03-13T02:31:05.000Z","volume":400,"price":7.65,"category":"rbull"},{"type":"A","date":"2018-03-13T02:30:40.000Z","volume":400,"price":7.65,"category":"rbull"},{"type":"A","date":"2018-03-13T02:30:24.000Z","volume":400,"price":7.65,"category":"rbull"},{"type":"A","date":"2018-03-13T02:29:55.000Z","volume":400,"price":7.65,"category":"rbull"},{"type":"A","date":"2018-03-13T02:28:56.000Z","volume":400,"price":7.65,"category":"rbull"},{"type":"A","date":"2018-03-13T02:28:40.000Z","volume":400,"price":7.65,"category":"rbull"},{"type":"A","date":"2018-03-13T02:28:24.000Z","volume":400,"price":7.65,"category":"rbull"},{"type":"A","date":"2018-03-13T02:28:16.000Z","volume":400,"price":7.65,"category":"rbull"},{"type":"A","date":"2018-03-13T02:27:38.000Z","volume":400,"price":7.65,"category":"rbull"},{"type":"A","date":"2018-03-13T02:25:26.000Z","volume":400,"price":7.65,"category":"rbull"},{"type":"A","date":"2018-03-13T02:24:46.000Z","volume":400,"price":7.65,"category":"rbull"},{"type":"A","date":"2018-03-13T02:23:25.000Z","volume":400,"price":7.65,"category":"rbull"},{"type":"A","date":"2018-03-13T02:23:08.000Z","volume":400,"price":7.65,"category":"rbull"},{"type":"A","date":"2018-03-13T02:22:55.000Z","volume":400,"price":7.65,"category":"rbull"},{"type":"A","date":"2018-03-13T02:21:33.000Z","volume":400,"price":7.65,"category":"rbull"},{"type":"A","date":"2018-03-13T02:19:00.000Z","volume":400,"price":7.62,"category":"rbull"},{"type":"A","date":"2018-03-13T02:18:52.000Z","volume":400,"price":7.61,"category":"rbull"},{"type":"A","date":"2018-03-13T02:18:44.000Z","volume":400,"price":7.61,"category":"rbull"},{"type":"A","date":"2018-03-13T02:18:12.000Z","volume":400,"price":7.59,"category":"rbull"},{"type":"A","date":"2018-03-13T02:18:04.000Z","volume":400,"price":7.59,"category":"rbull"},{"type":"A","date":"2018-03-13T02:16:51.000Z","volume":400,"price":7.59,"category":"rbull"},{"type":"A","date":"2018-03-13T02:12:00.000Z","volume":400,"price":7.59,"category":"rbull"},{"type":"A","date":"2018-03-13T02:10:23.000Z","volume":400,"price":7.59,"category":"rbull"},{"type":"A","date":"2018-03-13T02:09:59.000Z","volume":400,"price":7.59,"category":"rbull"},{"type":"A","date":"2018-03-13T02:09:44.000Z","volume":400,"price":7.59,"category":"rbull"},{"type":"A","date":"2018-03-13T02:09:27.000Z","volume":400,"price":7.58,"category":"rbull"},{"type":"A","date":"2018-03-13T02:09:14.000Z","volume":400,"price":7.58,"category":"rbull"},{"type":"A","date":"2018-03-13T02:08:54.000Z","volume":400,"price":7.59,"category":"rbull"},{"type":"A","date":"2018-03-13T02:08:06.000Z","volume":400,"price":7.55,"category":"rbull"},{"type":"A","date":"2018-03-13T02:07:59.000Z","volume":400,"price":7.55,"category":"rbull"},{"type":"A","date":"2018-03-13T02:07:42.000Z","volume":400,"price":7.56,"category":"rbull"},{"type":"A","date":"2018-03-13T02:06:22.000Z","volume":400,"price":7.56,"category":"rbull"},{"type":"A","date":"2018-03-13T02:05:34.000Z","volume":400,"price":7.56,"category":"rbull"},{"type":"A","date":"2018-03-13T02:04:47.000Z","volume":400,"price":7.58,"category":"rbull"},{"type":"A","date":"2018-03-13T02:03:41.000Z","volume":400,"price":7.58,"category":"rbull"},{"type":"A","date":"2018-03-13T02:01:56.000Z","volume":400,"price":7.57,"category":"rbull"},{"type":"A","date":"2018-03-13T02:01:53.000Z","volume":400,"price":7.56,"category":"rbull"},{"type":"A","date":"2018-03-13T01:58:50.000Z","volume":400,"price":7.58,"category":"rbull"},{"type":"A","date":"2018-03-13T01:53:45.000Z","volume":400,"price":7.58,"category":"rbull"},{"type":"A","date":"2018-03-13T01:51:48.000Z","volume":400,"price":7.58,"category":"rbull"},{"type":"A","date":"2018-03-13T01:47:01.000Z","volume":400,"price":7.57,"category":"rbull"},{"type":"A","date":"2018-03-13T01:46:39.000Z","volume":400,"price":7.59,"category":"rbull"},{"type":"A","date":"2018-03-13T01:41:15.000Z","volume":400,"price":7.59,"category":"rbull"},{"type":"A","date":"2018-03-13T01:37:34.000Z","volume":400,"price":7.6,"category":"rbull"},{"type":"A","date":"2018-03-13T01:32:50.000Z","volume":400,"price":7.63,"category":"rbull"},{"type":"A","date":"2018-03-13T01:30:14.000Z","volume":400,"price":7.66,"category":"rbull"},{"type":"A","date":"2018-03-13T01:30:09.000Z","volume":400,"price":7.67,"category":"rbull"},{"type":"B","date":"2018-03-13T07:59:30.000Z","volume":400,"price":7.7,"category":"rbear"},{"type":"B","date":"2018-03-13T07:53:12.000Z","volume":400,"price":7.71,"category":"rbear"},{"type":"B","date":"2018-03-13T07:53:10.000Z","volume":400,"price":7.71,"category":"rbear"},{"type":"B","date":"2018-03-13T07:52:00.000Z","volume":400,"price":7.72,"category":"rbear"},{"type":"B","date":"2018-03-13T07:51:52.000Z","volume":400,"price":7.72,"category":"rbear"},{"type":"B","date":"2018-03-13T07:50:12.000Z","volume":400,"price":7.72,"category":"rbear"},{"type":"B","date":"2018-03-13T07:49:59.000Z","volume":400,"price":7.72,"category":"rbear"},{"type":"B","date":"2018-03-13T07:49:59.000Z","volume":400,"price":7.72,"category":"rbear"},{"type":"B","date":"2018-03-13T07:49:59.000Z","volume":400,"price":7.72,"category":"rbear"},{"type":"B","date":"2018-03-13T07:49:34.000Z","volume":400,"price":7.72,"category":"rbear"},{"type":"B","date":"2018-03-13T07:48:18.000Z","volume":400,"price":7.72,"category":"rbear"},{"type":"B","date":"2018-03-13T07:48:04.000Z","volume":400,"price":7.72,"category":"rbear"},{"type":"B","date":"2018-03-13T07:46:10.000Z","volume":400,"price":7.72,"category":"rbear"},{"type":"B","date":"2018-03-13T07:46:09.000Z","volume":400,"price":7.72,"category":"rbear"},{"type":"B","date":"2018-03-13T07:44:48.000Z","volume":400,"price":7.72,"category":"rbear"},{"type":"B","date":"2018-03-13T07:44:48.000Z","volume":400,"price":7.72,"category":"rbear"},{"type":"B","date":"2018-03-13T07:44:15.000Z","volume":400,"price":7.72,"category":"rbear"},{"type":"B","date":"2018-03-13T07:44:11.000Z","volume":400,"price":7.72,"category":"rbear"},{"type":"B","date":"2018-03-13T07:42:20.000Z","volume":400,"price":7.72,"category":"rbear"},{"type":"B","date":"2018-03-13T07:42:16.000Z","volume":400,"price":7.72,"category":"rbear"},{"type":"B","date":"2018-03-13T07:41:52.000Z","volume":400,"price":7.72,"category":"rbear"},{"type":"B","date":"2018-03-13T07:40:25.000Z","volume":400,"price":7.72,"category":"rbear"},{"type":"B","date":"2018-03-13T07:39:38.000Z","volume":400,"price":7.72,"category":"rbear"},{"type":"B","date":"2018-03-13T07:39:38.000Z","volume":400,"price":7.72,"category":"rbear"},{"type":"B","date":"2018-03-13T07:38:30.000Z","volume":400,"price":7.72,"category":"rbear"},{"type":"B","date":"2018-03-13T07:36:34.000Z","volume":400,"price":7.72,"category":"rbear"},{"type":"B","date":"2018-03-13T07:34:39.000Z","volume":400,"price":7.72,"category":"rbear"},{"type":"B","date":"2018-03-13T07:34:26.000Z","volume":400,"price":7.73,"category":"rbear"},{"type":"B","date":"2018-03-13T07:34:26.000Z","volume":400,"price":7.73,"category":"rbear"},{"type":"B","date":"2018-03-13T07:32:44.000Z","volume":400,"price":7.73,"category":"rbear"},{"type":"B","date":"2018-03-13T07:30:49.000Z","volume":400,"price":7.74,"category":"rbear"},{"type":"B","date":"2018-03-13T07:29:52.000Z","volume":400,"price":7.74,"category":"rbear"},{"type":"B","date":"2018-03-13T07:29:42.000Z","volume":400,"price":7.71,"category":"rbear"},{"type":"B","date":"2018-03-13T07:29:15.000Z","volume":400,"price":7.71,"category":"rbear"},{"type":"B","date":"2018-03-13T07:29:15.000Z","volume":400,"price":7.71,"category":"rbear"},{"type":"B","date":"2018-03-13T07:28:54.000Z","volume":400,"price":7.71,"category":"rbear"},{"type":"B","date":"2018-03-13T07:26:59.000Z","volume":400,"price":7.71,"category":"rbear"},{"type":"B","date":"2018-03-13T07:25:04.000Z","volume":400,"price":7.71,"category":"rbear"},{"type":"B","date":"2018-03-13T07:24:05.000Z","volume":400,"price":7.73,"category":"rbear"},{"type":"B","date":"2018-03-13T07:24:05.000Z","volume":400,"price":7.73,"category":"rbear"},{"type":"B","date":"2018-03-13T07:23:10.000Z","volume":400,"price":7.73,"category":"rbear"},{"type":"B","date":"2018-03-13T07:21:15.000Z","volume":400,"price":7.73,"category":"rbear"},{"type":"B","date":"2018-03-13T07:19:20.000Z","volume":400,"price":7.73,"category":"rbear"},{"type":"B","date":"2018-03-13T07:18:54.000Z","volume":400,"price":7.73,"category":"rbear"},{"type":"B","date":"2018-03-13T07:18:54.000Z","volume":400,"price":7.73,"category":"rbear"},{"type":"B","date":"2018-03-13T07:17:24.000Z","volume":400,"price":7.73,"category":"rbear"},{"type":"B","date":"2018-03-13T07:16:22.000Z","volume":400,"price":7.7,"category":"rbear"},{"type":"B","date":"2018-03-13T07:15:29.000Z","volume":400,"price":7.7,"category":"rbear"},{"type":"B","date":"2018-03-13T07:14:03.000Z","volume":400,"price":7.7,"category":"rbear"},{"type":"B","date":"2018-03-13T07:13:42.000Z","volume":400,"price":7.7,"category":"rbear"},{"type":"B","date":"2018-03-13T07:13:42.000Z","volume":400,"price":7.7,"category":"rbear"},{"type":"B","date":"2018-03-13T07:13:41.000Z","volume":400,"price":7.7,"category":"rbear"},{"type":"B","date":"2018-03-13T07:13:34.000Z","volume":400,"price":7.7,"category":"rbear"},{"type":"B","date":"2018-03-13T07:12:19.000Z","volume":400,"price":7.7,"category":"rbear"},{"type":"B","date":"2018-03-13T07:11:39.000Z","volume":400,"price":7.7,"category":"rbear"},{"type":"B","date":"2018-03-13T07:09:44.000Z","volume":400,"price":7.7,"category":"rbear"},{"type":"B","date":"2018-03-13T07:08:31.000Z","volume":400,"price":7.72,"category":"rbear"},{"type":"B","date":"2018-03-13T07:08:31.000Z","volume":400,"price":7.72,"category":"rbear"},{"type":"B","date":"2018-03-13T07:07:49.000Z","volume":400,"price":7.72,"category":"rbear"},{"type":"B","date":"2018-03-13T07:07:16.000Z","volume":400,"price":7.72,"category":"rbear"},{"type":"B","date":"2018-03-13T07:05:54.000Z","volume":400,"price":7.72,"category":"rbear"},{"type":"B","date":"2018-03-13T07:04:00.000Z","volume":400,"price":7.72,"category":"rbear"},{"type":"B","date":"2018-03-13T07:03:21.000Z","volume":400,"price":7.73,"category":"rbear"},{"type":"B","date":"2018-03-13T07:03:21.000Z","volume":400,"price":7.73,"category":"rbear"},{"type":"B","date":"2018-03-13T07:02:05.000Z","volume":400,"price":7.72,"category":"rbear"},{"type":"B","date":"2018-03-13T07:01:44.000Z","volume":400,"price":7.72,"category":"rbear"},{"type":"B","date":"2018-03-13T07:01:02.000Z","volume":400,"price":7.72,"category":"rbear"},{"type":"B","date":"2018-03-13T07:00:10.000Z","volume":400,"price":7.72,"category":"rbear"},{"type":"B","date":"2018-03-13T06:58:41.000Z","volume":400,"price":7.72,"category":"rbear"},{"type":"B","date":"2018-03-13T06:58:15.000Z","volume":400,"price":7.72,"category":"rbear"},{"type":"B","date":"2018-03-13T06:58:09.000Z","volume":400,"price":7.72,"category":"rbear"},{"type":"B","date":"2018-03-13T06:58:09.000Z","volume":400,"price":7.72,"category":"rbear"},{"type":"B","date":"2018-03-13T06:56:19.000Z","volume":400,"price":7.72,"category":"rbear"},{"type":"B","date":"2018-03-13T06:54:24.000Z","volume":400,"price":7.72,"category":"rbear"},{"type":"B","date":"2018-03-13T06:53:54.000Z","volume":400,"price":7.72,"category":"rbear"},{"type":"B","date":"2018-03-13T06:52:58.000Z","volume":400,"price":7.72,"category":"rbear"},{"type":"B","date":"2018-03-13T06:52:58.000Z","volume":400,"price":7.72,"category":"rbear"},{"type":"B","date":"2018-03-13T06:52:29.000Z","volume":400,"price":7.72,"category":"rbear"},{"type":"B","date":"2018-03-13T06:52:29.000Z","volume":400,"price":7.72,"category":"rbear"},{"type":"B","date":"2018-03-13T06:51:34.000Z","volume":400,"price":7.72,"category":"rbear"},{"type":"B","date":"2018-03-13T06:50:34.000Z","volume":400,"price":7.72,"category":"rbear"},{"type":"B","date":"2018-03-13T06:48:39.000Z","volume":400,"price":7.72,"category":"rbear"},{"type":"B","date":"2018-03-13T06:47:48.000Z","volume":400,"price":7.72,"category":"rbear"},{"type":"B","date":"2018-03-13T06:47:48.000Z","volume":400,"price":7.72,"category":"rbear"},{"type":"B","date":"2018-03-13T06:46:44.000Z","volume":400,"price":7.74,"category":"rbear"},{"type":"B","date":"2018-03-13T06:44:50.000Z","volume":400,"price":7.75,"category":"rbear"},{"type":"B","date":"2018-03-13T06:44:08.000Z","volume":400,"price":7.75,"category":"rbear"},{"type":"B","date":"2018-03-13T06:42:55.000Z","volume":400,"price":7.75,"category":"rbear"},{"type":"B","date":"2018-03-13T06:42:37.000Z","volume":400,"price":7.75,"category":"rbear"},{"type":"B","date":"2018-03-13T06:42:37.000Z","volume":400,"price":7.75,"category":"rbear"},{"type":"B","date":"2018-03-13T06:41:00.000Z","volume":400,"price":7.75,"category":"rbear"},{"type":"B","date":"2018-03-13T06:40:04.000Z","volume":400,"price":7.75,"category":"rbear"},{"type":"B","date":"2018-03-13T06:40:04.000Z","volume":400,"price":7.75,"category":"rbear"},{"type":"B","date":"2018-03-13T06:39:53.000Z","volume":400,"price":7.75,"category":"rbear"},{"type":"B","date":"2018-03-13T06:39:43.000Z","volume":400,"price":7.75,"category":"rbear"},{"type":"B","date":"2018-03-13T06:39:05.000Z","volume":400,"price":7.7,"category":"rbear"},{"type":"B","date":"2018-03-13T06:37:24.000Z","volume":400,"price":7.7,"category":"rbear"},{"type":"B","date":"2018-03-13T06:37:24.000Z","volume":400,"price":7.7,"category":"rbear"},{"type":"B","date":"2018-03-13T06:37:09.000Z","volume":400,"price":7.7,"category":"rbear"},{"type":"B","date":"2018-03-13T06:35:14.000Z","volume":400,"price":7.71,"category":"rbear"},{"type":"B","date":"2018-03-13T06:33:19.000Z","volume":400,"price":7.71,"category":"rbear"},{"type":"B","date":"2018-03-13T06:32:18.000Z","volume":400,"price":7.7,"category":"rbear"},{"type":"B","date":"2018-03-13T06:32:12.000Z","volume":400,"price":7.7,"category":"rbear"},{"type":"B","date":"2018-03-13T06:32:12.000Z","volume":400,"price":7.7,"category":"rbear"},{"type":"B","date":"2018-03-13T06:31:24.000Z","volume":400,"price":7.73,"category":"rbear"},{"type":"B","date":"2018-03-13T06:30:20.000Z","volume":400,"price":7.73,"category":"rbear"},{"type":"B","date":"2018-03-13T06:29:29.000Z","volume":400,"price":7.73,"category":"rbear"},{"type":"B","date":"2018-03-13T06:28:00.000Z","volume":400,"price":7.73,"category":"rbear"},{"type":"B","date":"2018-03-13T06:27:54.000Z","volume":400,"price":7.73,"category":"rbear"},{"type":"B","date":"2018-03-13T06:27:34.000Z","volume":400,"price":7.73,"category":"rbear"},{"type":"B","date":"2018-03-13T06:27:00.000Z","volume":400,"price":7.73,"category":"rbear"},{"type":"B","date":"2018-03-13T06:27:00.000Z","volume":400,"price":7.73,"category":"rbear"},{"type":"B","date":"2018-03-13T06:25:40.000Z","volume":400,"price":7.73,"category":"rbear"},{"type":"B","date":"2018-03-13T06:25:40.000Z","volume":400,"price":7.73,"category":"rbear"},{"type":"B","date":"2018-03-13T06:23:45.000Z","volume":400,"price":7.73,"category":"rbear"},{"type":"B","date":"2018-03-13T06:23:18.000Z","volume":400,"price":7.73,"category":"rbear"},{"type":"B","date":"2018-03-13T06:22:20.000Z","volume":400,"price":7.73,"category":"rbear"},{"type":"B","date":"2018-03-13T06:22:17.000Z","volume":400,"price":7.73,"category":"rbear"},{"type":"B","date":"2018-03-13T06:21:50.000Z","volume":400,"price":7.73,"category":"rbear"},{"type":"B","date":"2018-03-13T06:21:49.000Z","volume":400,"price":7.73,"category":"rbear"},{"type":"B","date":"2018-03-13T06:21:49.000Z","volume":400,"price":7.73,"category":"rbear"},{"type":"B","date":"2018-03-13T06:19:55.000Z","volume":400,"price":7.73,"category":"rbear"},{"type":"B","date":"2018-03-13T06:18:40.000Z","volume":400,"price":7.73,"category":"rbear"},{"type":"B","date":"2018-03-13T06:18:18.000Z","volume":400,"price":7.73,"category":"rbear"},{"type":"B","date":"2018-03-13T06:17:59.000Z","volume":400,"price":7.73,"category":"rbear"},{"type":"B","date":"2018-03-13T06:16:42.000Z","volume":400,"price":7.73,"category":"rbear"},{"type":"B","date":"2018-03-13T06:16:37.000Z","volume":400,"price":7.73,"category":"rbear"},{"type":"B","date":"2018-03-13T06:16:37.000Z","volume":400,"price":7.73,"category":"rbear"},{"type":"B","date":"2018-03-13T06:16:04.000Z","volume":400,"price":7.73,"category":"rbear"},{"type":"B","date":"2018-03-13T06:15:40.000Z","volume":400,"price":7.73,"category":"rbear"},{"type":"B","date":"2018-03-13T06:14:09.000Z","volume":400,"price":7.73,"category":"rbear"},{"type":"B","date":"2018-03-13T06:12:14.000Z","volume":400,"price":7.73,"category":"rbear"},{"type":"B","date":"2018-03-13T06:11:24.000Z","volume":400,"price":7.73,"category":"rbear"},{"type":"B","date":"2018-03-13T06:11:24.000Z","volume":400,"price":7.73,"category":"rbear"},{"type":"B","date":"2018-03-13T06:11:18.000Z","volume":400,"price":7.74,"category":"rbear"},{"type":"B","date":"2018-03-13T06:10:26.000Z","volume":400,"price":7.7,"category":"rbear"},{"type":"B","date":"2018-03-13T06:10:19.000Z","volume":400,"price":7.7,"category":"rbear"},{"type":"B","date":"2018-03-13T06:08:24.000Z","volume":400,"price":7.7,"category":"rbear"},{"type":"B","date":"2018-03-13T06:08:20.000Z","volume":400,"price":7.7,"category":"rbear"},{"type":"B","date":"2018-03-13T06:06:30.000Z","volume":400,"price":7.7,"category":"rbear"},{"type":"B","date":"2018-03-13T06:06:29.000Z","volume":400,"price":7.7,"category":"rbear"},{"type":"B","date":"2018-03-13T06:06:12.000Z","volume":400,"price":7.7,"category":"rbear"},{"type":"B","date":"2018-03-13T06:06:12.000Z","volume":400,"price":7.7,"category":"rbear"},{"type":"B","date":"2018-03-13T06:06:00.000Z","volume":400,"price":7.7,"category":"rbear"},{"type":"B","date":"2018-03-13T06:05:25.000Z","volume":400,"price":7.7,"category":"rbear"},{"type":"B","date":"2018-03-13T06:04:35.000Z","volume":400,"price":7.7,"category":"rbear"},{"type":"B","date":"2018-03-13T06:02:40.000Z","volume":400,"price":7.7,"category":"rbear"},{"type":"B","date":"2018-03-13T06:01:00.000Z","volume":400,"price":7.7,"category":"rbear"},{"type":"B","date":"2018-03-13T06:01:00.000Z","volume":400,"price":7.7,"category":"rbear"},{"type":"B","date":"2018-03-13T06:00:44.000Z","volume":400,"price":7.71,"category":"rbear"},{"type":"B","date":"2018-03-13T05:58:49.000Z","volume":400,"price":7.71,"category":"rbear"},{"type":"B","date":"2018-03-13T05:56:54.000Z","volume":400,"price":7.7,"category":"rbear"},{"type":"B","date":"2018-03-13T05:55:48.000Z","volume":400,"price":7.72,"category":"rbear"},{"type":"B","date":"2018-03-13T05:54:59.000Z","volume":400,"price":7.72,"category":"rbear"},{"type":"B","date":"2018-03-13T05:53:04.000Z","volume":400,"price":7.72,"category":"rbear"},{"type":"B","date":"2018-03-13T05:51:09.000Z","volume":400,"price":7.7,"category":"rbear"},{"type":"B","date":"2018-03-13T05:50:37.000Z","volume":400,"price":7.72,"category":"rbear"},{"type":"B","date":"2018-03-13T05:49:14.000Z","volume":400,"price":7.71,"category":"rbear"},{"type":"B","date":"2018-03-13T05:47:19.000Z","volume":400,"price":7.71,"category":"rbear"},{"type":"B","date":"2018-03-13T05:45:25.000Z","volume":400,"price":7.7,"category":"rbear"},{"type":"B","date":"2018-03-13T05:45:25.000Z","volume":400,"price":7.7,"category":"rbear"},{"type":"B","date":"2018-03-13T05:45:25.000Z","volume":400,"price":7.7,"category":"rbear"},{"type":"B","date":"2018-03-13T05:43:30.000Z","volume":400,"price":7.7,"category":"rbear"},{"type":"B","date":"2018-03-13T05:41:35.000Z","volume":400,"price":7.7,"category":"rbear"},{"type":"B","date":"2018-03-13T05:41:06.000Z","volume":400,"price":7.71,"category":"rbear"},{"type":"B","date":"2018-03-13T05:40:12.000Z","volume":400,"price":7.71,"category":"rbear"},{"type":"B","date":"2018-03-13T05:40:12.000Z","volume":400,"price":7.71,"category":"rbear"},{"type":"B","date":"2018-03-13T05:39:39.000Z","volume":400,"price":7.71,"category":"rbear"},{"type":"B","date":"2018-03-13T05:39:11.000Z","volume":400,"price":7.74,"category":"rbear"},{"type":"B","date":"2018-03-13T05:37:44.000Z","volume":400,"price":7.71,"category":"rbear"},{"type":"B","date":"2018-03-13T05:35:52.000Z","volume":400,"price":7.71,"category":"rbear"},{"type":"B","date":"2018-03-13T05:35:52.000Z","volume":400,"price":7.71,"category":"rbear"},{"type":"B","date":"2018-03-13T05:35:49.000Z","volume":400,"price":7.7,"category":"rbear"},{"type":"B","date":"2018-03-13T05:35:00.000Z","volume":400,"price":7.7,"category":"rbear"},{"type":"B","date":"2018-03-13T05:35:00.000Z","volume":400,"price":7.7,"category":"rbear"},{"type":"B","date":"2018-03-13T05:33:54.000Z","volume":400,"price":7.7,"category":"rbear"},{"type":"B","date":"2018-03-13T05:32:10.000Z","volume":400,"price":7.72,"category":"rbear"},{"type":"B","date":"2018-03-13T05:32:10.000Z","volume":400,"price":7.71,"category":"rbear"},{"type":"B","date":"2018-03-13T05:31:59.000Z","volume":400,"price":7.72,"category":"rbear"},{"type":"B","date":"2018-03-13T05:30:04.000Z","volume":400,"price":7.7,"category":"rbear"},{"type":"B","date":"2018-03-13T05:28:09.000Z","volume":400,"price":7.72,"category":"rbear"},{"type":"B","date":"2018-03-13T05:26:15.000Z","volume":400,"price":7.7,"category":"rbear"},{"type":"B","date":"2018-03-13T05:24:45.000Z","volume":400,"price":7.71,"category":"rbear"},{"type":"B","date":"2018-03-13T05:24:37.000Z","volume":400,"price":7.71,"category":"rbear"},{"type":"B","date":"2018-03-13T05:24:37.000Z","volume":400,"price":7.71,"category":"rbear"},{"type":"B","date":"2018-03-13T05:24:20.000Z","volume":400,"price":7.74,"category":"rbear"},{"type":"B","date":"2018-03-13T05:22:25.000Z","volume":400,"price":7.74,"category":"rbear"},{"type":"B","date":"2018-03-13T05:20:55.000Z","volume":400,"price":7.7,"category":"rbear"},{"type":"B","date":"2018-03-13T05:20:54.000Z","volume":400,"price":7.71,"category":"rbear"},{"type":"B","date":"2018-03-13T05:20:30.000Z","volume":400,"price":7.67,"category":"rbear"},{"type":"B","date":"2018-03-13T05:19:25.000Z","volume":400,"price":7.67,"category":"rbear"},{"type":"B","date":"2018-03-13T05:19:25.000Z","volume":400,"price":7.67,"category":"rbear"},{"type":"B","date":"2018-03-13T05:18:34.000Z","volume":400,"price":7.66,"category":"rbear"},{"type":"B","date":"2018-03-13T05:17:04.000Z","volume":400,"price":7.66,"category":"rbear"},{"type":"B","date":"2018-03-13T05:16:39.000Z","volume":400,"price":7.7,"category":"rbear"},{"type":"B","date":"2018-03-13T05:14:44.000Z","volume":400,"price":7.7,"category":"rbear"},{"type":"B","date":"2018-03-13T05:14:13.000Z","volume":400,"price":7.66,"category":"rbear"},{"type":"B","date":"2018-03-13T05:14:12.000Z","volume":400,"price":7.66,"category":"rbear"},{"type":"B","date":"2018-03-13T05:12:49.000Z","volume":400,"price":7.66,"category":"rbear"},{"type":"B","date":"2018-03-13T05:10:54.000Z","volume":400,"price":7.66,"category":"rbear"},{"type":"B","date":"2018-03-13T05:09:00.000Z","volume":400,"price":7.7,"category":"rbear"},{"type":"B","date":"2018-03-13T05:09:00.000Z","volume":400,"price":7.7,"category":"rbear"},{"type":"B","date":"2018-03-13T05:08:59.000Z","volume":400,"price":7.7,"category":"rbear"},{"type":"B","date":"2018-03-13T05:08:47.000Z","volume":400,"price":7.7,"category":"rbear"},{"type":"B","date":"2018-03-13T05:08:47.000Z","volume":400,"price":7.7,"category":"rbear"},{"type":"B","date":"2018-03-13T05:07:04.000Z","volume":400,"price":7.66,"category":"rbear"},{"type":"B","date":"2018-03-13T05:05:10.000Z","volume":400,"price":7.7,"category":"rbear"},{"type":"B","date":"2018-03-13T05:03:48.000Z","volume":400,"price":7.7,"category":"rbear"},{"type":"B","date":"2018-03-13T05:03:48.000Z","volume":400,"price":7.7,"category":"rbear"},{"type":"B","date":"2018-03-13T05:03:15.000Z","volume":400,"price":7.7,"category":"rbear"},{"type":"B","date":"2018-03-13T05:01:20.000Z","volume":400,"price":7.7,"category":"rbear"},{"type":"B","date":"2018-03-13T05:00:03.000Z","volume":400,"price":7.69,"category":"rbear"},{"type":"B","date":"2018-03-13T03:57:24.000Z","volume":400,"price":7.69,"category":"rbear"},{"type":"B","date":"2018-03-13T03:56:55.000Z","volume":400,"price":7.67,"category":"rbear"},{"type":"B","date":"2018-03-13T03:56:47.000Z","volume":400,"price":7.65,"category":"rbear"},{"type":"B","date":"2018-03-13T03:56:36.000Z","volume":400,"price":7.64,"category":"rbear"},{"type":"B","date":"2018-03-13T03:56:36.000Z","volume":400,"price":7.64,"category":"rbear"},{"type":"B","date":"2018-03-13T03:55:29.000Z","volume":400,"price":7.64,"category":"rbear"},{"type":"B","date":"2018-03-13T03:53:34.000Z","volume":400,"price":7.64,"category":"rbear"},{"type":"B","date":"2018-03-13T03:51:39.000Z","volume":400,"price":7.64,"category":"rbear"},{"type":"B","date":"2018-03-13T03:51:24.000Z","volume":400,"price":7.64,"category":"rbear"},{"type":"B","date":"2018-03-13T03:51:24.000Z","volume":400,"price":7.64,"category":"rbear"},{"type":"B","date":"2018-03-13T03:49:45.000Z","volume":400,"price":7.64,"category":"rbear"},{"type":"B","date":"2018-03-13T03:47:50.000Z","volume":400,"price":7.64,"category":"rbear"},{"type":"B","date":"2018-03-13T03:46:12.000Z","volume":400,"price":7.65,"category":"rbear"},{"type":"B","date":"2018-03-13T03:46:12.000Z","volume":400,"price":7.65,"category":"rbear"},{"type":"B","date":"2018-03-13T03:45:55.000Z","volume":400,"price":7.65,"category":"rbear"},{"type":"B","date":"2018-03-13T03:43:59.000Z","volume":400,"price":7.65,"category":"rbear"},{"type":"B","date":"2018-03-13T03:42:04.000Z","volume":400,"price":7.63,"category":"rbear"},{"type":"B","date":"2018-03-13T03:41:01.000Z","volume":400,"price":7.63,"category":"rbear"},{"type":"B","date":"2018-03-13T03:41:01.000Z","volume":400,"price":7.63,"category":"rbear"},{"type":"B","date":"2018-03-13T03:40:09.000Z","volume":400,"price":7.63,"category":"rbear"},{"type":"B","date":"2018-03-13T03:38:14.000Z","volume":400,"price":7.63,"category":"rbear"},{"type":"B","date":"2018-03-13T03:36:52.000Z","volume":400,"price":7.63,"category":"rbear"},{"type":"B","date":"2018-03-13T03:36:19.000Z","volume":400,"price":7.65,"category":"rbear"},{"type":"B","date":"2018-03-13T03:35:49.000Z","volume":400,"price":7.65,"category":"rbear"},{"type":"B","date":"2018-03-13T03:35:49.000Z","volume":400,"price":7.65,"category":"rbear"},{"type":"B","date":"2018-03-13T03:34:24.000Z","volume":400,"price":7.65,"category":"rbear"},{"type":"B","date":"2018-03-13T03:32:29.000Z","volume":400,"price":7.65,"category":"rbear"},{"type":"B","date":"2018-03-13T03:30:36.000Z","volume":400,"price":7.66,"category":"rbear"},{"type":"B","date":"2018-03-13T03:30:36.000Z","volume":400,"price":7.66,"category":"rbear"},{"type":"B","date":"2018-03-13T03:30:35.000Z","volume":400,"price":7.66,"category":"rbear"},{"type":"B","date":"2018-03-13T03:28:40.000Z","volume":400,"price":7.66,"category":"rbear"},{"type":"B","date":"2018-03-13T03:27:47.000Z","volume":400,"price":7.67,"category":"rbear"},{"type":"B","date":"2018-03-13T03:26:45.000Z","volume":400,"price":7.69,"category":"rbear"},{"type":"B","date":"2018-03-13T03:25:24.000Z","volume":400,"price":7.69,"category":"rbear"},{"type":"B","date":"2018-03-13T03:25:24.000Z","volume":400,"price":7.69,"category":"rbear"},{"type":"B","date":"2018-03-13T03:24:49.000Z","volume":400,"price":7.69,"category":"rbear"},{"type":"B","date":"2018-03-13T03:22:54.000Z","volume":400,"price":7.69,"category":"rbear"},{"type":"B","date":"2018-03-13T03:20:59.000Z","volume":400,"price":7.7,"category":"rbear"},{"type":"B","date":"2018-03-13T03:20:12.000Z","volume":400,"price":7.7,"category":"rbear"},{"type":"B","date":"2018-03-13T03:20:12.000Z","volume":400,"price":7.7,"category":"rbear"},{"type":"B","date":"2018-03-13T03:19:04.000Z","volume":400,"price":7.7,"category":"rbear"},{"type":"B","date":"2018-03-13T03:17:20.000Z","volume":400,"price":7.7,"category":"rbear"},{"type":"B","date":"2018-03-13T03:17:09.000Z","volume":400,"price":7.7,"category":"rbear"},{"type":"B","date":"2018-03-13T03:15:14.000Z","volume":400,"price":7.7,"category":"rbear"},{"type":"B","date":"2018-03-13T03:15:01.000Z","volume":400,"price":7.7,"category":"rbear"},{"type":"B","date":"2018-03-13T03:15:01.000Z","volume":400,"price":7.7,"category":"rbear"},{"type":"B","date":"2018-03-13T03:13:19.000Z","volume":400,"price":7.7,"category":"rbear"},{"type":"B","date":"2018-03-13T03:11:25.000Z","volume":400,"price":7.7,"category":"rbear"},{"type":"B","date":"2018-03-13T03:09:49.000Z","volume":400,"price":7.69,"category":"rbear"},{"type":"B","date":"2018-03-13T03:09:49.000Z","volume":400,"price":7.69,"category":"rbear"},{"type":"B","date":"2018-03-13T03:09:30.000Z","volume":400,"price":7.69,"category":"rbear"},{"type":"B","date":"2018-03-13T03:07:35.000Z","volume":400,"price":7.7,"category":"rbear"},{"type":"B","date":"2018-03-13T03:05:40.000Z","volume":400,"price":7.7,"category":"rbear"},{"type":"B","date":"2018-03-13T03:05:21.000Z","volume":400,"price":7.7,"category":"rbear"},{"type":"B","date":"2018-03-13T03:04:52.000Z","volume":400,"price":7.7,"category":"rbear"},{"type":"B","date":"2018-03-13T03:04:52.000Z","volume":400,"price":7.7,"category":"rbear"},{"type":"B","date":"2018-03-13T03:04:36.000Z","volume":400,"price":7.7,"category":"rbear"},{"type":"B","date":"2018-03-13T03:04:36.000Z","volume":400,"price":7.7,"category":"rbear"},{"type":"B","date":"2018-03-13T03:03:44.000Z","volume":400,"price":7.7,"category":"rbear"},{"type":"B","date":"2018-03-13T03:01:49.000Z","volume":400,"price":7.7,"category":"rbear"},{"type":"B","date":"2018-03-13T02:59:59.000Z","volume":400,"price":7.7,"category":"rbear"},{"type":"B","date":"2018-03-13T02:59:57.000Z","volume":400,"price":7.7,"category":"rbear"},{"type":"B","date":"2018-03-13T02:59:54.000Z","volume":400,"price":7.7,"category":"rbear"},{"type":"B","date":"2018-03-13T02:59:24.000Z","volume":400,"price":7.7,"category":"rbear"},{"type":"B","date":"2018-03-13T02:59:24.000Z","volume":400,"price":7.7,"category":"rbear"},{"type":"B","date":"2018-03-13T02:57:59.000Z","volume":400,"price":7.7,"category":"rbear"},{"type":"B","date":"2018-03-13T02:56:04.000Z","volume":400,"price":7.7,"category":"rbear"},{"type":"B","date":"2018-03-13T02:54:12.000Z","volume":400,"price":7.68,"category":"rbear"},{"type":"B","date":"2018-03-13T02:54:12.000Z","volume":400,"price":7.68,"category":"rbear"},{"type":"B","date":"2018-03-13T02:54:09.000Z","volume":400,"price":7.68,"category":"rbear"},{"type":"B","date":"2018-03-13T02:52:42.000Z","volume":400,"price":7.68,"category":"rbear"},{"type":"B","date":"2018-03-13T02:52:13.000Z","volume":400,"price":7.67,"category":"rbear"},{"type":"B","date":"2018-03-13T02:52:09.000Z","volume":400,"price":7.67,"category":"rbear"},{"type":"B","date":"2018-03-13T02:50:16.000Z","volume":400,"price":7.64,"category":"rbear"},{"type":"B","date":"2018-03-13T02:49:00.000Z","volume":400,"price":7.64,"category":"rbear"},{"type":"B","date":"2018-03-13T02:49:00.000Z","volume":400,"price":7.64,"category":"rbear"},{"type":"B","date":"2018-03-13T02:48:20.000Z","volume":400,"price":7.64,"category":"rbear"},{"type":"B","date":"2018-03-13T02:46:24.000Z","volume":400,"price":7.64,"category":"rbear"},{"type":"B","date":"2018-03-13T02:44:29.000Z","volume":400,"price":7.64,"category":"rbear"},{"type":"B","date":"2018-03-13T02:43:49.000Z","volume":400,"price":7.64,"category":"rbear"},{"type":"B","date":"2018-03-13T02:43:49.000Z","volume":400,"price":7.64,"category":"rbear"},{"type":"B","date":"2018-03-13T02:42:33.000Z","volume":400,"price":7.64,"category":"rbear"},{"type":"B","date":"2018-03-13T02:40:36.000Z","volume":400,"price":7.64,"category":"rbear"},{"type":"B","date":"2018-03-13T02:38:40.000Z","volume":400,"price":7.64,"category":"rbear"},{"type":"B","date":"2018-03-13T02:38:37.000Z","volume":400,"price":7.64,"category":"rbear"},{"type":"B","date":"2018-03-13T02:38:37.000Z","volume":400,"price":7.64,"category":"rbear"},{"type":"B","date":"2018-03-13T02:36:44.000Z","volume":400,"price":7.64,"category":"rbear"},{"type":"B","date":"2018-03-13T02:34:49.000Z","volume":400,"price":7.64,"category":"rbear"},{"type":"B","date":"2018-03-13T02:33:24.000Z","volume":400,"price":7.64,"category":"rbear"},{"type":"B","date":"2018-03-13T02:33:24.000Z","volume":400,"price":7.64,"category":"rbear"},{"type":"B","date":"2018-03-13T02:32:53.000Z","volume":400,"price":7.64,"category":"rbear"},{"type":"B","date":"2018-03-13T02:30:56.000Z","volume":400,"price":7.64,"category":"rbear"},{"type":"B","date":"2018-03-13T02:29:39.000Z","volume":400,"price":7.64,"category":"rbear"},{"type":"B","date":"2018-03-13T02:29:00.000Z","volume":400,"price":7.64,"category":"rbear"},{"type":"B","date":"2018-03-13T02:28:12.000Z","volume":400,"price":7.64,"category":"rbear"},{"type":"B","date":"2018-03-13T02:28:12.000Z","volume":400,"price":7.64,"category":"rbear"},{"type":"B","date":"2018-03-13T02:27:04.000Z","volume":400,"price":7.64,"category":"rbear"},{"type":"B","date":"2018-03-13T02:25:09.000Z","volume":400,"price":7.64,"category":"rbear"},{"type":"B","date":"2018-03-13T02:23:13.000Z","volume":400,"price":7.64,"category":"rbear"},{"type":"B","date":"2018-03-13T02:23:13.000Z","volume":400,"price":7.64,"category":"rbear"},{"type":"B","date":"2018-03-13T02:23:00.000Z","volume":400,"price":7.64,"category":"rbear"},{"type":"B","date":"2018-03-13T02:23:00.000Z","volume":400,"price":7.64,"category":"rbear"},{"type":"B","date":"2018-03-13T02:21:16.000Z","volume":400,"price":7.64,"category":"rbear"},{"type":"B","date":"2018-03-13T02:19:20.000Z","volume":400,"price":7.62,"category":"rbear"},{"type":"B","date":"2018-03-13T02:17:48.000Z","volume":400,"price":7.55,"category":"rbear"},{"type":"B","date":"2018-03-13T02:17:48.000Z","volume":400,"price":7.55,"category":"rbear"},{"type":"B","date":"2018-03-13T02:17:24.000Z","volume":400,"price":7.55,"category":"rbear"},{"type":"B","date":"2018-03-13T02:15:29.000Z","volume":400,"price":7.55,"category":"rbear"},{"type":"B","date":"2018-03-13T02:13:33.000Z","volume":400,"price":7.55,"category":"rbear"},{"type":"B","date":"2018-03-13T02:12:37.000Z","volume":400,"price":7.55,"category":"rbear"},{"type":"B","date":"2018-03-13T02:12:37.000Z","volume":400,"price":7.55,"category":"rbear"},{"type":"B","date":"2018-03-13T02:11:36.000Z","volume":400,"price":7.55,"category":"rbear"},{"type":"B","date":"2018-03-13T02:09:40.000Z","volume":400,"price":7.55,"category":"rbear"},{"type":"B","date":"2018-03-13T02:07:59.000Z","volume":400,"price":7.54,"category":"rbear"},{"type":"B","date":"2018-03-13T02:07:44.000Z","volume":400,"price":7.54,"category":"rbear"},{"type":"B","date":"2018-03-13T02:07:25.000Z","volume":400,"price":7.54,"category":"rbear"},{"type":"B","date":"2018-03-13T02:07:25.000Z","volume":400,"price":7.54,"category":"rbear"},{"type":"B","date":"2018-03-13T02:05:49.000Z","volume":400,"price":7.54,"category":"rbear"},{"type":"B","date":"2018-03-13T02:03:53.000Z","volume":400,"price":7.56,"category":"rbear"},{"type":"B","date":"2018-03-13T02:02:12.000Z","volume":400,"price":7.56,"category":"rbear"},{"type":"B","date":"2018-03-13T02:02:12.000Z","volume":400,"price":7.56,"category":"rbear"},{"type":"B","date":"2018-03-13T02:01:56.000Z","volume":400,"price":7.56,"category":"rbear"},{"type":"B","date":"2018-03-13T02:00:00.000Z","volume":400,"price":7.58,"category":"rbear"},{"type":"B","date":"2018-03-13T01:59:46.000Z","volume":400,"price":7.58,"category":"rbear"},{"type":"B","date":"2018-03-13T01:58:04.000Z","volume":400,"price":7.57,"category":"rbear"},{"type":"B","date":"2018-03-13T01:57:00.000Z","volume":400,"price":7.57,"category":"rbear"},{"type":"B","date":"2018-03-13T01:57:00.000Z","volume":400,"price":7.57,"category":"rbear"},{"type":"B","date":"2018-03-13T01:56:09.000Z","volume":400,"price":7.57,"category":"rbear"},{"type":"B","date":"2018-03-13T01:54:13.000Z","volume":400,"price":7.57,"category":"rbear"},{"type":"B","date":"2018-03-13T01:52:21.000Z","volume":400,"price":7.56,"category":"rbear"},{"type":"B","date":"2018-03-13T01:52:16.000Z","volume":400,"price":7.57,"category":"rbear"},{"type":"B","date":"2018-03-13T01:51:48.000Z","volume":400,"price":7.58,"category":"rbear"},{"type":"B","date":"2018-03-13T01:50:20.000Z","volume":400,"price":7.58,"category":"rbear"},{"type":"B","date":"2018-03-13T01:48:24.000Z","volume":400,"price":7.58,"category":"rbear"},{"type":"B","date":"2018-03-13T01:46:29.000Z","volume":400,"price":7.6,"category":"rbear"},{"type":"B","date":"2018-03-13T01:44:33.000Z","volume":400,"price":7.6,"category":"rbear"},{"type":"B","date":"2018-03-13T01:44:02.000Z","volume":400,"price":7.6,"category":"rbear"},{"type":"B","date":"2018-03-13T01:42:36.000Z","volume":400,"price":7.59,"category":"rbear"},{"type":"B","date":"2018-03-13T01:41:25.000Z","volume":400,"price":7.58,"category":"rbear"},{"type":"B","date":"2018-03-13T01:41:25.000Z","volume":400,"price":7.58,"category":"rbear"},{"type":"B","date":"2018-03-13T01:40:40.000Z","volume":400,"price":7.58,"category":"rbear"},{"type":"B","date":"2018-03-13T01:38:44.000Z","volume":400,"price":7.58,"category":"rbear"},{"type":"B","date":"2018-03-13T01:38:25.000Z","volume":400,"price":7.58,"category":"rbear"},{"type":"B","date":"2018-03-13T01:36:49.000Z","volume":400,"price":7.58,"category":"rbear"},{"type":"B","date":"2018-03-13T01:36:36.000Z","volume":400,"price":7.59,"category":"rbear"},{"type":"B","date":"2018-03-13T01:36:13.000Z","volume":400,"price":7.55,"category":"rbear"},{"type":"B","date":"2018-03-13T01:36:13.000Z","volume":400,"price":7.55,"category":"rbear"},{"type":"B","date":"2018-03-13T01:34:54.000Z","volume":400,"price":7.58,"category":"rbear"},{"type":"B","date":"2018-03-13T01:34:53.000Z","volume":400,"price":7.58,"category":"rbear"},{"type":"B","date":"2018-03-13T01:34:22.000Z","volume":400,"price":7.63,"category":"rbear"},{"type":"B","date":"2018-03-13T01:34:22.000Z","volume":400,"price":7.61,"category":"rbear"},{"type":"B","date":"2018-03-13T01:32:56.000Z","volume":400,"price":7.62,"category":"rbear"},{"type":"B","date":"2018-03-13T01:32:02.000Z","volume":400,"price":7.62,"category":"rbear"},{"type":"B","date":"2018-03-13T01:31:01.000Z","volume":400,"price":7.56,"category":"rbear"},{"type":"B","date":"2018-03-13T01:31:01.000Z","volume":400,"price":7.56,"category":"rbear"},{"type":"B","date":"2018-03-13T01:31:01.000Z","volume":400,"price":7.56,"category":"rbear"},{"type":"B","date":"2018-03-13T07:58:42.000Z","volume":7200,"price":7.72,"category":"bbear"},{"type":"B","date":"2018-03-13T07:48:00.000Z","volume":10000,"price":7.72,"category":"bbear"},{"type":"B","date":"2018-03-13T06:45:45.000Z","volume":5600,"price":7.75,"category":"bbear"},{"type":"B","date":"2018-03-13T06:29:21.000Z","volume":7200,"price":7.73,"category":"bbear"},{"type":"B","date":"2018-03-13T06:18:24.000Z","volume":5200,"price":7.73,"category":"bbear"},{"type":"B","date":"2018-03-13T06:11:20.000Z","volume":6400,"price":7.73,"category":"bbear"},{"type":"B","date":"2018-03-13T06:11:18.000Z","volume":14400,"price":7.73,"category":"bbear"},{"type":"B","date":"2018-03-13T06:06:15.000Z","volume":6400,"price":7.7,"category":"bbear"},{"type":"B","date":"2018-03-13T06:05:25.000Z","volume":8000,"price":7.7,"category":"bbear"},{"type":"B","date":"2018-03-13T06:04:20.000Z","volume":10000,"price":7.7,"category":"bbear"},{"type":"B","date":"2018-03-13T05:45:10.000Z","volume":10000,"price":7.7,"category":"bbear"},{"type":"B","date":"2018-03-13T05:44:43.000Z","volume":10000,"price":7.7,"category":"bbear"},{"type":"B","date":"2018-03-13T05:41:04.000Z","volume":7200,"price":7.71,"category":"bbear"},{"type":"B","date":"2018-03-13T05:29:47.000Z","volume":8000,"price":7.72,"category":"bbear"},{"type":"B","date":"2018-03-13T05:25:48.000Z","volume":9200,"price":7.7,"category":"bbear"},{"type":"B","date":"2018-03-13T05:16:45.000Z","volume":14000,"price":7.7,"category":"bbear"},{"type":"B","date":"2018-03-13T05:11:42.000Z","volume":10000,"price":7.66,"category":"bbear"},{"type":"B","date":"2018-03-13T05:06:19.000Z","volume":10000,"price":7.7,"category":"bbear"},{"type":"B","date":"2018-03-13T05:00:02.000Z","volume":9600,"price":7.7,"category":"bbear"},{"type":"B","date":"2018-03-13T03:57:00.000Z","volume":14800,"price":7.68,"category":"bbear"},{"type":"B","date":"2018-03-13T03:47:02.000Z","volume":9200,"price":7.64,"category":"bbear"},{"type":"B","date":"2018-03-13T03:47:02.000Z","volume":13200,"price":7.65,"category":"bbear"},{"type":"B","date":"2018-03-13T03:43:26.000Z","volume":17200,"price":7.64,"category":"bbear"},{"type":"B","date":"2018-03-13T03:43:11.000Z","volume":10000,"price":7.64,"category":"bbear"},{"type":"B","date":"2018-03-13T03:41:17.000Z","volume":4800,"price":7.63,"category":"bbear"},{"type":"B","date":"2018-03-13T03:36:52.000Z","volume":11600,"price":7.64,"category":"bbear"},{"type":"B","date":"2018-03-13T03:36:52.000Z","volume":16000,"price":7.65,"category":"bbear"},{"type":"B","date":"2018-03-13T03:31:50.000Z","volume":11600,"price":7.66,"category":"bbear"},{"type":"B","date":"2018-03-13T03:27:48.000Z","volume":16000,"price":7.67,"category":"bbear"},{"type":"B","date":"2018-03-13T03:27:03.000Z","volume":10800,"price":7.68,"category":"bbear"},{"type":"B","date":"2018-03-13T03:27:03.000Z","volume":13600,"price":7.69,"category":"bbear"},{"type":"B","date":"2018-03-13T03:22:22.000Z","volume":16000,"price":7.69,"category":"bbear"},{"type":"B","date":"2018-03-13T03:12:33.000Z","volume":14800,"price":7.7,"category":"bbear"},{"type":"B","date":"2018-03-13T03:05:21.000Z","volume":5200,"price":7.7,"category":"bbear"},{"type":"B","date":"2018-03-13T03:05:19.000Z","volume":10000,"price":7.7,"category":"bbear"},{"type":"B","date":"2018-03-13T02:59:51.000Z","volume":10000,"price":7.7,"category":"bbear"},{"type":"B","date":"2018-03-13T02:53:32.000Z","volume":5200,"price":7.69,"category":"bbear"},{"type":"B","date":"2018-03-13T02:53:30.000Z","volume":4800,"price":7.69,"category":"bbear"},{"type":"B","date":"2018-03-13T02:53:16.000Z","volume":4800,"price":7.69,"category":"bbear"},{"type":"B","date":"2018-03-13T02:48:51.000Z","volume":4800,"price":7.64,"category":"bbear"},{"type":"B","date":"2018-03-13T02:35:21.000Z","volume":6000,"price":7.64,"category":"bbear"},{"type":"B","date":"2018-03-13T02:35:04.000Z","volume":5200,"price":7.64,"category":"bbear"},{"type":"B","date":"2018-03-13T02:29:31.000Z","volume":5600,"price":7.64,"category":"bbear"},{"type":"B","date":"2018-03-13T02:21:17.000Z","volume":7600,"price":7.64,"category":"bbear"},{"type":"B","date":"2018-03-13T02:01:48.000Z","volume":10800,"price":7.55,"category":"bbear"},{"type":"B","date":"2018-03-13T01:52:23.000Z","volume":5200,"price":7.56,"category":"bbear"},{"type":"B","date":"2018-03-13T01:52:16.000Z","volume":6800,"price":7.56,"category":"bbear"},{"type":"B","date":"2018-03-13T01:52:16.000Z","volume":4800,"price":7.57,"category":"bbear"},{"type":"B","date":"2018-03-13T01:52:16.000Z","volume":14000,"price":7.57,"category":"bbear"},{"type":"B","date":"2018-03-13T01:51:48.000Z","volume":10000,"price":7.58,"category":"bbear"},{"type":"B","date":"2018-03-13T01:47:06.000Z","volume":5200,"price":7.55,"category":"bbear"},{"type":"B","date":"2018-03-13T01:46:36.000Z","volume":10000,"price":7.56,"category":"bbear"},{"type":"B","date":"2018-03-13T01:34:32.000Z","volume":4800,"price":7.61,"category":"bbear"},{"type":"B","date":"2018-03-13T01:34:30.000Z","volume":6800,"price":7.61,"category":"bbear"},{"type":"B","date":"2018-03-13T01:30:23.000Z","volume":4800,"price":7.55,"category":"bbear"},{"type":"B","date":"2018-03-13T01:30:15.000Z","volume":14000,"price":7.55,"category":"bbear"},{"type":"B","date":"2018-03-13T01:30:08.000Z","volume":10400,"price":7.69,"category":"bbear"},{"type":"B","date":"2018-03-13T07:49:31.000Z","volume":80000,"price":7.72,"category":"ubbear"},{"type":"B","date":"2018-03-13T07:46:46.000Z","volume":40000,"price":7.72,"category":"ubbear"},{"type":"B","date":"2018-03-13T07:24:28.000Z","volume":75200,"price":7.73,"category":"ubbear"},{"type":"B","date":"2018-03-13T07:08:57.000Z","volume":125200,"price":7.72,"category":"ubbear"},{"type":"B","date":"2018-03-13T07:03:53.000Z","volume":54400,"price":7.73,"category":"ubbear"},{"type":"B","date":"2018-03-13T06:53:40.000Z","volume":20000,"price":7.72,"category":"ubbear"},{"type":"B","date":"2018-03-13T06:51:05.000Z","volume":40800,"price":7.72,"category":"ubbear"},{"type":"B","date":"2018-03-13T06:46:18.000Z","volume":43200,"price":7.75,"category":"ubbear"},{"type":"B","date":"2018-03-13T06:43:09.000Z","volume":30000,"price":7.75,"category":"ubbear"},{"type":"B","date":"2018-03-13T05:55:48.000Z","volume":19200,"price":7.72,"category":"ubbear"},{"type":"B","date":"2018-03-13T05:50:37.000Z","volume":64400,"price":7.72,"category":"ubbear"},{"type":"B","date":"2018-03-13T05:49:16.000Z","volume":98800,"price":7.7,"category":"ubbear"},{"type":"B","date":"2018-03-13T05:41:06.000Z","volume":19600,"price":7.7,"category":"ubbear"},{"type":"B","date":"2018-03-13T05:39:11.000Z","volume":49600,"price":7.75,"category":"ubbear"},{"type":"B","date":"2018-03-13T05:39:11.000Z","volume":74800,"price":7.75,"category":"ubbear"},{"type":"B","date":"2018-03-13T05:32:10.000Z","volume":21600,"price":7.72,"category":"ubbear"},{"type":"B","date":"2018-03-13T05:29:47.000Z","volume":46000,"price":7.72,"category":"ubbear"},{"type":"B","date":"2018-03-13T05:24:30.000Z","volume":48400,"price":7.74,"category":"ubbear"},{"type":"B","date":"2018-03-13T05:05:37.000Z","volume":18400,"price":7.7,"category":"ubbear"},{"type":"B","date":"2018-03-13T03:42:51.000Z","volume":20400,"price":7.63,"category":"ubbear"},{"type":"B","date":"2018-03-13T03:22:22.000Z","volume":38400,"price":7.7,"category":"ubbear"},{"type":"B","date":"2018-03-13T03:12:52.000Z","volume":19200,"price":7.7,"category":"ubbear"},{"type":"B","date":"2018-03-13T03:08:00.000Z","volume":40000,"price":7.7,"category":"ubbear"},{"type":"B","date":"2018-03-13T03:05:19.000Z","volume":44400,"price":7.7,"category":"ubbear"},{"type":"B","date":"2018-03-13T02:53:33.000Z","volume":22000,"price":7.68,"category":"ubbear"},{"type":"B","date":"2018-03-13T02:25:34.000Z","volume":27600,"price":7.64,"category":"ubbear"},{"type":"B","date":"2018-03-13T02:25:34.000Z","volume":30000,"price":7.64,"category":"ubbear"},{"type":"B","date":"2018-03-13T02:01:46.000Z","volume":37600,"price":7.56,"category":"ubbear"},{"type":"B","date":"2018-03-13T02:01:46.000Z","volume":63600,"price":7.57,"category":"ubbear"},{"type":"B","date":"2018-03-13T02:01:46.000Z","volume":20800,"price":7.58,"category":"ubbear"},{"type":"B","date":"2018-03-13T01:46:36.000Z","volume":44000,"price":7.57,"category":"ubbear"},{"type":"B","date":"2018-03-13T01:46:36.000Z","volume":24000,"price":7.58,"category":"ubbear"},{"type":"B","date":"2018-03-13T01:46:36.000Z","volume":32000,"price":7.59,"category":"ubbear"},{"type":"B","date":"2018-03-13T01:46:34.000Z","volume":18800,"price":7.6,"category":"ubbear"},{"type":"B","date":"2018-03-13T01:37:30.000Z","volume":30000,"price":7.58,"category":"ubbear"},{"type":"B","date":"2018-03-13T01:35:22.000Z","volume":34800,"price":7.58,"category":"ubbear"},{"type":"B","date":"2018-03-13T01:34:22.000Z","volume":37600,"price":7.63,"category":"ubbear"},{"type":"B","date":"2018-03-13T01:34:22.000Z","volume":58800,"price":7.64,"category":"ubbear"},{"type":"B","date":"2018-03-13T01:30:08.000Z","volume":19600,"price":7.68,"category":"ubbear"}]