[{"type":"B","date":"2018-04-24T01:33:34.000Z","volume":6000,"label":" ","price":0.49},{"type":"A","date":"2018-04-24T01:34:02.000Z","volume":58000,"label":" ","price":0.49},{"type":"A","date":"2018-04-24T01:34:02.000Z","volume":2000,"label":" ","price":0.495},{"type":"A","date":"2018-04-24T01:34:18.000Z","volume":98000,"label":" ","price":0.495},{"type":"A","date":"2018-04-24T01:34:18.000Z","volume":2000,"label":" ","price":0.5},{"type":"A","date":"2018-04-24T01:56:56.000Z","volume":110000,"label":" ","price":0.495},{"type":"B","date":"2018-04-24T02:08:45.000Z","volume":4000,"label":" ","price":0.49},{"type":"A","date":"2018-04-24T02:11:08.000Z","volume":46000,"label":" ","price":0.49},{"type":"A","date":"2018-04-24T02:11:08.000Z","volume":2000,"label":" ","price":0.495},{"type":"B","date":"2018-04-24T02:11:19.000Z","volume":2000,"label":" ","price":0.485},{"type":"A","date":"2018-04-24T02:11:48.000Z","volume":2000,"label":" ","price":0.495},{"type":"A","date":"2018-04-24T02:17:03.000Z","volume":50000,"label":" ","price":0.49},{"type":"A","date":"2018-04-24T02:17:16.000Z","volume":2000,"label":" ","price":0.495},{"type":"A","date":"2018-04-24T02:45:08.000Z","volume":50000,"label":" ","price":0.49},{"type":"A","date":"2018-04-24T03:00:03.000Z","volume":2000,"label":" ","price":0.495},{"type":"B","date":"2018-04-24T03:23:46.000Z","volume":2000,"label":" ","price":0.49},{"type":"A","date":"2018-04-24T03:27:08.000Z","volume":2000,"label":" ","price":0.495},{"type":"B","date":"2018-04-24T05:23:19.000Z","volume":98000,"label":" ","price":0.49},{"type":"A","date":"2018-04-24T05:24:45.000Z","volume":2000,"label":" ","price":0.49},{"type":"A","date":"2018-04-24T05:24:45.000Z","volume":2000,"label":" ","price":0.495},{"type":"A","date":"2018-04-24T05:39:06.000Z","volume":20000,"label":" ","price":0.49},{"type":"A","date":"2018-04-24T05:39:06.000Z","volume":2000,"label":" ","price":0.495},{"type":"B","date":"2018-04-24T06:18:36.000Z","volume":158000,"label":" ","price":0.49},{"type":"A","date":"2018-04-24T06:18:48.000Z","volume":2000,"label":" ","price":0.495},{"type":"A","date":"2018-04-24T06:19:34.000Z","volume":100000,"label":" ","price":0.495},{"type":"A","date":"2018-04-24T07:35:35.000Z","volume":2000,"label":" ","price":0.49},{"type":"A","date":"2018-04-24T07:35:35.000Z","volume":2000,"label":" ","price":0.495},{"type":"A","date":"2018-04-24T07:51:10.000Z","volume":40000,"label":" ","price":0.495}]