[{"type":"U","date":"2018-05-04T01:20:00.000Z","volume":6600,"label":"U","price":27.55},{"type":"A","date":"2018-05-04T01:30:08.000Z","volume":400,"label":" ","price":27.6},{"type":"B","date":"2018-05-04T01:30:10.000Z","volume":200,"label":" ","price":27.55},{"type":"A","date":"2018-05-04T01:30:27.000Z","volume":2600,"label":" ","price":27.6},{"type":"A","date":"2018-05-04T01:30:29.000Z","volume":400,"label":" ","price":27.65},{"type":"U","date":"2018-05-04T01:31:07.000Z","volume":150,"label":"D","price":27.55},{"type":"A","date":"2018-05-04T01:33:24.000Z","volume":400,"label":" ","price":27.65},{"type":"A","date":"2018-05-04T01:33:25.000Z","volume":200,"label":" ","price":27.65},{"type":"A","date":"2018-05-04T01:33:32.000Z","volume":200,"label":" ","price":27.65},{"type":"B","date":"2018-05-04T01:33:33.000Z","volume":200,"label":" ","price":27.65},{"type":"A","date":"2018-05-04T01:35:23.000Z","volume":200,"label":" ","price":27.7},{"type":"B","date":"2018-05-04T01:35:51.000Z","volume":400,"label":" ","price":27.65},{"type":"B","date":"2018-05-04T01:38:21.000Z","volume":200,"label":" ","price":27.65},{"type":"U","date":"2018-05-04T01:40:12.000Z","volume":200,"label":"X","price":27.65},{"type":"B","date":"2018-05-04T01:43:40.000Z","volume":200,"label":" ","price":27.65},{"type":"B","date":"2018-05-04T01:43:41.000Z","volume":200,"label":" ","price":27.65},{"type":"B","date":"2018-05-04T01:43:44.000Z","volume":200,"label":" ","price":27.65},{"type":"A","date":"2018-05-04T01:44:58.000Z","volume":200,"label":" ","price":27.7},{"type":"A","date":"2018-05-04T01:45:19.000Z","volume":200,"label":" ","price":27.7},{"type":"B","date":"2018-05-04T01:46:56.000Z","volume":800,"label":" ","price":27.65},{"type":"A","date":"2018-05-04T01:46:56.000Z","volume":600,"label":" ","price":27.7},{"type":"B","date":"2018-05-04T01:46:56.000Z","volume":200,"label":" ","price":27.65},{"type":"B","date":"2018-05-04T01:46:57.000Z","volume":400,"label":" ","price":27.65},{"type":"B","date":"2018-05-04T01:46:58.000Z","volume":600,"label":" ","price":27.65},{"type":"B","date":"2018-05-04T01:47:51.000Z","volume":13800,"label":" ","price":27.65},{"type":"B","date":"2018-05-04T01:47:51.000Z","volume":1400,"label":" ","price":27.6},{"type":"B","date":"2018-05-04T01:47:53.000Z","volume":200,"label":" ","price":27.6},{"type":"A","date":"2018-05-04T01:47:54.000Z","volume":400,"label":" ","price":27.65},{"type":"B","date":"2018-05-04T01:48:18.000Z","volume":200,"label":" ","price":27.6},{"type":"B","date":"2018-05-04T01:48:47.000Z","volume":17400,"label":" ","price":27.6},{"type":"B","date":"2018-05-04T01:48:47.000Z","volume":1800,"label":" ","price":27.55},{"type":"U","date":"2018-05-04T01:48:48.000Z","volume":200,"label":" ","price":27.55},{"type":"A","date":"2018-05-04T01:48:49.000Z","volume":600,"label":" ","price":27.55},{"type":"A","date":"2018-05-04T01:48:49.000Z","volume":800,"label":" ","price":27.55},{"type":"A","date":"2018-05-04T01:48:51.000Z","volume":400,"label":" ","price":27.55},{"type":"A","date":"2018-05-04T01:48:51.000Z","volume":200,"label":" ","price":27.55},{"type":"B","date":"2018-05-04T01:48:52.000Z","volume":400,"label":" ","price":27.5},{"type":"A","date":"2018-05-04T01:48:53.000Z","volume":200,"label":" ","price":27.55},{"type":"B","date":"2018-05-04T01:48:54.000Z","volume":4200,"label":" ","price":27.5},{"type":"B","date":"2018-05-04T01:48:54.000Z","volume":400,"label":" ","price":27.5},{"type":"A","date":"2018-05-04T01:48:55.000Z","volume":200,"label":" ","price":27.5},{"type":"A","date":"2018-05-04T01:48:55.000Z","volume":200,"label":" ","price":27.5},{"type":"B","date":"2018-05-04T01:51:24.000Z","volume":200,"label":" ","price":27.45},{"type":"B","date":"2018-05-04T01:51:25.000Z","volume":400,"label":" ","price":27.45},{"type":"A","date":"2018-05-04T01:51:26.000Z","volume":200,"label":" ","price":27.5},{"type":"A","date":"2018-05-04T01:51:26.000Z","volume":200,"label":" ","price":27.5},{"type":"A","date":"2018-05-04T01:54:55.000Z","volume":3600,"label":" ","price":27.5},{"type":"A","date":"2018-05-04T01:54:55.000Z","volume":400,"label":" ","price":27.5},{"type":"A","date":"2018-05-04T01:54:57.000Z","volume":400,"label":" ","price":27.5},{"type":"A","date":"2018-05-04T01:54:57.000Z","volume":1400,"label":" ","price":27.5},{"type":"A","date":"2018-05-04T01:54:58.000Z","volume":600,"label":" ","price":27.5},{"type":"A","date":"2018-05-04T01:54:58.000Z","volume":200,"label":" ","price":27.5},{"type":"A","date":"2018-05-04T01:54:58.000Z","volume":400,"label":" ","price":27.5},{"type":"A","date":"2018-05-04T01:54:59.000Z","volume":400,"label":" ","price":27.55},{"type":"B","date":"2018-05-04T01:56:43.000Z","volume":200,"label":" ","price":27.5},{"type":"B","date":"2018-05-04T02:00:16.000Z","volume":1400,"label":" ","price":27.5},{"type":"A","date":"2018-05-04T02:00:18.000Z","volume":600,"label":" ","price":27.55},{"type":"B","date":"2018-05-04T02:03:40.000Z","volume":200,"label":" ","price":27.5},{"type":"B","date":"2018-05-04T02:04:23.000Z","volume":200,"label":" ","price":27.5},{"type":"A","date":"2018-05-04T02:04:23.000Z","volume":200,"label":" ","price":27.55},{"type":"A","date":"2018-05-04T02:04:23.000Z","volume":600,"label":" ","price":27.55},{"type":"A","date":"2018-05-04T02:04:25.000Z","volume":200,"label":" ","price":27.55},{"type":"A","date":"2018-05-04T02:04:27.000Z","volume":200,"label":" ","price":27.55},{"type":"B","date":"2018-05-04T02:05:48.000Z","volume":200,"label":" ","price":27.5},{"type":"A","date":"2018-05-04T02:05:48.000Z","volume":200,"label":" ","price":27.55},{"type":"A","date":"2018-05-04T02:05:50.000Z","volume":200,"label":" ","price":27.55},{"type":"B","date":"2018-05-04T02:06:00.000Z","volume":1000,"label":" ","price":27.5},{"type":"A","date":"2018-05-04T02:06:02.000Z","volume":200,"label":" ","price":27.55},{"type":"B","date":"2018-05-04T02:06:45.000Z","volume":3200,"label":" ","price":27.5},{"type":"B","date":"2018-05-04T02:06:45.000Z","volume":200,"label":" ","price":27.5},{"type":"B","date":"2018-05-04T02:06:47.000Z","volume":200,"label":" ","price":27.5},{"type":"B","date":"2018-05-04T02:06:51.000Z","volume":200,"label":" ","price":27.5},{"type":"B","date":"2018-05-04T02:08:30.000Z","volume":200,"label":" ","price":27.5},{"type":"B","date":"2018-05-04T02:09:50.000Z","volume":200,"label":" ","price":27.5},{"type":"A","date":"2018-05-04T02:10:37.000Z","volume":200,"label":" ","price":27.55},{"type":"A","date":"2018-05-04T02:11:05.000Z","volume":200,"label":" ","price":27.55},{"type":"B","date":"2018-05-04T02:11:10.000Z","volume":200,"label":" ","price":27.5},{"type":"B","date":"2018-05-04T02:11:50.000Z","volume":200,"label":" ","price":27.5},{"type":"B","date":"2018-05-04T02:12:50.000Z","volume":200,"label":" ","price":27.5},{"type":"B","date":"2018-05-04T02:13:10.000Z","volume":200,"label":" ","price":27.5},{"type":"B","date":"2018-05-04T02:14:10.000Z","volume":200,"label":" ","price":27.5},{"type":"B","date":"2018-05-04T02:14:10.000Z","volume":3600,"label":" ","price":27.5},{"type":"A","date":"2018-05-04T02:14:12.000Z","volume":200,"label":" ","price":27.55},{"type":"A","date":"2018-05-04T02:14:12.000Z","volume":200,"label":" ","price":27.55},{"type":"B","date":"2018-05-04T02:14:12.000Z","volume":400,"label":" ","price":27.5},{"type":"A","date":"2018-05-04T02:14:14.000Z","volume":200,"label":" ","price":27.55},{"type":"A","date":"2018-05-04T02:14:14.000Z","volume":200,"label":" ","price":27.55},{"type":"B","date":"2018-05-04T02:14:30.000Z","volume":200,"label":" ","price":27.5},{"type":"A","date":"2018-05-04T02:14:30.000Z","volume":200,"label":" ","price":27.55},{"type":"B","date":"2018-05-04T02:14:30.000Z","volume":200,"label":" ","price":27.5},{"type":"B","date":"2018-05-04T02:15:19.000Z","volume":200,"label":" ","price":27.5},{"type":"A","date":"2018-05-04T02:15:19.000Z","volume":200,"label":" ","price":27.55},{"type":"A","date":"2018-05-04T02:15:19.000Z","volume":200,"label":" ","price":27.55},{"type":"A","date":"2018-05-04T02:16:17.000Z","volume":200,"label":" ","price":27.55},{"type":"A","date":"2018-05-04T02:16:19.000Z","volume":200,"label":" ","price":27.55},{"type":"A","date":"2018-05-04T02:18:21.000Z","volume":400,"label":" ","price":27.55},{"type":"A","date":"2018-05-04T02:18:21.000Z","volume":5000,"label":" ","price":27.55},{"type":"A","date":"2018-05-04T02:18:21.000Z","volume":800,"label":" ","price":27.55},{"type":"A","date":"2018-05-04T02:18:21.000Z","volume":11200,"label":" ","price":27.55},{"type":"A","date":"2018-05-04T02:18:21.000Z","volume":1800,"label":" ","price":27.6},{"type":"A","date":"2018-05-04T02:18:21.000Z","volume":3200,"label":" ","price":27.6},{"type":"A","date":"2018-05-04T02:18:22.000Z","volume":200,"label":" ","price":27.6},{"type":"A","date":"2018-05-04T02:18:24.000Z","volume":1400,"label":" ","price":27.6},{"type":"A","date":"2018-05-04T02:18:26.000Z","volume":600,"label":" ","price":27.6},{"type":"A","date":"2018-05-04T02:18:27.000Z","volume":400,"label":" ","price":27.6},{"type":"A","date":"2018-05-04T02:18:28.000Z","volume":1400,"label":" ","price":27.6},{"type":"A","date":"2018-05-04T02:18:28.000Z","volume":400,"label":" ","price":27.6},{"type":"A","date":"2018-05-04T02:18:30.000Z","volume":800,"label":" ","price":27.6},{"type":"A","date":"2018-05-04T02:18:33.000Z","volume":1200,"label":"Y","price":27.6},{"type":"B","date":"2018-05-04T02:18:34.000Z","volume":600,"label":" ","price":27.55},{"type":"A","date":"2018-05-04T02:18:34.000Z","volume":400,"label":" ","price":27.6},{"type":"A","date":"2018-05-04T02:18:37.000Z","volume":200,"label":" ","price":27.6},{"type":"A","date":"2018-05-04T02:18:39.000Z","volume":9000,"label":" ","price":27.6},{"type":"A","date":"2018-05-04T02:19:18.000Z","volume":3800,"label":" ","price":27.65},{"type":"A","date":"2018-05-04T02:19:18.000Z","volume":200,"label":"Y","price":27.65},{"type":"A","date":"2018-05-04T02:19:18.000Z","volume":1200,"label":" ","price":27.65},{"type":"A","date":"2018-05-04T02:19:18.000Z","volume":1400,"label":" ","price":27.65},{"type":"A","date":"2018-05-04T02:19:18.000Z","volume":1400,"label":" ","price":27.65},{"type":"A","date":"2018-05-04T02:19:18.000Z","volume":400,"label":" ","price":27.65},{"type":"A","date":"2018-05-04T02:19:19.000Z","volume":800,"label":" ","price":27.65},{"type":"B","date":"2018-05-04T02:20:20.000Z","volume":15800,"label":" ","price":27.6},{"type":"B","date":"2018-05-04T02:20:21.000Z","volume":1200,"label":" ","price":27.55},{"type":"U","date":"2018-05-04T02:20:22.000Z","volume":400,"label":" ","price":27.6},{"type":"U","date":"2018-05-04T02:20:22.000Z","volume":800,"label":" ","price":27.6},{"type":"A","date":"2018-05-04T02:20:22.000Z","volume":200,"label":" ","price":27.6},{"type":"B","date":"2018-05-04T02:20:46.000Z","volume":3000,"label":" ","price":27.55},{"type":"B","date":"2018-05-04T02:20:46.000Z","volume":3400,"label":" ","price":27.55},{"type":"B","date":"2018-05-04T02:20:46.000Z","volume":400,"label":" ","price":27.5},{"type":"A","date":"2018-05-04T02:20:47.000Z","volume":5400,"label":" ","price":27.55},{"type":"B","date":"2018-05-04T02:20:47.000Z","volume":600,"label":" ","price":27.5},{"type":"A","date":"2018-05-04T02:20:48.000Z","volume":2000,"label":" ","price":27.55},{"type":"U","date":"2018-05-04T02:20:49.000Z","volume":400,"label":" ","price":27.55},{"type":"A","date":"2018-05-04T02:23:53.000Z","volume":200,"label":" ","price":27.6},{"type":"A","date":"2018-05-04T02:25:44.000Z","volume":200,"label":" ","price":27.6},{"type":"A","date":"2018-05-04T02:26:30.000Z","volume":600,"label":" ","price":27.55},{"type":"B","date":"2018-05-04T02:26:30.000Z","volume":600,"label":" ","price":27.55},{"type":"A","date":"2018-05-04T02:26:30.000Z","volume":200,"label":" ","price":27.55},{"type":"A","date":"2018-05-04T02:26:30.000Z","volume":200,"label":" ","price":27.55},{"type":"A","date":"2018-05-04T02:26:32.000Z","volume":200,"label":" ","price":27.55},{"type":"A","date":"2018-05-04T02:26:32.000Z","volume":800,"label":" ","price":27.55},{"type":"A","date":"2018-05-04T02:26:32.000Z","volume":1000,"label":" ","price":27.55},{"type":"A","date":"2018-05-04T02:26:34.000Z","volume":600,"label":" ","price":27.55},{"type":"A","date":"2018-05-04T02:26:34.000Z","volume":200,"label":" ","price":27.55},{"type":"B","date":"2018-05-04T02:26:34.000Z","volume":200,"label":" ","price":27.55},{"type":"A","date":"2018-05-04T02:32:47.000Z","volume":7800,"label":" ","price":27.6},{"type":"A","date":"2018-05-04T02:32:47.000Z","volume":3400,"label":" ","price":27.6},{"type":"B","date":"2018-05-04T02:32:49.000Z","volume":2000,"label":" ","price":27.6},{"type":"B","date":"2018-05-04T02:33:54.000Z","volume":200,"label":" ","price":27.6},{"type":"A","date":"2018-05-04T02:34:08.000Z","volume":200,"label":" ","price":27.65},{"type":"A","date":"2018-05-04T02:37:38.000Z","volume":200,"label":" ","price":27.65},{"type":"U","date":"2018-05-04T02:38:34.000Z","volume":100,"label":"D","price":27.85},{"type":"A","date":"2018-05-04T02:40:38.000Z","volume":200,"label":" ","price":27.65},{"type":"A","date":"2018-05-04T02:44:32.000Z","volume":200,"label":" ","price":27.65},{"type":"A","date":"2018-05-04T02:44:37.000Z","volume":400,"label":" ","price":27.65},{"type":"A","date":"2018-05-04T02:49:13.000Z","volume":600,"label":" ","price":27.65},{"type":"A","date":"2018-05-04T02:50:14.000Z","volume":200,"label":" ","price":27.65},{"type":"A","date":"2018-05-04T02:50:14.000Z","volume":200,"label":" ","price":27.65},{"type":"A","date":"2018-05-04T02:51:35.000Z","volume":400,"label":" ","price":27.65},{"type":"B","date":"2018-05-04T02:52:29.000Z","volume":200,"label":" ","price":27.6},{"type":"A","date":"2018-05-04T02:53:59.000Z","volume":600,"label":" ","price":27.65},{"type":"B","date":"2018-05-04T02:53:59.000Z","volume":200,"label":" ","price":27.6},{"type":"A","date":"2018-05-04T02:53:59.000Z","volume":400,"label":" ","price":27.65},{"type":"B","date":"2018-05-04T02:54:27.000Z","volume":200,"label":" ","price":27.6},{"type":"B","date":"2018-05-04T02:54:30.000Z","volume":2000,"label":" ","price":27.6},{"type":"A","date":"2018-05-04T02:54:30.000Z","volume":400,"label":" ","price":27.65},{"type":"B","date":"2018-05-04T02:54:31.000Z","volume":400,"label":" ","price":27.6},{"type":"B","date":"2018-05-04T02:54:31.000Z","volume":600,"label":" ","price":27.6},{"type":"A","date":"2018-05-04T02:54:31.000Z","volume":400,"label":" ","price":27.65},{"type":"B","date":"2018-05-04T02:54:34.000Z","volume":200,"label":" ","price":27.6},{"type":"A","date":"2018-05-04T02:59:57.000Z","volume":600,"label":" ","price":27.65},{"type":"A","date":"2018-05-04T03:00:28.000Z","volume":400,"label":" ","price":27.65},{"type":"B","date":"2018-05-04T03:00:28.000Z","volume":200,"label":" ","price":27.6},{"type":"B","date":"2018-05-04T03:00:30.000Z","volume":200,"label":" ","price":27.6},{"type":"B","date":"2018-05-04T03:00:30.000Z","volume":2400,"label":" ","price":27.6},{"type":"B","date":"2018-05-04T03:00:30.000Z","volume":200,"label":" ","price":27.6},{"type":"B","date":"2018-05-04T03:00:31.000Z","volume":800,"label":" ","price":27.6},{"type":"B","date":"2018-05-04T03:00:32.000Z","volume":800,"label":" ","price":27.6},{"type":"A","date":"2018-05-04T03:01:17.000Z","volume":200,"label":" ","price":27.65},{"type":"B","date":"2018-05-04T03:01:42.000Z","volume":800,"label":" ","price":27.6},{"type":"B","date":"2018-05-04T03:01:42.000Z","volume":200,"label":" ","price":27.6},{"type":"B","date":"2018-05-04T03:01:43.000Z","volume":400,"label":" ","price":27.6},{"type":"A","date":"2018-05-04T03:05:38.000Z","volume":200,"label":" ","price":27.65},{"type":"A","date":"2018-05-04T03:06:05.000Z","volume":400,"label":" ","price":27.65},{"type":"A","date":"2018-05-04T03:07:35.000Z","volume":2200,"label":" ","price":27.65},{"type":"A","date":"2018-05-04T03:09:17.000Z","volume":1600,"label":" ","price":27.65},{"type":"A","date":"2018-05-04T03:09:17.000Z","volume":400,"label":" ","price":27.65},{"type":"B","date":"2018-05-04T03:10:33.000Z","volume":600,"label":" ","price":27.6},{"type":"B","date":"2018-05-04T03:11:03.000Z","volume":200,"label":" ","price":27.6},{"type":"A","date":"2018-05-04T03:11:03.000Z","volume":200,"label":" ","price":27.65},{"type":"B","date":"2018-05-04T03:11:07.000Z","volume":200,"label":" ","price":27.6},{"type":"A","date":"2018-05-04T03:11:27.000Z","volume":600,"label":" ","price":27.65},{"type":"A","date":"2018-05-04T03:11:28.000Z","volume":200,"label":" ","price":27.65},{"type":"B","date":"2018-05-04T03:11:30.000Z","volume":200,"label":" ","price":27.6},{"type":"A","date":"2018-05-04T03:11:31.000Z","volume":200,"label":" ","price":27.65},{"type":"A","date":"2018-05-04T03:13:06.000Z","volume":400,"label":" ","price":27.65},{"type":"A","date":"2018-05-04T03:13:30.000Z","volume":600,"label":" ","price":27.65},{"type":"A","date":"2018-05-04T03:13:30.000Z","volume":400,"label":" ","price":27.65},{"type":"B","date":"2018-05-04T03:13:30.000Z","volume":200,"label":" ","price":27.6},{"type":"B","date":"2018-05-04T03:13:32.000Z","volume":200,"label":" ","price":27.6},{"type":"B","date":"2018-05-04T03:13:33.000Z","volume":2400,"label":" ","price":27.6},{"type":"A","date":"2018-05-04T03:13:33.000Z","volume":200,"label":"Y","price":27.65},{"type":"A","date":"2018-05-04T03:13:33.000Z","volume":200,"label":" ","price":27.65},{"type":"A","date":"2018-05-04T03:13:33.000Z","volume":400,"label":" ","price":27.65},{"type":"B","date":"2018-05-04T03:13:34.000Z","volume":200,"label":" ","price":27.6},{"type":"A","date":"2018-05-04T03:13:34.000Z","volume":400,"label":" ","price":27.65},{"type":"B","date":"2018-05-04T03:13:36.000Z","volume":200,"label":" ","price":27.6},{"type":"B","date":"2018-05-04T03:13:36.000Z","volume":1200,"label":" ","price":27.6},{"type":"A","date":"2018-05-04T03:13:37.000Z","volume":400,"label":" ","price":27.65},{"type":"A","date":"2018-05-04T03:13:39.000Z","volume":200,"label":" ","price":27.65},{"type":"B","date":"2018-05-04T03:13:39.000Z","volume":200,"label":" ","price":27.6},{"type":"A","date":"2018-05-04T03:13:40.000Z","volume":800,"label":" ","price":27.65},{"type":"B","date":"2018-05-04T03:15:39.000Z","volume":2000,"label":" ","price":27.6},{"type":"B","date":"2018-05-04T03:15:39.000Z","volume":2200,"label":" ","price":27.6},{"type":"A","date":"2018-05-04T03:15:39.000Z","volume":600,"label":" ","price":27.65},{"type":"B","date":"2018-05-04T03:15:40.000Z","volume":800,"label":" ","price":27.6},{"type":"B","date":"2018-05-04T03:15:40.000Z","volume":400,"label":" ","price":27.6},{"type":"A","date":"2018-05-04T03:15:40.000Z","volume":600,"label":" ","price":27.65},{"type":"B","date":"2018-05-04T03:15:42.000Z","volume":400,"label":" ","price":27.6},{"type":"B","date":"2018-05-04T03:15:42.000Z","volume":800,"label":" ","price":27.6},{"type":"B","date":"2018-05-04T03:15:43.000Z","volume":400,"label":" ","price":27.6},{"type":"B","date":"2018-05-04T03:15:44.000Z","volume":1600,"label":" ","price":27.6},{"type":"B","date":"2018-05-04T03:15:44.000Z","volume":400,"label":" ","price":27.6},{"type":"A","date":"2018-05-04T03:15:55.000Z","volume":2200,"label":" ","price":27.65},{"type":"A","date":"2018-05-04T03:17:39.000Z","volume":200,"label":" ","price":27.65},{"type":"A","date":"2018-05-04T03:25:41.000Z","volume":1200,"label":" ","price":27.65},{"type":"B","date":"2018-05-04T03:25:42.000Z","volume":800,"label":" ","price":27.6},{"type":"B","date":"2018-05-04T03:25:45.000Z","volume":200,"label":" ","price":27.6},{"type":"A","date":"2018-05-04T03:27:28.000Z","volume":37400,"label":" ","price":27.65},{"type":"B","date":"2018-05-04T03:27:28.000Z","volume":4200,"label":" ","price":27.6},{"type":"B","date":"2018-05-04T03:27:28.000Z","volume":1800,"label":" ","price":27.6},{"type":"B","date":"2018-05-04T03:27:28.000Z","volume":200,"label":"Y","price":27.6},{"type":"B","date":"2018-05-04T03:27:28.000Z","volume":2200,"label":" ","price":27.6},{"type":"A","date":"2018-05-04T03:27:28.000Z","volume":200,"label":"Y","price":27.65},{"type":"B","date":"2018-05-04T03:27:28.000Z","volume":200,"label":" ","price":27.6},{"type":"B","date":"2018-05-04T03:27:28.000Z","volume":2200,"label":" ","price":27.6},{"type":"B","date":"2018-05-04T03:27:29.000Z","volume":400,"label":"Y","price":27.6},{"type":"B","date":"2018-05-04T03:27:29.000Z","volume":3600,"label":" ","price":27.6},{"type":"B","date":"2018-05-04T03:27:29.000Z","volume":6400,"label":" ","price":27.6},{"type":"U","date":"2018-05-04T03:27:30.000Z","volume":3000,"label":" ","price":27.6},{"type":"B","date":"2018-05-04T03:27:30.000Z","volume":400,"label":" ","price":27.55},{"type":"B","date":"2018-05-04T03:27:30.000Z","volume":4800,"label":" ","price":27.55},{"type":"B","date":"2018-05-04T03:27:32.000Z","volume":800,"label":" ","price":27.55},{"type":"B","date":"2018-05-04T03:27:32.000Z","volume":200,"label":" ","price":27.55},{"type":"B","date":"2018-05-04T03:27:33.000Z","volume":600,"label":" ","price":27.55},{"type":"B","date":"2018-05-04T03:27:34.000Z","volume":200,"label":" ","price":27.55},{"type":"A","date":"2018-05-04T03:27:35.000Z","volume":19600,"label":" ","price":27.6},{"type":"A","date":"2018-05-04T03:27:38.000Z","volume":39200,"label":" ","price":27.6},{"type":"U","date":"2018-05-04T03:27:38.000Z","volume":3200,"label":" ","price":27.6},{"type":"B","date":"2018-05-04T03:27:39.000Z","volume":200,"label":" ","price":27.55},{"type":"B","date":"2018-05-04T03:27:41.000Z","volume":200,"label":" ","price":27.55},{"type":"A","date":"2018-05-04T03:27:42.000Z","volume":18200,"label":" ","price":27.6},{"type":"A","date":"2018-05-04T03:27:42.000Z","volume":37600,"label":" ","price":27.6},{"type":"A","date":"2018-05-04T03:27:42.000Z","volume":1000,"label":" ","price":27.6},{"type":"A","date":"2018-05-04T03:27:42.000Z","volume":800,"label":" ","price":27.6},{"type":"A","date":"2018-05-04T03:27:42.000Z","volume":400,"label":" ","price":27.6},{"type":"A","date":"2018-05-04T03:27:43.000Z","volume":800,"label":" ","price":27.6},{"type":"A","date":"2018-05-04T03:27:44.000Z","volume":1000,"label":" ","price":27.6},{"type":"A","date":"2018-05-04T03:27:44.000Z","volume":5600,"label":" ","price":27.6},{"type":"A","date":"2018-05-04T03:27:44.000Z","volume":1000,"label":" ","price":27.6},{"type":"A","date":"2018-05-04T03:27:44.000Z","volume":1000,"label":" ","price":27.6},{"type":"B","date":"2018-05-04T03:27:45.000Z","volume":600,"label":" ","price":27.55},{"type":"A","date":"2018-05-04T03:27:50.000Z","volume":20800,"label":" ","price":27.6},{"type":"B","date":"2018-05-04T03:27:51.000Z","volume":2000,"label":" ","price":27.55},{"type":"B","date":"2018-05-04T03:27:52.000Z","volume":200,"label":" ","price":27.55},{"type":"A","date":"2018-05-04T03:27:54.000Z","volume":13000,"label":" ","price":27.6},{"type":"A","date":"2018-05-04T03:27:54.000Z","volume":1000,"label":" ","price":27.6},{"type":"A","date":"2018-05-04T03:28:09.000Z","volume":10800,"label":" ","price":27.6},{"type":"A","date":"2018-05-04T03:28:09.000Z","volume":1000,"label":" ","price":27.6},{"type":"B","date":"2018-05-04T03:28:10.000Z","volume":1000,"label":" ","price":27.55},{"type":"A","date":"2018-05-04T03:28:10.000Z","volume":800,"label":" ","price":27.6},{"type":"B","date":"2018-05-04T03:28:11.000Z","volume":200,"label":" ","price":27.55},{"type":"A","date":"2018-05-04T03:28:15.000Z","volume":7400,"label":" ","price":27.6},{"type":"A","date":"2018-05-04T03:28:16.000Z","volume":800,"label":" ","price":27.6},{"type":"A","date":"2018-05-04T03:28:19.000Z","volume":6600,"label":" ","price":27.6},{"type":"A","date":"2018-05-04T03:28:19.000Z","volume":800,"label":" ","price":27.6},{"type":"A","date":"2018-05-04T03:28:39.000Z","volume":5200,"label":" ","price":27.6},{"type":"A","date":"2018-05-04T03:28:39.000Z","volume":6400,"label":" ","price":27.6},{"type":"A","date":"2018-05-04T03:28:39.000Z","volume":22200,"label":" ","price":27.6},{"type":"B","date":"2018-05-04T03:28:39.000Z","volume":400,"label":" ","price":27.6},{"type":"B","date":"2018-05-04T03:28:39.000Z","volume":4200,"label":" ","price":27.6},{"type":"B","date":"2018-05-04T03:28:41.000Z","volume":200,"label":" ","price":27.6},{"type":"B","date":"2018-05-04T03:29:38.000Z","volume":200,"label":" ","price":27.6},{"type":"A","date":"2018-05-04T03:32:40.000Z","volume":200,"label":" ","price":27.65},{"type":"A","date":"2018-05-04T03:32:40.000Z","volume":800,"label":" ","price":27.65},{"type":"B","date":"2018-05-04T03:32:41.000Z","volume":4800,"label":" ","price":27.6},{"type":"B","date":"2018-05-04T03:32:41.000Z","volume":2000,"label":" ","price":27.6},{"type":"B","date":"2018-05-04T03:32:41.000Z","volume":1000,"label":" ","price":27.6},{"type":"B","date":"2018-05-04T03:32:42.000Z","volume":2000,"label":" ","price":27.6},{"type":"B","date":"2018-05-04T03:35:02.000Z","volume":1000,"label":" ","price":27.6},{"type":"B","date":"2018-05-04T03:38:12.000Z","volume":600,"label":" ","price":27.6},{"type":"B","date":"2018-05-04T03:41:17.000Z","volume":200,"label":" ","price":27.6},{"type":"B","date":"2018-05-04T03:44:27.000Z","volume":200,"label":" ","price":27.6},{"type":"A","date":"2018-05-04T03:45:56.000Z","volume":200,"label":" ","price":27.65},{"type":"B","date":"2018-05-04T03:45:56.000Z","volume":200,"label":" ","price":27.6},{"type":"B","date":"2018-05-04T03:48:13.000Z","volume":200,"label":" ","price":27.6},{"type":"A","date":"2018-05-04T03:49:01.000Z","volume":200,"label":" ","price":27.65},{"type":"A","date":"2018-05-04T03:49:17.000Z","volume":200,"label":"Y","price":27.65},{"type":"B","date":"2018-05-04T03:50:32.000Z","volume":4400,"label":" ","price":27.6},{"type":"B","date":"2018-05-04T03:50:33.000Z","volume":600,"label":" ","price":27.6},{"type":"B","date":"2018-05-04T03:50:47.000Z","volume":3200,"label":" ","price":27.6},{"type":"A","date":"2018-05-04T03:50:47.000Z","volume":200,"label":" ","price":27.65},{"type":"A","date":"2018-05-04T03:53:10.000Z","volume":200,"label":" ","price":27.65},{"type":"B","date":"2018-05-04T03:54:02.000Z","volume":200,"label":" ","price":27.6},{"type":"A","date":"2018-05-04T03:54:10.000Z","volume":200,"label":" ","price":27.65},{"type":"B","date":"2018-05-04T03:54:11.000Z","volume":600,"label":" ","price":27.6},{"type":"B","date":"2018-05-04T03:54:32.000Z","volume":600,"label":" ","price":27.6},{"type":"A","date":"2018-05-04T03:54:32.000Z","volume":200,"label":" ","price":27.65},{"type":"A","date":"2018-05-04T03:56:31.000Z","volume":600,"label":" ","price":27.65},{"type":"A","date":"2018-05-04T03:59:08.000Z","volume":200,"label":" ","price":27.65},{"type":"U","date":"2018-05-04T05:00:00.000Z","volume":6,"label":"D","price":27.871},{"type":"B","date":"2018-05-04T05:00:02.000Z","volume":800,"label":" ","price":27.6},{"type":"A","date":"2018-05-04T05:00:03.000Z","volume":200,"label":" ","price":27.65},{"type":"A","date":"2018-05-04T05:00:03.000Z","volume":400,"label":" ","price":27.65},{"type":"B","date":"2018-05-04T05:00:03.000Z","volume":400,"label":" ","price":27.6},{"type":"A","date":"2018-05-04T05:00:04.000Z","volume":1200,"label":" ","price":27.65},{"type":"B","date":"2018-05-04T05:01:10.000Z","volume":16200,"label":" ","price":27.6},{"type":"A","date":"2018-05-04T05:01:10.000Z","volume":400,"label":" ","price":27.65},{"type":"B","date":"2018-05-04T05:01:10.000Z","volume":2000,"label":" ","price":27.6},{"type":"B","date":"2018-05-04T05:01:10.000Z","volume":1200,"label":" ","price":27.6},{"type":"B","date":"2018-05-04T05:01:10.000Z","volume":3800,"label":" ","price":27.6},{"type":"B","date":"2018-05-04T05:01:11.000Z","volume":1800,"label":" ","price":27.55},{"type":"B","date":"2018-05-04T05:01:12.000Z","volume":2800,"label":" ","price":27.55},{"type":"A","date":"2018-05-04T05:01:12.000Z","volume":800,"label":" ","price":27.6},{"type":"A","date":"2018-05-04T05:01:14.000Z","volume":600,"label":" ","price":27.55},{"type":"B","date":"2018-05-04T05:01:15.000Z","volume":1600,"label":" ","price":27.5},{"type":"B","date":"2018-05-04T05:01:18.000Z","volume":1400,"label":" ","price":27.5},{"type":"A","date":"2018-05-04T05:01:20.000Z","volume":5400,"label":" ","price":27.55},{"type":"A","date":"2018-05-04T05:01:20.000Z","volume":200,"label":" ","price":27.55},{"type":"B","date":"2018-05-04T05:01:21.000Z","volume":1400,"label":" ","price":27.5},{"type":"A","date":"2018-05-04T05:01:22.000Z","volume":200,"label":" ","price":27.55},{"type":"A","date":"2018-05-04T05:01:22.000Z","volume":2800,"label":" ","price":27.55},{"type":"A","date":"2018-05-04T05:01:24.000Z","volume":600,"label":" ","price":27.55},{"type":"A","date":"2018-05-04T05:01:27.000Z","volume":200,"label":"Y","price":27.55},{"type":"A","date":"2018-05-04T05:01:27.000Z","volume":2400,"label":" ","price":27.55},{"type":"A","date":"2018-05-04T05:01:28.000Z","volume":600,"label":" ","price":27.55},{"type":"A","date":"2018-05-04T05:01:30.000Z","volume":3800,"label":" ","price":27.55},{"type":"A","date":"2018-05-04T05:01:32.000Z","volume":1000,"label":" ","price":27.55},{"type":"A","date":"2018-05-04T05:01:40.000Z","volume":1600,"label":" ","price":27.55},{"type":"A","date":"2018-05-04T05:01:42.000Z","volume":800,"label":" ","price":27.55},{"type":"A","date":"2018-05-04T05:01:42.000Z","volume":1000,"label":" ","price":27.55},{"type":"A","date":"2018-05-04T05:01:42.000Z","volume":400,"label":" ","price":27.55},{"type":"A","date":"2018-05-04T05:01:42.000Z","volume":600,"label":" ","price":27.55},{"type":"A","date":"2018-05-04T05:01:54.000Z","volume":12800,"label":" ","price":27.6},{"type":"B","date":"2018-05-04T05:01:55.000Z","volume":1000,"label":" ","price":27.45},{"type":"A","date":"2018-05-04T05:01:55.000Z","volume":400,"label":" ","price":27.6},{"type":"A","date":"2018-05-04T05:02:01.000Z","volume":6000,"label":" ","price":27.6},{"type":"A","date":"2018-05-04T05:02:13.000Z","volume":800,"label":"Y","price":27.6},{"type":"A","date":"2018-05-04T05:02:13.000Z","volume":3000,"label":" ","price":27.6},{"type":"A","date":"2018-05-04T05:03:22.000Z","volume":3800,"label":" ","price":27.6},{"type":"A","date":"2018-05-04T05:03:24.000Z","volume":600,"label":" ","price":27.6},{"type":"A","date":"2018-05-04T05:03:24.000Z","volume":1800,"label":" ","price":27.6},{"type":"A","date":"2018-05-04T05:03:24.000Z","volume":600,"label":" ","price":27.6},{"type":"A","date":"2018-05-04T05:03:26.000Z","volume":400,"label":" ","price":27.6},{"type":"A","date":"2018-05-04T05:03:26.000Z","volume":400,"label":" ","price":27.6},{"type":"A","date":"2018-05-04T05:03:30.000Z","volume":400,"label":" ","price":27.6},{"type":"A","date":"2018-05-04T05:03:32.000Z","volume":2200,"label":" ","price":27.6},{"type":"A","date":"2018-05-04T05:03:32.000Z","volume":600,"label":" ","price":27.6},{"type":"A","date":"2018-05-04T05:03:33.000Z","volume":400,"label":" ","price":27.6},{"type":"A","date":"2018-05-04T05:03:35.000Z","volume":200,"label":" ","price":27.6},{"type":"A","date":"2018-05-04T05:03:36.000Z","volume":5600,"label":" ","price":27.6},{"type":"A","date":"2018-05-04T05:03:37.000Z","volume":1000,"label":" ","price":27.6},{"type":"A","date":"2018-05-04T05:03:37.000Z","volume":800,"label":" ","price":27.6},{"type":"A","date":"2018-05-04T05:03:38.000Z","volume":800,"label":" ","price":27.6},{"type":"A","date":"2018-05-04T05:03:38.000Z","volume":2000,"label":" ","price":27.6},{"type":"A","date":"2018-05-04T05:03:40.000Z","volume":800,"label":" ","price":27.6},{"type":"A","date":"2018-05-04T05:03:40.000Z","volume":600,"label":" ","price":27.6},{"type":"A","date":"2018-05-04T05:03:41.000Z","volume":600,"label":" ","price":27.6},{"type":"A","date":"2018-05-04T05:03:41.000Z","volume":200,"label":" ","price":27.6},{"type":"A","date":"2018-05-04T05:03:44.000Z","volume":400,"label":" ","price":27.6},{"type":"B","date":"2018-05-04T05:05:11.000Z","volume":600,"label":" ","price":27.6},{"type":"B","date":"2018-05-04T05:06:48.000Z","volume":200,"label":" ","price":27.6},{"type":"A","date":"2018-05-04T05:17:13.000Z","volume":200,"label":" ","price":27.65},{"type":"B","date":"2018-05-04T05:17:45.000Z","volume":800,"label":" ","price":27.6},{"type":"B","date":"2018-05-04T05:17:46.000Z","volume":600,"label":" ","price":27.6},{"type":"B","date":"2018-05-04T05:17:48.000Z","volume":400,"label":" ","price":27.6},{"type":"B","date":"2018-05-04T05:17:49.000Z","volume":200,"label":" ","price":27.6},{"type":"A","date":"2018-05-04T05:20:23.000Z","volume":200,"label":" ","price":27.65},{"type":"B","date":"2018-05-04T05:20:23.000Z","volume":200,"label":" ","price":27.6},{"type":"B","date":"2018-05-04T05:20:25.000Z","volume":200,"label":" ","price":27.6},{"type":"B","date":"2018-05-04T05:20:26.000Z","volume":200,"label":" ","price":27.6},{"type":"B","date":"2018-05-04T05:25:23.000Z","volume":200,"label":" ","price":27.6},{"type":"A","date":"2018-05-04T05:26:21.000Z","volume":200,"label":" ","price":27.65},{"type":"B","date":"2018-05-04T05:26:22.000Z","volume":200,"label":" ","price":27.6},{"type":"B","date":"2018-05-04T05:26:28.000Z","volume":200,"label":" ","price":27.6},{"type":"B","date":"2018-05-04T05:26:29.000Z","volume":200,"label":" ","price":27.6},{"type":"B","date":"2018-05-04T05:29:33.000Z","volume":1000,"label":" ","price":27.6},{"type":"B","date":"2018-05-04T05:29:34.000Z","volume":600,"label":" ","price":27.6},{"type":"B","date":"2018-05-04T05:29:37.000Z","volume":400,"label":" ","price":27.6},{"type":"B","date":"2018-05-04T05:29:37.000Z","volume":600,"label":" ","price":27.6},{"type":"B","date":"2018-05-04T05:29:38.000Z","volume":600,"label":" ","price":27.6},{"type":"A","date":"2018-05-04T05:32:41.000Z","volume":400,"label":" ","price":27.65},{"type":"B","date":"2018-05-04T05:32:42.000Z","volume":400,"label":" ","price":27.6},{"type":"A","date":"2018-05-04T05:36:19.000Z","volume":200,"label":" ","price":27.65},{"type":"B","date":"2018-05-04T05:36:19.000Z","volume":1400,"label":" ","price":27.6},{"type":"B","date":"2018-05-04T05:36:19.000Z","volume":400,"label":" ","price":27.6},{"type":"A","date":"2018-05-04T05:36:19.000Z","volume":200,"label":" ","price":27.65},{"type":"B","date":"2018-05-04T05:36:20.000Z","volume":1600,"label":" ","price":27.6},{"type":"B","date":"2018-05-04T05:36:22.000Z","volume":600,"label":" ","price":27.6},{"type":"B","date":"2018-05-04T05:36:23.000Z","volume":400,"label":" ","price":27.6},{"type":"B","date":"2018-05-04T05:36:25.000Z","volume":200,"label":" ","price":27.6},{"type":"B","date":"2018-05-04T05:36:26.000Z","volume":200,"label":" ","price":27.6},{"type":"A","date":"2018-05-04T05:40:01.000Z","volume":600,"label":" ","price":27.65},{"type":"B","date":"2018-05-04T05:40:01.000Z","volume":1600,"label":" ","price":27.6},{"type":"B","date":"2018-05-04T05:40:02.000Z","volume":400,"label":" ","price":27.6},{"type":"B","date":"2018-05-04T05:40:02.000Z","volume":1600,"label":" ","price":27.6},{"type":"B","date":"2018-05-04T05:40:06.000Z","volume":400,"label":" ","price":27.6},{"type":"B","date":"2018-05-04T05:40:08.000Z","volume":400,"label":" ","price":27.6},{"type":"A","date":"2018-05-04T05:43:07.000Z","volume":200,"label":" ","price":27.65},{"type":"B","date":"2018-05-04T05:43:58.000Z","volume":200,"label":" ","price":27.6},{"type":"B","date":"2018-05-04T05:43:59.000Z","volume":200,"label":" ","price":27.6},{"type":"B","date":"2018-05-04T05:44:08.000Z","volume":400,"label":" ","price":27.6},{"type":"A","date":"2018-05-04T05:47:38.000Z","volume":200,"label":" ","price":27.65},{"type":"B","date":"2018-05-04T05:47:38.000Z","volume":1600,"label":" ","price":27.6},{"type":"B","date":"2018-05-04T05:47:39.000Z","volume":1200,"label":" ","price":27.6},{"type":"B","date":"2018-05-04T05:47:42.000Z","volume":600,"label":" ","price":27.6},{"type":"B","date":"2018-05-04T05:47:43.000Z","volume":400,"label":" ","price":27.6},{"type":"B","date":"2018-05-04T05:47:45.000Z","volume":200,"label":" ","price":27.6},{"type":"B","date":"2018-05-04T05:47:46.000Z","volume":200,"label":" ","price":27.6},{"type":"B","date":"2018-05-04T05:47:46.000Z","volume":1400,"label":" ","price":27.6},{"type":"B","date":"2018-05-04T05:47:47.000Z","volume":1000,"label":" ","price":27.6},{"type":"B","date":"2018-05-04T05:47:48.000Z","volume":400,"label":" ","price":27.6},{"type":"B","date":"2018-05-04T05:47:48.000Z","volume":600,"label":" ","price":27.6},{"type":"B","date":"2018-05-04T05:47:50.000Z","volume":400,"label":" ","price":27.6},{"type":"B","date":"2018-05-04T05:47:51.000Z","volume":800,"label":" ","price":27.6},{"type":"B","date":"2018-05-04T05:47:51.000Z","volume":400,"label":" ","price":27.6},{"type":"B","date":"2018-05-04T05:47:52.000Z","volume":400,"label":" ","price":27.6},{"type":"B","date":"2018-05-04T05:47:52.000Z","volume":200,"label":" ","price":27.6},{"type":"B","date":"2018-05-04T05:48:03.000Z","volume":1400,"label":" ","price":27.6},{"type":"B","date":"2018-05-04T05:48:03.000Z","volume":400,"label":" ","price":27.6},{"type":"B","date":"2018-05-04T05:48:04.000Z","volume":1400,"label":" ","price":27.6},{"type":"B","date":"2018-05-04T05:48:07.000Z","volume":400,"label":" ","price":27.6},{"type":"B","date":"2018-05-04T05:48:08.000Z","volume":200,"label":" ","price":27.6},{"type":"B","date":"2018-05-04T05:48:10.000Z","volume":400,"label":"Y","price":27.6},{"type":"B","date":"2018-05-04T05:48:10.000Z","volume":800,"label":" ","price":27.6},{"type":"B","date":"2018-05-04T05:48:10.000Z","volume":600,"label":" ","price":27.6},{"type":"B","date":"2018-05-04T05:48:10.000Z","volume":200,"label":" ","price":27.6},{"type":"B","date":"2018-05-04T05:48:11.000Z","volume":400,"label":" ","price":27.6},{"type":"A","date":"2018-05-04T05:48:21.000Z","volume":7600,"label":" ","price":27.6},{"type":"A","date":"2018-05-04T05:48:31.000Z","volume":400,"label":"Y","price":27.6},{"type":"A","date":"2018-05-04T05:48:31.000Z","volume":7600,"label":" ","price":27.6},{"type":"A","date":"2018-05-04T05:48:31.000Z","volume":1000,"label":" ","price":27.6},{"type":"A","date":"2018-05-04T05:48:38.000Z","volume":6400,"label":" ","price":27.6},{"type":"A","date":"2018-05-04T05:48:38.000Z","volume":1200,"label":" ","price":27.6},{"type":"A","date":"2018-05-04T05:48:44.000Z","volume":1800,"label":" ","price":27.6},{"type":"A","date":"2018-05-04T05:48:47.000Z","volume":800,"label":" ","price":27.6},{"type":"A","date":"2018-05-04T05:48:47.000Z","volume":200,"label":" ","price":27.6},{"type":"A","date":"2018-05-04T05:48:48.000Z","volume":200,"label":" ","price":27.6},{"type":"A","date":"2018-05-04T05:49:01.000Z","volume":200,"label":" ","price":27.6},{"type":"U","date":"2018-05-04T05:49:10.000Z","volume":200,"label":" ","price":27.6},{"type":"B","date":"2018-05-04T05:49:24.000Z","volume":200,"label":" ","price":27.55},{"type":"B","date":"2018-05-04T05:54:03.000Z","volume":200,"label":" ","price":27.6},{"type":"B","date":"2018-05-04T05:55:07.000Z","volume":7800,"label":" ","price":27.6},{"type":"U","date":"2018-05-04T05:55:08.000Z","volume":2000,"label":" ","price":27.6},{"type":"A","date":"2018-05-04T05:55:14.000Z","volume":5400,"label":" ","price":27.6},{"type":"A","date":"2018-05-04T05:55:29.000Z","volume":7200,"label":" ","price":27.6},{"type":"A","date":"2018-05-04T05:55:37.000Z","volume":3400,"label":" ","price":27.6},{"type":"A","date":"2018-05-04T05:55:54.000Z","volume":4000,"label":" ","price":27.6},{"type":"A","date":"2018-05-04T05:56:01.000Z","volume":4200,"label":" ","price":27.6},{"type":"A","date":"2018-05-04T05:56:13.000Z","volume":2200,"label":" ","price":27.6},{"type":"A","date":"2018-05-04T05:56:24.000Z","volume":1000,"label":" ","price":27.6},{"type":"A","date":"2018-05-04T05:56:31.000Z","volume":400,"label":" ","price":27.6},{"type":"A","date":"2018-05-04T05:56:31.000Z","volume":600,"label":" ","price":27.6},{"type":"A","date":"2018-05-04T05:56:38.000Z","volume":2800,"label":" ","price":27.6},{"type":"A","date":"2018-05-04T05:56:54.000Z","volume":2800,"label":" ","price":27.6},{"type":"A","date":"2018-05-04T05:57:06.000Z","volume":1400,"label":" ","price":27.6},{"type":"A","date":"2018-05-04T05:57:06.000Z","volume":1600,"label":" ","price":27.6},{"type":"B","date":"2018-05-04T06:02:34.000Z","volume":200,"label":" ","price":27.6},{"type":"B","date":"2018-05-04T06:08:00.000Z","volume":200,"label":" ","price":27.6},{"type":"B","date":"2018-05-04T06:11:38.000Z","volume":200,"label":"Y","price":27.6},{"type":"B","date":"2018-05-04T06:11:38.000Z","volume":2000,"label":" ","price":27.6},{"type":"B","date":"2018-05-04T06:11:38.000Z","volume":600,"label":" ","price":27.6},{"type":"B","date":"2018-05-04T06:11:38.000Z","volume":400,"label":" ","price":27.6},{"type":"B","date":"2018-05-04T06:11:38.000Z","volume":600,"label":" ","price":27.6},{"type":"B","date":"2018-05-04T06:11:38.000Z","volume":1000,"label":" ","price":27.6},{"type":"B","date":"2018-05-04T06:11:39.000Z","volume":600,"label":" ","price":27.6},{"type":"B","date":"2018-05-04T06:11:41.000Z","volume":2400,"label":" ","price":27.6},{"type":"B","date":"2018-05-04T06:11:41.000Z","volume":800,"label":" ","price":27.6},{"type":"B","date":"2018-05-04T06:11:42.000Z","volume":200,"label":"Y","price":27.6},{"type":"B","date":"2018-05-04T06:11:42.000Z","volume":2800,"label":" ","price":27.6},{"type":"A","date":"2018-05-04T06:11:42.000Z","volume":800,"label":" ","price":27.6},{"type":"A","date":"2018-05-04T06:12:00.000Z","volume":3800,"label":" ","price":27.6},{"type":"A","date":"2018-05-04T06:12:08.000Z","volume":2800,"label":" ","price":27.6},{"type":"A","date":"2018-05-04T06:12:18.000Z","volume":1600,"label":" ","price":27.6},{"type":"A","date":"2018-05-04T06:12:24.000Z","volume":800,"label":" ","price":27.6},{"type":"A","date":"2018-05-04T06:12:24.000Z","volume":400,"label":" ","price":27.6},{"type":"A","date":"2018-05-04T06:12:32.000Z","volume":200,"label":" ","price":27.6},{"type":"A","date":"2018-05-04T06:12:32.000Z","volume":400,"label":" ","price":27.6},{"type":"A","date":"2018-05-04T06:15:05.000Z","volume":200,"label":" ","price":27.65},{"type":"B","date":"2018-05-04T06:15:31.000Z","volume":800,"label":"Y","price":27.55},{"type":"B","date":"2018-05-04T06:15:31.000Z","volume":6800,"label":" ","price":27.55},{"type":"A","date":"2018-05-04T06:15:31.000Z","volume":8200,"label":" ","price":27.55},{"type":"A","date":"2018-05-04T06:15:33.000Z","volume":2200,"label":" ","price":27.55},{"type":"A","date":"2018-05-04T06:15:33.000Z","volume":3600,"label":" ","price":27.55},{"type":"B","date":"2018-05-04T06:15:34.000Z","volume":200,"label":" ","price":27.5},{"type":"B","date":"2018-05-04T06:15:34.000Z","volume":400,"label":" ","price":27.5},{"type":"A","date":"2018-05-04T06:15:35.000Z","volume":1600,"label":" ","price":27.55},{"type":"B","date":"2018-05-04T06:15:36.000Z","volume":200,"label":" ","price":27.5},{"type":"A","date":"2018-05-04T06:15:39.000Z","volume":600,"label":"Y","price":27.55},{"type":"A","date":"2018-05-04T06:15:39.000Z","volume":3400,"label":" ","price":27.55},{"type":"B","date":"2018-05-04T06:15:39.000Z","volume":400,"label":" ","price":27.5},{"type":"A","date":"2018-05-04T06:15:39.000Z","volume":1600,"label":" ","price":27.55},{"type":"A","date":"2018-05-04T06:16:01.000Z","volume":1200,"label":" ","price":27.55},{"type":"A","date":"2018-05-04T06:16:03.000Z","volume":1000,"label":" ","price":27.55},{"type":"A","date":"2018-05-04T06:16:03.000Z","volume":200,"label":" ","price":27.55},{"type":"A","date":"2018-05-04T06:16:06.000Z","volume":4200,"label":" ","price":27.6},{"type":"A","date":"2018-05-04T06:16:13.000Z","volume":600,"label":"Y","price":27.6},{"type":"A","date":"2018-05-04T06:16:13.000Z","volume":7600,"label":" ","price":27.6},{"type":"A","date":"2018-05-04T06:16:18.000Z","volume":8200,"label":" ","price":27.6},{"type":"A","date":"2018-05-04T06:16:27.000Z","volume":800,"label":"Y","price":27.6},{"type":"A","date":"2018-05-04T06:16:27.000Z","volume":9400,"label":" ","price":27.6},{"type":"A","date":"2018-05-04T06:16:27.000Z","volume":9800,"label":" ","price":27.6},{"type":"B","date":"2018-05-04T06:16:27.000Z","volume":1200,"label":" ","price":27.6},{"type":"B","date":"2018-05-04T06:16:27.000Z","volume":5000,"label":" ","price":27.6},{"type":"A","date":"2018-05-04T06:16:38.000Z","volume":200,"label":" ","price":27.6},{"type":"A","date":"2018-05-04T06:16:44.000Z","volume":2800,"label":" ","price":27.6},{"type":"A","date":"2018-05-04T06:16:48.000Z","volume":800,"label":"Y","price":27.6},{"type":"A","date":"2018-05-04T06:16:48.000Z","volume":2600,"label":" ","price":27.6},{"type":"A","date":"2018-05-04T06:16:55.000Z","volume":3600,"label":" ","price":27.6},{"type":"A","date":"2018-05-04T06:17:02.000Z","volume":4600,"label":" ","price":27.6},{"type":"A","date":"2018-05-04T06:17:02.000Z","volume":3400,"label":" ","price":27.6},{"type":"A","date":"2018-05-04T06:17:10.000Z","volume":3000,"label":" ","price":27.6},{"type":"A","date":"2018-05-04T06:17:30.000Z","volume":3200,"label":" ","price":27.6},{"type":"A","date":"2018-05-04T06:17:41.000Z","volume":1800,"label":" ","price":27.6},{"type":"A","date":"2018-05-04T06:17:54.000Z","volume":600,"label":"Y","price":27.6},{"type":"A","date":"2018-05-04T06:17:54.000Z","volume":1600,"label":" ","price":27.6},{"type":"A","date":"2018-05-04T06:19:39.000Z","volume":600,"label":" ","price":27.65},{"type":"A","date":"2018-05-04T06:19:57.000Z","volume":64200,"label":" ","price":27.65},{"type":"A","date":"2018-05-04T06:19:57.000Z","volume":17600,"label":" ","price":27.7},{"type":"A","date":"2018-05-04T06:19:57.000Z","volume":8600,"label":" ","price":27.75},{"type":"B","date":"2018-05-04T06:21:07.000Z","volume":200,"label":" ","price":27.65},{"type":"U","date":"2018-05-04T06:21:42.000Z","volume":200,"label":" ","price":27.7},{"type":"B","date":"2018-05-04T06:22:10.000Z","volume":6800,"label":" ","price":27.7},{"type":"B","date":"2018-05-04T06:22:11.000Z","volume":3800,"label":" ","price":27.7},{"type":"A","date":"2018-05-04T06:22:11.000Z","volume":800,"label":" ","price":27.7},{"type":"A","date":"2018-05-04T06:25:34.000Z","volume":13000,"label":" ","price":27.7},{"type":"B","date":"2018-05-04T06:25:55.000Z","volume":1000,"label":" ","price":27.7},{"type":"B","date":"2018-05-04T06:25:56.000Z","volume":1400,"label":" ","price":27.7},{"type":"B","date":"2018-05-04T06:25:56.000Z","volume":1000,"label":" ","price":27.7},{"type":"U","date":"2018-05-04T06:29:51.000Z","volume":200,"label":" ","price":27.7},{"type":"B","date":"2018-05-04T06:30:14.000Z","volume":2000,"label":"Y","price":27.7},{"type":"B","date":"2018-05-04T06:30:14.000Z","volume":2200,"label":" ","price":27.7},{"type":"B","date":"2018-05-04T06:30:14.000Z","volume":1200,"label":"Y","price":27.65},{"type":"B","date":"2018-05-04T06:30:14.000Z","volume":1600,"label":" ","price":27.65},{"type":"B","date":"2018-05-04T06:30:15.000Z","volume":800,"label":" ","price":27.65},{"type":"B","date":"2018-05-04T06:31:23.000Z","volume":1800,"label":" ","price":27.65},{"type":"B","date":"2018-05-04T06:31:29.000Z","volume":200,"label":" ","price":27.6},{"type":"A","date":"2018-05-04T06:35:59.000Z","volume":2000,"label":" ","price":27.7},{"type":"B","date":"2018-05-04T06:36:00.000Z","volume":200,"label":" ","price":27.6},{"type":"B","date":"2018-05-04T06:36:36.000Z","volume":600,"label":" ","price":27.6},{"type":"B","date":"2018-05-04T06:39:42.000Z","volume":200,"label":" ","price":27.6},{"type":"B","date":"2018-05-04T06:41:24.000Z","volume":2400,"label":" ","price":27.6},{"type":"B","date":"2018-05-04T06:41:24.000Z","volume":200,"label":" ","price":27.65},{"type":"B","date":"2018-05-04T06:41:26.000Z","volume":200,"label":" ","price":27.6},{"type":"B","date":"2018-05-04T06:41:27.000Z","volume":1000,"label":" ","price":27.6},{"type":"B","date":"2018-05-04T06:41:28.000Z","volume":200,"label":" ","price":27.6},{"type":"B","date":"2018-05-04T06:41:33.000Z","volume":400,"label":" ","price":27.6},{"type":"B","date":"2018-05-04T06:41:34.000Z","volume":200,"label":" ","price":27.6},{"type":"A","date":"2018-05-04T06:47:12.000Z","volume":5400,"label":" ","price":27.65},{"type":"A","date":"2018-05-04T06:47:12.000Z","volume":200,"label":" ","price":27.7},{"type":"B","date":"2018-05-04T06:47:12.000Z","volume":200,"label":" ","price":27.6},{"type":"B","date":"2018-05-04T06:51:28.000Z","volume":200,"label":" ","price":27.65},{"type":"B","date":"2018-05-04T06:54:27.000Z","volume":400,"label":" ","price":27.65},{"type":"B","date":"2018-05-04T06:54:27.000Z","volume":600,"label":" ","price":27.65},{"type":"B","date":"2018-05-04T06:54:30.000Z","volume":200,"label":" ","price":27.65},{"type":"B","date":"2018-05-04T06:54:31.000Z","volume":200,"label":" ","price":27.65},{"type":"B","date":"2018-05-04T06:55:01.000Z","volume":400,"label":"Y","price":27.65},{"type":"B","date":"2018-05-04T06:55:01.000Z","volume":4200,"label":" ","price":27.65},{"type":"B","date":"2018-05-04T06:55:02.000Z","volume":1000,"label":" ","price":27.65},{"type":"B","date":"2018-05-04T06:57:53.000Z","volume":3000,"label":" ","price":27.65},{"type":"B","date":"2018-05-04T06:57:53.000Z","volume":600,"label":" ","price":27.65},{"type":"B","date":"2018-05-04T06:57:53.000Z","volume":800,"label":" ","price":27.65},{"type":"B","date":"2018-05-04T06:57:54.000Z","volume":800,"label":" ","price":27.65},{"type":"B","date":"2018-05-04T06:57:56.000Z","volume":200,"label":" ","price":27.65},{"type":"B","date":"2018-05-04T06:58:16.000Z","volume":200,"label":" ","price":27.65},{"type":"B","date":"2018-05-04T07:00:28.000Z","volume":200,"label":" ","price":27.65},{"type":"B","date":"2018-05-04T07:00:28.000Z","volume":200,"label":" ","price":27.65},{"type":"B","date":"2018-05-04T07:01:30.000Z","volume":2400,"label":" ","price":27.65},{"type":"B","date":"2018-05-04T07:01:30.000Z","volume":400,"label":" ","price":27.65},{"type":"A","date":"2018-05-04T07:04:01.000Z","volume":200,"label":" ","price":27.7},{"type":"B","date":"2018-05-04T07:07:57.000Z","volume":2200,"label":" ","price":27.65},{"type":"B","date":"2018-05-04T07:09:44.000Z","volume":4200,"label":" ","price":27.65},{"type":"B","date":"2018-05-04T07:09:44.000Z","volume":400,"label":" ","price":27.65},{"type":"A","date":"2018-05-04T07:09:46.000Z","volume":800,"label":" ","price":27.7},{"type":"B","date":"2018-05-04T07:10:00.000Z","volume":2600,"label":" ","price":27.65},{"type":"A","date":"2018-05-04T07:10:00.000Z","volume":400,"label":" ","price":27.7},{"type":"B","date":"2018-05-04T07:16:25.000Z","volume":200,"label":" ","price":27.65},{"type":"B","date":"2018-05-04T07:16:54.000Z","volume":200,"label":" ","price":27.65},{"type":"B","date":"2018-05-04T07:16:57.000Z","volume":1400,"label":" ","price":27.65},{"type":"B","date":"2018-05-04T07:17:21.000Z","volume":200,"label":" ","price":27.65},{"type":"B","date":"2018-05-04T07:17:30.000Z","volume":600,"label":" ","price":27.65},{"type":"B","date":"2018-05-04T07:18:00.000Z","volume":3200,"label":" ","price":27.65},{"type":"B","date":"2018-05-04T07:18:36.000Z","volume":200,"label":" ","price":27.65},{"type":"B","date":"2018-05-04T07:19:01.000Z","volume":200,"label":" ","price":27.65},{"type":"B","date":"2018-05-04T07:19:29.000Z","volume":200,"label":" ","price":27.65},{"type":"B","date":"2018-05-04T07:19:55.000Z","volume":200,"label":" ","price":27.65},{"type":"B","date":"2018-05-04T07:20:27.000Z","volume":200,"label":" ","price":27.65},{"type":"B","date":"2018-05-04T07:20:27.000Z","volume":200,"label":" ","price":27.65},{"type":"B","date":"2018-05-04T07:21:04.000Z","volume":200,"label":" ","price":27.65},{"type":"B","date":"2018-05-04T07:21:36.000Z","volume":200,"label":" ","price":27.65},{"type":"B","date":"2018-05-04T07:22:09.000Z","volume":200,"label":" ","price":27.65},{"type":"B","date":"2018-05-04T07:22:37.000Z","volume":200,"label":" ","price":27.65},{"type":"B","date":"2018-05-04T07:23:10.000Z","volume":200,"label":" ","price":27.65},{"type":"B","date":"2018-05-04T07:23:11.000Z","volume":400,"label":" ","price":27.65},{"type":"B","date":"2018-05-04T07:23:17.000Z","volume":3400,"label":" ","price":27.65},{"type":"B","date":"2018-05-04T07:24:38.000Z","volume":200,"label":" ","price":27.65},{"type":"B","date":"2018-05-04T07:25:20.000Z","volume":200,"label":" ","price":27.65},{"type":"B","date":"2018-05-04T07:25:22.000Z","volume":200,"label":" ","price":27.65},{"type":"B","date":"2018-05-04T07:25:23.000Z","volume":200,"label":" ","price":27.65},{"type":"B","date":"2018-05-04T07:26:03.000Z","volume":3000,"label":" ","price":27.65},{"type":"B","date":"2018-05-04T07:26:06.000Z","volume":2800,"label":" ","price":27.65},{"type":"B","date":"2018-05-04T07:26:06.000Z","volume":400,"label":" ","price":27.65},{"type":"B","date":"2018-05-04T07:26:17.000Z","volume":200,"label":" ","price":27.65},{"type":"B","date":"2018-05-04T07:27:16.000Z","volume":200,"label":" ","price":27.65},{"type":"B","date":"2018-05-04T07:28:16.000Z","volume":200,"label":" ","price":27.65},{"type":"B","date":"2018-05-04T07:28:51.000Z","volume":200,"label":" ","price":27.65},{"type":"A","date":"2018-05-04T07:29:17.000Z","volume":200,"label":" ","price":27.7},{"type":"B","date":"2018-05-04T07:29:17.000Z","volume":200,"label":" ","price":27.65},{"type":"A","date":"2018-05-04T07:29:17.000Z","volume":200,"label":" ","price":27.7},{"type":"B","date":"2018-05-04T07:30:17.000Z","volume":5400,"label":" ","price":27.65},{"type":"B","date":"2018-05-04T07:30:18.000Z","volume":1000,"label":" ","price":27.65},{"type":"B","date":"2018-05-04T07:30:19.000Z","volume":200,"label":" ","price":27.65},{"type":"B","date":"2018-05-04T07:30:40.000Z","volume":1800,"label":" ","price":27.65},{"type":"B","date":"2018-05-04T07:30:43.000Z","volume":600,"label":" ","price":27.65},{"type":"B","date":"2018-05-04T07:32:33.000Z","volume":2800,"label":" ","price":27.65},{"type":"B","date":"2018-05-04T07:32:33.000Z","volume":1200,"label":" ","price":27.65},{"type":"U","date":"2018-05-04T07:32:33.000Z","volume":400,"label":" ","price":27.65},{"type":"B","date":"2018-05-04T07:32:33.000Z","volume":200,"label":" ","price":27.6},{"type":"B","date":"2018-05-04T07:32:33.000Z","volume":400,"label":" ","price":27.65},{"type":"B","date":"2018-05-04T07:32:33.000Z","volume":400,"label":" ","price":27.65},{"type":"B","date":"2018-05-04T07:32:33.000Z","volume":400,"label":" ","price":27.65},{"type":"B","date":"2018-05-04T07:32:34.000Z","volume":400,"label":" ","price":27.65},{"type":"B","date":"2018-05-04T07:32:35.000Z","volume":200,"label":" ","price":27.65},{"type":"B","date":"2018-05-04T07:32:36.000Z","volume":800,"label":" ","price":27.65},{"type":"A","date":"2018-05-04T07:32:36.000Z","volume":400,"label":" ","price":27.65},{"type":"A","date":"2018-05-04T07:32:36.000Z","volume":8600,"label":" ","price":27.65},{"type":"U","date":"2018-05-04T07:32:36.000Z","volume":400,"label":" ","price":27.65},{"type":"U","date":"2018-05-04T07:32:36.000Z","volume":5600,"label":" ","price":27.65},{"type":"U","date":"2018-05-04T07:32:36.000Z","volume":400,"label":" ","price":27.65},{"type":"U","date":"2018-05-04T07:32:36.000Z","volume":200,"label":" ","price":27.65},{"type":"U","date":"2018-05-04T07:32:36.000Z","volume":400,"label":" ","price":27.65},{"type":"A","date":"2018-05-04T07:32:36.000Z","volume":600,"label":" ","price":27.7},{"type":"B","date":"2018-05-04T07:32:36.000Z","volume":600,"label":" ","price":27.65},{"type":"B","date":"2018-05-04T07:32:36.000Z","volume":400,"label":" ","price":27.65},{"type":"B","date":"2018-05-04T07:32:37.000Z","volume":400,"label":" ","price":27.65},{"type":"A","date":"2018-05-04T07:32:37.000Z","volume":400,"label":" ","price":27.65},{"type":"A","date":"2018-05-04T07:32:37.000Z","volume":3000,"label":" ","price":27.65},{"type":"B","date":"2018-05-04T07:32:38.000Z","volume":1000,"label":" ","price":27.6},{"type":"B","date":"2018-05-04T07:32:38.000Z","volume":400,"label":" ","price":27.6},{"type":"B","date":"2018-05-04T07:32:38.000Z","volume":800,"label":" ","price":27.6},{"type":"B","date":"2018-05-04T07:32:40.000Z","volume":400,"label":" ","price":27.6},{"type":"A","date":"2018-05-04T07:32:40.000Z","volume":200,"label":" ","price":27.6},{"type":"A","date":"2018-05-04T07:32:40.000Z","volume":3600,"label":" ","price":27.6},{"type":"B","date":"2018-05-04T07:32:41.000Z","volume":200,"label":" ","price":27.6},{"type":"B","date":"2018-05-04T07:32:42.000Z","volume":200,"label":" ","price":27.6},{"type":"B","date":"2018-05-04T07:32:42.000Z","volume":200,"label":" ","price":27.6},{"type":"B","date":"2018-05-04T07:32:43.000Z","volume":400,"label":" ","price":27.6},{"type":"B","date":"2018-05-04T07:32:45.000Z","volume":200,"label":" ","price":27.6},{"type":"B","date":"2018-05-04T07:32:45.000Z","volume":200,"label":" ","price":27.6},{"type":"B","date":"2018-05-04T07:32:47.000Z","volume":200,"label":" ","price":27.6},{"type":"B","date":"2018-05-04T07:32:48.000Z","volume":200,"label":" ","price":27.6},{"type":"B","date":"2018-05-04T07:33:03.000Z","volume":2400,"label":" ","price":27.6},{"type":"B","date":"2018-05-04T07:33:04.000Z","volume":200,"label":" ","price":27.6},{"type":"A","date":"2018-05-04T07:34:47.000Z","volume":400,"label":" ","price":27.65},{"type":"B","date":"2018-05-04T07:34:53.000Z","volume":200,"label":" ","price":27.6},{"type":"B","date":"2018-05-04T07:35:50.000Z","volume":200,"label":" ","price":27.6},{"type":"B","date":"2018-05-04T07:35:50.000Z","volume":1400,"label":" ","price":27.6},{"type":"A","date":"2018-05-04T07:41:02.000Z","volume":200,"label":"Y","price":27.65},{"type":"A","date":"2018-05-04T07:43:30.000Z","volume":400,"label":" ","price":27.65},{"type":"B","date":"2018-05-04T07:43:33.000Z","volume":600,"label":" ","price":27.6},{"type":"A","date":"2018-05-04T07:46:19.000Z","volume":200,"label":" ","price":27.65},{"type":"U","date":"2018-05-04T07:46:36.000Z","volume":350000,"label":"X","price":27.625},{"type":"B","date":"2018-05-04T07:46:51.000Z","volume":200,"label":" ","price":27.6},{"type":"B","date":"2018-05-04T07:47:45.000Z","volume":3000,"label":" ","price":27.6},{"type":"B","date":"2018-05-04T07:50:14.000Z","volume":32400,"label":" ","price":27.6},{"type":"B","date":"2018-05-04T07:50:14.000Z","volume":200,"label":" ","price":27.6},{"type":"B","date":"2018-05-04T07:50:16.000Z","volume":800,"label":" ","price":27.6},{"type":"B","date":"2018-05-04T07:50:31.000Z","volume":2000,"label":" ","price":27.6},{"type":"B","date":"2018-05-04T07:50:31.000Z","volume":1800,"label":" ","price":27.6},{"type":"B","date":"2018-05-04T07:50:32.000Z","volume":200,"label":" ","price":27.6},{"type":"A","date":"2018-05-04T07:50:32.000Z","volume":1200,"label":" ","price":27.6},{"type":"B","date":"2018-05-04T07:50:51.000Z","volume":200,"label":" ","price":27.6},{"type":"B","date":"2018-05-04T07:50:51.000Z","volume":600,"label":" ","price":27.6},{"type":"B","date":"2018-05-04T07:51:03.000Z","volume":3400,"label":" ","price":27.6},{"type":"B","date":"2018-05-04T07:51:03.000Z","volume":400,"label":" ","price":27.6},{"type":"B","date":"2018-05-04T07:51:03.000Z","volume":200,"label":" ","price":27.55},{"type":"B","date":"2018-05-04T07:51:06.000Z","volume":2800,"label":" ","price":27.6},{"type":"A","date":"2018-05-04T07:51:06.000Z","volume":2000,"label":" ","price":27.6},{"type":"U","date":"2018-05-04T07:51:06.000Z","volume":1200,"label":" ","price":27.6},{"type":"B","date":"2018-05-04T07:51:07.000Z","volume":1600,"label":" ","price":27.6},{"type":"B","date":"2018-05-04T07:51:13.000Z","volume":600,"label":" ","price":27.6},{"type":"B","date":"2018-05-04T07:51:37.000Z","volume":600,"label":" ","price":27.6},{"type":"B","date":"2018-05-04T07:52:01.000Z","volume":600,"label":" ","price":27.6},{"type":"B","date":"2018-05-04T07:52:17.000Z","volume":1200,"label":" ","price":27.6},{"type":"B","date":"2018-05-04T07:52:52.000Z","volume":200,"label":" ","price":27.6},{"type":"B","date":"2018-05-04T07:52:52.000Z","volume":600,"label":" ","price":27.6},{"type":"B","date":"2018-05-04T07:52:52.000Z","volume":1200,"label":" ","price":27.6},{"type":"B","date":"2018-05-04T07:52:53.000Z","volume":200,"label":" ","price":27.6},{"type":"A","date":"2018-05-04T07:52:53.000Z","volume":600,"label":" ","price":27.6},{"type":"B","date":"2018-05-04T07:52:54.000Z","volume":400,"label":" ","price":27.55},{"type":"B","date":"2018-05-04T07:52:56.000Z","volume":3200,"label":" ","price":27.55},{"type":"A","date":"2018-05-04T07:52:56.000Z","volume":200,"label":" ","price":27.6},{"type":"B","date":"2018-05-04T07:54:28.000Z","volume":200,"label":" ","price":27.55},{"type":"B","date":"2018-05-04T07:54:28.000Z","volume":2400,"label":" ","price":27.55},{"type":"A","date":"2018-05-04T07:54:30.000Z","volume":200,"label":" ","price":27.6},{"type":"B","date":"2018-05-04T07:54:30.000Z","volume":3400,"label":" ","price":27.55},{"type":"B","date":"2018-05-04T07:56:13.000Z","volume":400,"label":" ","price":27.55},{"type":"B","date":"2018-05-04T07:56:31.000Z","volume":200,"label":" ","price":27.55},{"type":"B","date":"2018-05-04T07:56:33.000Z","volume":600,"label":" ","price":27.55},{"type":"B","date":"2018-05-04T07:56:52.000Z","volume":600,"label":" ","price":27.55},{"type":"B","date":"2018-05-04T07:57:17.000Z","volume":600,"label":" ","price":27.55},{"type":"B","date":"2018-05-04T07:57:36.000Z","volume":600,"label":" ","price":27.55},{"type":"B","date":"2018-05-04T07:57:37.000Z","volume":200,"label":" ","price":27.55},{"type":"B","date":"2018-05-04T07:57:38.000Z","volume":200,"label":" ","price":27.55},{"type":"B","date":"2018-05-04T07:57:59.000Z","volume":600,"label":" ","price":27.55},{"type":"B","date":"2018-05-04T07:58:18.000Z","volume":600,"label":" ","price":27.55},{"type":"B","date":"2018-05-04T07:58:21.000Z","volume":200,"label":" ","price":27.55},{"type":"B","date":"2018-05-04T07:58:30.000Z","volume":800,"label":" ","price":27.55},{"type":"B","date":"2018-05-04T07:58:35.000Z","volume":200,"label":" ","price":27.55},{"type":"B","date":"2018-05-04T07:58:38.000Z","volume":600,"label":" ","price":27.55},{"type":"B","date":"2018-05-04T07:58:44.000Z","volume":200,"label":" ","price":27.55},{"type":"B","date":"2018-05-04T07:58:46.000Z","volume":600,"label":" ","price":27.55},{"type":"B","date":"2018-05-04T07:58:53.000Z","volume":600,"label":" ","price":27.55},{"type":"B","date":"2018-05-04T07:58:58.000Z","volume":2000,"label":" ","price":27.55},{"type":"B","date":"2018-05-04T07:58:58.000Z","volume":4400,"label":" ","price":27.55},{"type":"A","date":"2018-05-04T07:58:59.000Z","volume":200,"label":" ","price":27.6},{"type":"A","date":"2018-05-04T07:59:01.000Z","volume":200,"label":" ","price":27.6},{"type":"A","date":"2018-05-04T07:59:02.000Z","volume":6400,"label":" ","price":27.6},{"type":"A","date":"2018-05-04T07:59:03.000Z","volume":200,"label":" ","price":27.6},{"type":"B","date":"2018-05-04T07:59:08.000Z","volume":600,"label":" ","price":27.55},{"type":"A","date":"2018-05-04T07:59:11.000Z","volume":3400,"label":" ","price":27.6},{"type":"A","date":"2018-05-04T07:59:12.000Z","volume":200,"label":" ","price":27.6},{"type":"A","date":"2018-05-04T07:59:19.000Z","volume":800,"label":" ","price":27.6},{"type":"B","date":"2018-05-04T07:59:22.000Z","volume":200,"label":" ","price":27.55},{"type":"A","date":"2018-05-04T07:59:25.000Z","volume":200,"label":" ","price":27.6},{"type":"A","date":"2018-05-04T07:59:26.000Z","volume":200,"label":" ","price":27.6},{"type":"A","date":"2018-05-04T07:59:30.000Z","volume":600,"label":" ","price":27.6},{"type":"A","date":"2018-05-04T07:59:30.000Z","volume":30000,"label":" ","price":27.6},{"type":"A","date":"2018-05-04T07:59:47.000Z","volume":800,"label":" ","price":27.6},{"type":"A","date":"2018-05-04T07:59:55.000Z","volume":400,"label":" ","price":27.6},{"type":"U","date":"2018-05-04T08:08:57.000Z","volume":302400,"label":"U","price":27.6}]