[{"type":"A","date":"2018-03-20T07:34:08.000Z","volume":137500,"price":6.42,"category":"ubbull"},{"type":"A","date":"2018-03-20T07:29:42.000Z","volume":10000,"price":6.42,"category":"ubbull"},{"type":"A","date":"2018-03-20T07:26:09.000Z","volume":23000,"price":6.42,"category":"ubbull"},{"type":"A","date":"2018-03-20T07:25:14.000Z","volume":10000,"price":6.42,"category":"ubbull"},{"type":"A","date":"2018-03-20T07:22:08.000Z","volume":23000,"price":6.43,"category":"ubbull"},{"type":"A","date":"2018-03-20T07:19:20.000Z","volume":12000,"price":6.43,"category":"ubbull"},{"type":"A","date":"2018-03-20T06:16:25.000Z","volume":50000,"price":6.45,"category":"ubbull"},{"type":"A","date":"2018-03-20T06:11:19.000Z","volume":53500,"price":6.44,"category":"ubbull"},{"type":"A","date":"2018-03-20T05:48:41.000Z","volume":13000,"price":6.44,"category":"ubbull"},{"type":"A","date":"2018-03-20T05:47:11.000Z","volume":26500,"price":6.43,"category":"ubbull"},{"type":"A","date":"2018-03-20T05:42:20.000Z","volume":60000,"price":6.42,"category":"ubbull"},{"type":"A","date":"2018-03-20T03:16:02.000Z","volume":49500,"price":6.41,"category":"ubbull"},{"type":"A","date":"2018-03-20T02:24:46.000Z","volume":23000,"price":6.47,"category":"ubbull"},{"type":"A","date":"2018-03-20T02:24:46.000Z","volume":19500,"price":6.46,"category":"ubbull"},{"type":"A","date":"2018-03-20T02:12:29.000Z","volume":16000,"price":6.45,"category":"ubbull"},{"type":"A","date":"2018-03-20T02:12:02.000Z","volume":10000,"price":6.45,"category":"ubbull"},{"type":"A","date":"2018-03-20T02:09:37.000Z","volume":30000,"price":6.44,"category":"ubbull"},{"type":"A","date":"2018-03-20T01:58:57.000Z","volume":64000,"price":6.45,"category":"ubbull"},{"type":"A","date":"2018-03-20T01:54:59.000Z","volume":23000,"price":6.43,"category":"ubbull"},{"type":"A","date":"2018-03-20T01:51:00.000Z","volume":14000,"price":6.42,"category":"ubbull"},{"type":"A","date":"2018-03-20T01:41:34.000Z","volume":13000,"price":6.4,"category":"ubbull"},{"type":"A","date":"2018-03-20T01:41:34.000Z","volume":21500,"price":6.4,"category":"ubbull"},{"type":"A","date":"2018-03-20T01:41:34.000Z","volume":10000,"price":6.4,"category":"ubbull"},{"type":"A","date":"2018-03-20T07:59:01.000Z","volume":3500,"price":6.43,"category":"bbull"},{"type":"A","date":"2018-03-20T07:59:01.000Z","volume":5000,"price":6.43,"category":"bbull"},{"type":"A","date":"2018-03-20T07:59:01.000Z","volume":3500,"price":6.43,"category":"bbull"},{"type":"A","date":"2018-03-20T07:54:26.000Z","volume":6000,"price":6.43,"category":"bbull"},{"type":"A","date":"2018-03-20T07:46:15.000Z","volume":5000,"price":6.43,"category":"bbull"},{"type":"A","date":"2018-03-20T07:45:08.000Z","volume":5000,"price":6.43,"category":"bbull"},{"type":"A","date":"2018-03-20T07:39:56.000Z","volume":3500,"price":6.43,"category":"bbull"},{"type":"A","date":"2018-03-20T07:34:49.000Z","volume":4000,"price":6.43,"category":"bbull"},{"type":"A","date":"2018-03-20T07:25:28.000Z","volume":4000,"price":6.42,"category":"bbull"},{"type":"A","date":"2018-03-20T07:22:56.000Z","volume":6000,"price":6.43,"category":"bbull"},{"type":"A","date":"2018-03-20T07:09:46.000Z","volume":4000,"price":6.43,"category":"bbull"},{"type":"A","date":"2018-03-20T06:10:32.000Z","volume":6500,"price":6.44,"category":"bbull"},{"type":"A","date":"2018-03-20T06:10:32.000Z","volume":6500,"price":6.44,"category":"bbull"},{"type":"A","date":"2018-03-20T05:42:20.000Z","volume":5000,"price":6.42,"category":"bbull"},{"type":"A","date":"2018-03-20T05:42:06.000Z","volume":4500,"price":6.42,"category":"bbull"},{"type":"A","date":"2018-03-20T05:24:06.000Z","volume":6500,"price":6.42,"category":"bbull"},{"type":"A","date":"2018-03-20T05:14:32.000Z","volume":3500,"price":6.42,"category":"bbull"},{"type":"A","date":"2018-03-20T03:47:49.000Z","volume":6500,"price":6.42,"category":"bbull"},{"type":"A","date":"2018-03-20T03:47:48.000Z","volume":5000,"price":6.42,"category":"bbull"},{"type":"A","date":"2018-03-20T03:25:40.000Z","volume":3500,"price":6.43,"category":"bbull"},{"type":"A","date":"2018-03-20T02:24:46.000Z","volume":7500,"price":6.45,"category":"bbull"},{"type":"A","date":"2018-03-20T02:16:34.000Z","volume":7500,"price":6.46,"category":"bbull"},{"type":"A","date":"2018-03-20T02:16:34.000Z","volume":6000,"price":6.46,"category":"bbull"},{"type":"A","date":"2018-03-20T01:57:19.000Z","volume":3500,"price":6.44,"category":"bbull"},{"type":"A","date":"2018-03-20T01:42:01.000Z","volume":6000,"price":6.41,"category":"bbull"},{"type":"A","date":"2018-03-20T07:59:55.000Z","volume":500,"price":6.43,"category":"rbull"},{"type":"A","date":"2018-03-20T07:59:53.000Z","volume":500,"price":6.43,"category":"rbull"},{"type":"A","date":"2018-03-20T07:59:36.000Z","volume":500,"price":6.43,"category":"rbull"},{"type":"A","date":"2018-03-20T07:59:34.000Z","volume":500,"price":6.43,"category":"rbull"},{"type":"A","date":"2018-03-20T07:59:30.000Z","volume":500,"price":6.43,"category":"rbull"},{"type":"A","date":"2018-03-20T07:59:21.000Z","volume":500,"price":6.43,"category":"rbull"},{"type":"A","date":"2018-03-20T07:59:01.000Z","volume":500,"price":6.43,"category":"rbull"},{"type":"A","date":"2018-03-20T07:58:12.000Z","volume":500,"price":6.43,"category":"rbull"},{"type":"A","date":"2018-03-20T07:56:42.000Z","volume":500,"price":6.43,"category":"rbull"},{"type":"A","date":"2018-03-20T07:51:21.000Z","volume":500,"price":6.43,"category":"rbull"},{"type":"A","date":"2018-03-20T07:49:29.000Z","volume":500,"price":6.43,"category":"rbull"},{"type":"A","date":"2018-03-20T07:41:38.000Z","volume":500,"price":6.43,"category":"rbull"},{"type":"A","date":"2018-03-20T07:36:32.000Z","volume":500,"price":6.43,"category":"rbull"},{"type":"A","date":"2018-03-20T07:35:41.000Z","volume":500,"price":6.43,"category":"rbull"},{"type":"A","date":"2018-03-20T07:33:29.000Z","volume":500,"price":6.42,"category":"rbull"},{"type":"A","date":"2018-03-20T07:30:11.000Z","volume":500,"price":6.42,"category":"rbull"},{"type":"A","date":"2018-03-20T07:28:04.000Z","volume":500,"price":6.42,"category":"rbull"},{"type":"A","date":"2018-03-20T07:22:32.000Z","volume":500,"price":6.43,"category":"rbull"},{"type":"A","date":"2018-03-20T07:17:28.000Z","volume":500,"price":6.43,"category":"rbull"},{"type":"A","date":"2018-03-20T06:59:49.000Z","volume":500,"price":6.44,"category":"rbull"},{"type":"A","date":"2018-03-20T06:25:32.000Z","volume":500,"price":6.45,"category":"rbull"},{"type":"A","date":"2018-03-20T06:19:14.000Z","volume":500,"price":6.45,"category":"rbull"},{"type":"A","date":"2018-03-20T05:48:57.000Z","volume":500,"price":6.45,"category":"rbull"},{"type":"A","date":"2018-03-20T05:47:06.000Z","volume":500,"price":6.43,"category":"rbull"},{"type":"A","date":"2018-03-20T05:45:38.000Z","volume":500,"price":6.43,"category":"rbull"},{"type":"A","date":"2018-03-20T05:35:26.000Z","volume":500,"price":6.42,"category":"rbull"},{"type":"A","date":"2018-03-20T05:22:53.000Z","volume":500,"price":6.42,"category":"rbull"},{"type":"A","date":"2018-03-20T05:05:35.000Z","volume":500,"price":6.42,"category":"rbull"},{"type":"A","date":"2018-03-20T05:03:09.000Z","volume":500,"price":6.42,"category":"rbull"},{"type":"A","date":"2018-03-20T03:36:58.000Z","volume":500,"price":6.43,"category":"rbull"},{"type":"A","date":"2018-03-20T03:24:21.000Z","volume":500,"price":6.43,"category":"rbull"},{"type":"A","date":"2018-03-20T03:23:46.000Z","volume":500,"price":6.43,"category":"rbull"},{"type":"A","date":"2018-03-20T03:11:20.000Z","volume":500,"price":6.41,"category":"rbull"},{"type":"A","date":"2018-03-20T03:03:20.000Z","volume":500,"price":6.42,"category":"rbull"},{"type":"A","date":"2018-03-20T03:00:21.000Z","volume":500,"price":6.43,"category":"rbull"},{"type":"A","date":"2018-03-20T02:42:01.000Z","volume":500,"price":6.43,"category":"rbull"},{"type":"A","date":"2018-03-20T02:41:39.000Z","volume":500,"price":6.45,"category":"rbull"},{"type":"A","date":"2018-03-20T02:39:48.000Z","volume":500,"price":6.44,"category":"rbull"},{"type":"A","date":"2018-03-20T02:31:35.000Z","volume":500,"price":6.45,"category":"rbull"},{"type":"A","date":"2018-03-20T02:29:36.000Z","volume":500,"price":6.45,"category":"rbull"},{"type":"A","date":"2018-03-20T02:10:23.000Z","volume":500,"price":6.45,"category":"rbull"},{"type":"A","date":"2018-03-20T02:07:39.000Z","volume":500,"price":6.45,"category":"rbull"},{"type":"A","date":"2018-03-20T01:45:23.000Z","volume":500,"price":6.45,"category":"rbull"},{"type":"A","date":"2018-03-20T01:45:00.000Z","volume":500,"price":6.45,"category":"rbull"},{"type":"A","date":"2018-03-20T01:42:18.000Z","volume":500,"price":6.42,"category":"rbull"},{"type":"A","date":"2018-03-20T01:41:37.000Z","volume":500,"price":6.41,"category":"rbull"},{"type":"B","date":"2018-03-20T07:59:30.000Z","volume":500,"price":6.42,"category":"rbear"},{"type":"B","date":"2018-03-20T07:59:12.000Z","volume":500,"price":6.42,"category":"rbear"},{"type":"B","date":"2018-03-20T07:55:54.000Z","volume":500,"price":6.42,"category":"rbear"},{"type":"B","date":"2018-03-20T07:54:27.000Z","volume":500,"price":6.42,"category":"rbear"},{"type":"B","date":"2018-03-20T07:50:15.000Z","volume":500,"price":6.42,"category":"rbear"},{"type":"B","date":"2018-03-20T07:47:21.000Z","volume":500,"price":6.42,"category":"rbear"},{"type":"B","date":"2018-03-20T07:45:12.000Z","volume":500,"price":6.42,"category":"rbear"},{"type":"B","date":"2018-03-20T07:30:45.000Z","volume":500,"price":6.41,"category":"rbear"},{"type":"B","date":"2018-03-20T07:30:28.000Z","volume":500,"price":6.41,"category":"rbear"},{"type":"B","date":"2018-03-20T07:30:24.000Z","volume":500,"price":6.41,"category":"rbear"},{"type":"B","date":"2018-03-20T07:30:21.000Z","volume":500,"price":6.41,"category":"rbear"},{"type":"B","date":"2018-03-20T07:25:13.000Z","volume":500,"price":6.41,"category":"rbear"},{"type":"B","date":"2018-03-20T07:19:21.000Z","volume":500,"price":6.42,"category":"rbear"},{"type":"B","date":"2018-03-20T07:18:19.000Z","volume":500,"price":6.42,"category":"rbear"},{"type":"B","date":"2018-03-20T07:17:27.000Z","volume":500,"price":6.42,"category":"rbear"},{"type":"B","date":"2018-03-20T07:15:24.000Z","volume":500,"price":6.42,"category":"rbear"},{"type":"B","date":"2018-03-20T07:07:24.000Z","volume":500,"price":6.43,"category":"rbear"},{"type":"B","date":"2018-03-20T07:05:21.000Z","volume":500,"price":6.43,"category":"rbear"},{"type":"B","date":"2018-03-20T07:05:19.000Z","volume":500,"price":6.43,"category":"rbear"},{"type":"B","date":"2018-03-20T07:05:08.000Z","volume":500,"price":6.43,"category":"rbear"},{"type":"B","date":"2018-03-20T07:04:11.000Z","volume":500,"price":6.43,"category":"rbear"},{"type":"B","date":"2018-03-20T07:00:28.000Z","volume":500,"price":6.43,"category":"rbear"},{"type":"B","date":"2018-03-20T07:00:26.000Z","volume":500,"price":6.43,"category":"rbear"},{"type":"B","date":"2018-03-20T07:00:08.000Z","volume":500,"price":6.43,"category":"rbear"},{"type":"B","date":"2018-03-20T07:00:06.000Z","volume":500,"price":6.43,"category":"rbear"},{"type":"B","date":"2018-03-20T06:59:18.000Z","volume":500,"price":6.43,"category":"rbear"},{"type":"B","date":"2018-03-20T06:55:21.000Z","volume":500,"price":6.43,"category":"rbear"},{"type":"B","date":"2018-03-20T06:53:44.000Z","volume":500,"price":6.43,"category":"rbear"},{"type":"B","date":"2018-03-20T06:50:26.000Z","volume":500,"price":6.43,"category":"rbear"},{"type":"B","date":"2018-03-20T06:50:19.000Z","volume":500,"price":6.43,"category":"rbear"},{"type":"B","date":"2018-03-20T06:48:57.000Z","volume":500,"price":6.43,"category":"rbear"},{"type":"B","date":"2018-03-20T06:48:22.000Z","volume":500,"price":6.43,"category":"rbear"},{"type":"B","date":"2018-03-20T06:47:11.000Z","volume":500,"price":6.43,"category":"rbear"},{"type":"B","date":"2018-03-20T06:45:17.000Z","volume":500,"price":6.43,"category":"rbear"},{"type":"B","date":"2018-03-20T06:40:22.000Z","volume":500,"price":6.43,"category":"rbear"},{"type":"B","date":"2018-03-20T06:40:19.000Z","volume":500,"price":6.43,"category":"rbear"},{"type":"B","date":"2018-03-20T06:33:20.000Z","volume":500,"price":6.43,"category":"rbear"},{"type":"B","date":"2018-03-20T06:30:19.000Z","volume":500,"price":6.43,"category":"rbear"},{"type":"B","date":"2018-03-20T06:28:21.000Z","volume":500,"price":6.43,"category":"rbear"},{"type":"B","date":"2018-03-20T05:59:27.000Z","volume":500,"price":6.43,"category":"rbear"},{"type":"B","date":"2018-03-20T05:55:24.000Z","volume":500,"price":6.43,"category":"rbear"},{"type":"B","date":"2018-03-20T05:41:40.000Z","volume":500,"price":6.41,"category":"rbear"},{"type":"B","date":"2018-03-20T05:40:19.000Z","volume":500,"price":6.41,"category":"rbear"},{"type":"B","date":"2018-03-20T05:35:00.000Z","volume":500,"price":6.41,"category":"rbear"},{"type":"B","date":"2018-03-20T05:30:11.000Z","volume":500,"price":6.41,"category":"rbear"},{"type":"B","date":"2018-03-20T05:20:23.000Z","volume":500,"price":6.41,"category":"rbear"},{"type":"B","date":"2018-03-20T05:05:16.000Z","volume":500,"price":6.41,"category":"rbear"},{"type":"B","date":"2018-03-20T03:57:55.000Z","volume":500,"price":6.41,"category":"rbear"},{"type":"B","date":"2018-03-20T03:57:31.000Z","volume":500,"price":6.41,"category":"rbear"},{"type":"B","date":"2018-03-20T03:57:16.000Z","volume":500,"price":6.41,"category":"rbear"},{"type":"B","date":"2018-03-20T03:55:26.000Z","volume":500,"price":6.41,"category":"rbear"},{"type":"B","date":"2018-03-20T03:55:14.000Z","volume":500,"price":6.41,"category":"rbear"},{"type":"B","date":"2018-03-20T03:45:10.000Z","volume":500,"price":6.41,"category":"rbear"},{"type":"B","date":"2018-03-20T03:42:55.000Z","volume":500,"price":6.41,"category":"rbear"},{"type":"B","date":"2018-03-20T03:40:21.000Z","volume":500,"price":6.41,"category":"rbear"},{"type":"B","date":"2018-03-20T03:35:17.000Z","volume":500,"price":6.42,"category":"rbear"},{"type":"B","date":"2018-03-20T03:10:40.000Z","volume":500,"price":6.4,"category":"rbear"},{"type":"B","date":"2018-03-20T03:10:12.000Z","volume":500,"price":6.4,"category":"rbear"},{"type":"B","date":"2018-03-20T03:05:25.000Z","volume":500,"price":6.4,"category":"rbear"},{"type":"B","date":"2018-03-20T02:59:42.000Z","volume":500,"price":6.42,"category":"rbear"},{"type":"B","date":"2018-03-20T02:59:24.000Z","volume":500,"price":6.42,"category":"rbear"},{"type":"B","date":"2018-03-20T02:56:00.000Z","volume":500,"price":6.42,"category":"rbear"},{"type":"B","date":"2018-03-20T02:45:57.000Z","volume":500,"price":6.42,"category":"rbear"},{"type":"B","date":"2018-03-20T02:42:01.000Z","volume":500,"price":6.42,"category":"rbear"},{"type":"B","date":"2018-03-20T02:30:31.000Z","volume":500,"price":6.43,"category":"rbear"},{"type":"B","date":"2018-03-20T02:20:23.000Z","volume":500,"price":6.45,"category":"rbear"},{"type":"B","date":"2018-03-20T02:15:10.000Z","volume":500,"price":6.44,"category":"rbear"},{"type":"B","date":"2018-03-20T01:59:39.000Z","volume":500,"price":6.45,"category":"rbear"},{"type":"B","date":"2018-03-20T01:59:39.000Z","volume":500,"price":6.45,"category":"rbear"},{"type":"B","date":"2018-03-20T01:55:04.000Z","volume":500,"price":6.43,"category":"rbear"},{"type":"B","date":"2018-03-20T01:50:27.000Z","volume":500,"price":6.41,"category":"rbear"},{"type":"B","date":"2018-03-20T01:46:44.000Z","volume":500,"price":6.43,"category":"rbear"},{"type":"B","date":"2018-03-20T01:45:20.000Z","volume":500,"price":6.43,"category":"rbear"},{"type":"B","date":"2018-03-20T01:45:06.000Z","volume":500,"price":6.44,"category":"rbear"},{"type":"B","date":"2018-03-20T01:45:06.000Z","volume":500,"price":6.44,"category":"rbear"},{"type":"B","date":"2018-03-20T01:35:31.000Z","volume":500,"price":6.42,"category":"rbear"},{"type":"B","date":"2018-03-20T07:17:27.000Z","volume":5500,"price":6.42,"category":"bbear"},{"type":"B","date":"2018-03-20T06:27:55.000Z","volume":7000,"price":6.44,"category":"bbear"},{"type":"B","date":"2018-03-20T05:51:49.000Z","volume":6000,"price":6.44,"category":"bbear"},{"type":"B","date":"2018-03-20T05:48:51.000Z","volume":5500,"price":6.44,"category":"bbear"},{"type":"B","date":"2018-03-20T05:07:07.000Z","volume":4500,"price":6.41,"category":"bbear"},{"type":"B","date":"2018-03-20T05:00:03.000Z","volume":4000,"price":6.41,"category":"bbear"},{"type":"B","date":"2018-03-20T03:47:00.000Z","volume":4000,"price":6.41,"category":"bbear"},{"type":"B","date":"2018-03-20T03:32:15.000Z","volume":5000,"price":6.42,"category":"bbear"},{"type":"B","date":"2018-03-20T03:07:35.000Z","volume":5500,"price":6.4,"category":"bbear"},{"type":"B","date":"2018-03-20T03:07:18.000Z","volume":9000,"price":6.4,"category":"bbear"},{"type":"B","date":"2018-03-20T03:05:07.000Z","volume":7500,"price":6.41,"category":"bbear"},{"type":"B","date":"2018-03-20T02:22:04.000Z","volume":5000,"price":6.45,"category":"bbear"},{"type":"B","date":"2018-03-20T02:19:29.000Z","volume":7000,"price":6.46,"category":"bbear"},{"type":"B","date":"2018-03-20T02:15:18.000Z","volume":3500,"price":6.44,"category":"bbear"},{"type":"B","date":"2018-03-20T01:59:39.000Z","volume":5000,"price":6.45,"category":"bbear"},{"type":"B","date":"2018-03-20T01:47:47.000Z","volume":4500,"price":6.43,"category":"bbear"},{"type":"B","date":"2018-03-20T01:32:32.000Z","volume":6500,"price":6.43,"category":"bbear"},{"type":"B","date":"2018-03-20T01:30:11.000Z","volume":4500,"price":6.43,"category":"bbear"},{"type":"B","date":"2018-03-20T07:59:50.000Z","volume":10000,"price":6.42,"category":"ubbear"},{"type":"B","date":"2018-03-20T07:25:13.000Z","volume":416000,"price":6.42,"category":"ubbear"},{"type":"B","date":"2018-03-20T07:24:53.000Z","volume":50000,"price":6.42,"category":"ubbear"},{"type":"B","date":"2018-03-20T07:17:20.000Z","volume":20000,"price":6.42,"category":"ubbear"},{"type":"B","date":"2018-03-20T07:09:34.000Z","volume":19500,"price":6.43,"category":"ubbear"},{"type":"B","date":"2018-03-20T06:56:03.000Z","volume":50000,"price":6.43,"category":"ubbear"},{"type":"B","date":"2018-03-20T06:36:56.000Z","volume":50000,"price":6.43,"category":"ubbear"},{"type":"B","date":"2018-03-20T06:19:10.000Z","volume":20000,"price":6.44,"category":"ubbear"},{"type":"B","date":"2018-03-20T05:55:24.000Z","volume":20000,"price":6.43,"category":"ubbear"},{"type":"B","date":"2018-03-20T05:52:53.000Z","volume":30000,"price":6.43,"category":"ubbear"},{"type":"B","date":"2018-03-20T05:07:07.000Z","volume":50000,"price":6.41,"category":"ubbear"},{"type":"B","date":"2018-03-20T03:54:24.000Z","volume":12000,"price":6.41,"category":"ubbear"},{"type":"B","date":"2018-03-20T03:38:38.000Z","volume":20000,"price":6.42,"category":"ubbear"},{"type":"B","date":"2018-03-20T03:05:07.000Z","volume":174500,"price":6.41,"category":"ubbear"},{"type":"B","date":"2018-03-20T03:03:20.000Z","volume":13500,"price":6.42,"category":"ubbear"},{"type":"B","date":"2018-03-20T03:02:40.000Z","volume":10000,"price":6.42,"category":"ubbear"},{"type":"B","date":"2018-03-20T02:56:14.000Z","volume":20000,"price":6.42,"category":"ubbear"},{"type":"B","date":"2018-03-20T02:43:34.000Z","volume":21500,"price":6.42,"category":"ubbear"},{"type":"B","date":"2018-03-20T02:43:34.000Z","volume":152500,"price":6.42,"category":"ubbear"},{"type":"B","date":"2018-03-20T02:41:54.000Z","volume":87500,"price":6.43,"category":"ubbear"},{"type":"B","date":"2018-03-20T02:32:56.000Z","volume":14500,"price":6.43,"category":"ubbear"},{"type":"B","date":"2018-03-20T02:27:50.000Z","volume":29000,"price":6.43,"category":"ubbear"},{"type":"B","date":"2018-03-20T02:24:14.000Z","volume":20000,"price":6.44,"category":"ubbear"},{"type":"B","date":"2018-03-20T02:15:18.000Z","volume":36500,"price":6.44,"category":"ubbear"},{"type":"B","date":"2018-03-20T02:14:31.000Z","volume":12000,"price":6.45,"category":"ubbear"},{"type":"B","date":"2018-03-20T02:07:38.000Z","volume":30000,"price":6.44,"category":"ubbear"},{"type":"B","date":"2018-03-20T02:02:13.000Z","volume":10000,"price":6.44,"category":"ubbear"},{"type":"B","date":"2018-03-20T01:53:05.000Z","volume":81500,"price":6.43,"category":"ubbear"},{"type":"B","date":"2018-03-20T01:48:56.000Z","volume":19500,"price":6.42,"category":"ubbear"},{"type":"B","date":"2018-03-20T01:47:47.000Z","volume":10000,"price":6.42,"category":"ubbear"},{"type":"B","date":"2018-03-20T01:47:47.000Z","volume":13500,"price":6.44,"category":"ubbear"},{"type":"B","date":"2018-03-20T01:46:44.000Z","volume":28500,"price":6.43,"category":"ubbear"},{"type":"B","date":"2018-03-20T01:40:14.000Z","volume":16500,"price":6.4,"category":"ubbear"},{"type":"B","date":"2018-03-20T01:36:49.000Z","volume":108500,"price":6.41,"category":"ubbear"},{"type":"B","date":"2018-03-20T01:36:01.000Z","volume":120000,"price":6.42,"category":"ubbear"},{"type":"B","date":"2018-03-20T01:35:25.000Z","volume":23500,"price":6.42,"category":"ubbear"},{"type":"B","date":"2018-03-20T01:35:18.000Z","volume":10000,"price":6.43,"category":"ubbear"},{"type":"B","date":"2018-03-20T01:33:49.000Z","volume":27500,"price":6.43,"category":"ubbear"},{"type":"B","date":"2018-03-20T01:32:32.000Z","volume":93500,"price":6.42,"category":"ubbear"},{"type":"B","date":"2018-03-20T01:31:51.000Z","volume":26000,"price":6.43,"category":"ubbear"}]