[{"type":"A","date":"2018-03-15T07:59:45.000Z","volume":6900,"price":35.15,"category":"ubbull"},{"type":"A","date":"2018-03-15T07:59:45.000Z","volume":6900,"price":35.15,"category":"ubbull"},{"type":"A","date":"2018-03-15T07:59:35.000Z","volume":2700,"price":35.15,"category":"ubbull"},{"type":"A","date":"2018-03-15T07:59:35.000Z","volume":4500,"price":35.15,"category":"ubbull"},{"type":"A","date":"2018-03-15T07:59:30.000Z","volume":2700,"price":35.15,"category":"ubbull"},{"type":"A","date":"2018-03-15T07:59:30.000Z","volume":6900,"price":35.15,"category":"ubbull"},{"type":"A","date":"2018-03-15T07:59:30.000Z","volume":6900,"price":35.15,"category":"ubbull"},{"type":"A","date":"2018-03-15T07:59:15.000Z","volume":6900,"price":35.15,"category":"ubbull"},{"type":"A","date":"2018-03-15T07:59:15.000Z","volume":6900,"price":35.15,"category":"ubbull"},{"type":"A","date":"2018-03-15T07:59:11.000Z","volume":3300,"price":35.15,"category":"ubbull"},{"type":"A","date":"2018-03-15T07:59:10.000Z","volume":22500,"price":35.15,"category":"ubbull"},{"type":"A","date":"2018-03-15T07:59:10.000Z","volume":3000,"price":35.15,"category":"ubbull"},{"type":"A","date":"2018-03-15T07:59:09.000Z","volume":3000,"price":35.15,"category":"ubbull"},{"type":"A","date":"2018-03-15T07:59:09.000Z","volume":15600,"price":35.15,"category":"ubbull"},{"type":"A","date":"2018-03-15T07:59:02.000Z","volume":9900,"price":35.15,"category":"ubbull"},{"type":"A","date":"2018-03-15T07:59:00.000Z","volume":6600,"price":35.15,"category":"ubbull"},{"type":"A","date":"2018-03-15T07:59:00.000Z","volume":6900,"price":35.15,"category":"ubbull"},{"type":"A","date":"2018-03-15T07:58:45.000Z","volume":4200,"price":35.25,"category":"ubbull"},{"type":"A","date":"2018-03-15T07:56:40.000Z","volume":12000,"price":35.3,"category":"ubbull"},{"type":"A","date":"2018-03-15T07:56:40.000Z","volume":3900,"price":35.3,"category":"ubbull"},{"type":"A","date":"2018-03-15T07:56:32.000Z","volume":3900,"price":35.3,"category":"ubbull"},{"type":"A","date":"2018-03-15T07:56:09.000Z","volume":3900,"price":35.3,"category":"ubbull"},{"type":"A","date":"2018-03-15T07:56:09.000Z","volume":2700,"price":35.3,"category":"ubbull"},{"type":"A","date":"2018-03-15T07:55:37.000Z","volume":3600,"price":35.3,"category":"ubbull"},{"type":"A","date":"2018-03-15T07:55:37.000Z","volume":3300,"price":35.3,"category":"ubbull"},{"type":"A","date":"2018-03-15T07:55:24.000Z","volume":4200,"price":35.3,"category":"ubbull"},{"type":"A","date":"2018-03-15T07:54:12.000Z","volume":29100,"price":35.3,"category":"ubbull"},{"type":"A","date":"2018-03-15T07:54:12.000Z","volume":8400,"price":35.3,"category":"ubbull"},{"type":"A","date":"2018-03-15T07:54:12.000Z","volume":5100,"price":35.3,"category":"ubbull"},{"type":"A","date":"2018-03-15T07:53:18.000Z","volume":15600,"price":35.55,"category":"ubbull"},{"type":"A","date":"2018-03-15T07:53:17.000Z","volume":7800,"price":35.55,"category":"ubbull"},{"type":"A","date":"2018-03-15T07:53:16.000Z","volume":18000,"price":35.55,"category":"ubbull"},{"type":"A","date":"2018-03-15T07:48:57.000Z","volume":3600,"price":35.6,"category":"ubbull"},{"type":"A","date":"2018-03-15T07:48:42.000Z","volume":35400,"price":35.6,"category":"ubbull"},{"type":"A","date":"2018-03-15T07:48:42.000Z","volume":3300,"price":35.6,"category":"ubbull"},{"type":"A","date":"2018-03-15T07:47:31.000Z","volume":6000,"price":35.6,"category":"ubbull"},{"type":"A","date":"2018-03-15T07:35:20.000Z","volume":20700,"price":35.6,"category":"ubbull"},{"type":"A","date":"2018-03-15T07:28:01.000Z","volume":16800,"price":36,"category":"ubbull"},{"type":"A","date":"2018-03-15T07:28:01.000Z","volume":4800,"price":36,"category":"ubbull"},{"type":"A","date":"2018-03-15T07:28:01.000Z","volume":3300,"price":36,"category":"ubbull"},{"type":"A","date":"2018-03-15T07:26:20.000Z","volume":3000,"price":36.05,"category":"ubbull"},{"type":"A","date":"2018-03-15T07:24:21.000Z","volume":2700,"price":36.05,"category":"ubbull"},{"type":"A","date":"2018-03-15T07:20:37.000Z","volume":2700,"price":36.05,"category":"ubbull"},{"type":"A","date":"2018-03-15T07:18:44.000Z","volume":2700,"price":36.05,"category":"ubbull"},{"type":"A","date":"2018-03-15T07:18:06.000Z","volume":10200,"price":36.05,"category":"ubbull"},{"type":"A","date":"2018-03-15T07:17:00.000Z","volume":2700,"price":36.05,"category":"ubbull"},{"type":"A","date":"2018-03-15T07:05:25.000Z","volume":2700,"price":36.2,"category":"ubbull"},{"type":"A","date":"2018-03-15T07:05:25.000Z","volume":3600,"price":36.55,"category":"ubbull"},{"type":"A","date":"2018-03-15T07:03:23.000Z","volume":3300,"price":36.6,"category":"ubbull"},{"type":"A","date":"2018-03-15T07:01:01.000Z","volume":3300,"price":36.6,"category":"ubbull"},{"type":"A","date":"2018-03-15T06:59:33.000Z","volume":3000,"price":36.6,"category":"ubbull"},{"type":"A","date":"2018-03-15T06:58:41.000Z","volume":3300,"price":36.6,"category":"ubbull"},{"type":"A","date":"2018-03-15T06:56:27.000Z","volume":3300,"price":36.6,"category":"ubbull"},{"type":"A","date":"2018-03-15T06:53:58.000Z","volume":3300,"price":36.6,"category":"ubbull"},{"type":"A","date":"2018-03-15T06:45:35.000Z","volume":3300,"price":36.6,"category":"ubbull"},{"type":"A","date":"2018-03-15T06:43:21.000Z","volume":2700,"price":36.6,"category":"ubbull"},{"type":"A","date":"2018-03-15T06:43:21.000Z","volume":2700,"price":36.6,"category":"ubbull"},{"type":"A","date":"2018-03-15T06:43:18.000Z","volume":3300,"price":36.6,"category":"ubbull"},{"type":"A","date":"2018-03-15T06:41:14.000Z","volume":3300,"price":36.6,"category":"ubbull"},{"type":"A","date":"2018-03-15T06:38:55.000Z","volume":3000,"price":36.6,"category":"ubbull"},{"type":"A","date":"2018-03-15T06:36:51.000Z","volume":3000,"price":36.6,"category":"ubbull"},{"type":"A","date":"2018-03-15T06:34:47.000Z","volume":3000,"price":36.6,"category":"ubbull"},{"type":"A","date":"2018-03-15T06:32:36.000Z","volume":3300,"price":36.6,"category":"ubbull"},{"type":"A","date":"2018-03-15T06:29:42.000Z","volume":3000,"price":36.6,"category":"ubbull"},{"type":"A","date":"2018-03-15T06:25:35.000Z","volume":3000,"price":36.6,"category":"ubbull"},{"type":"A","date":"2018-03-15T06:22:55.000Z","volume":3000,"price":36.6,"category":"ubbull"},{"type":"A","date":"2018-03-15T06:20:55.000Z","volume":3000,"price":36.6,"category":"ubbull"},{"type":"A","date":"2018-03-15T06:15:39.000Z","volume":3900,"price":36.6,"category":"ubbull"},{"type":"A","date":"2018-03-15T06:15:34.000Z","volume":3900,"price":36.6,"category":"ubbull"},{"type":"A","date":"2018-03-15T06:15:27.000Z","volume":14100,"price":36.55,"category":"ubbull"},{"type":"A","date":"2018-03-15T06:15:27.000Z","volume":5400,"price":36.55,"category":"ubbull"},{"type":"A","date":"2018-03-15T06:11:46.000Z","volume":2700,"price":36.55,"category":"ubbull"},{"type":"A","date":"2018-03-15T06:11:22.000Z","volume":7200,"price":36.55,"category":"ubbull"},{"type":"A","date":"2018-03-15T06:11:18.000Z","volume":42000,"price":36.5,"category":"ubbull"},{"type":"A","date":"2018-03-15T06:10:26.000Z","volume":2700,"price":36.5,"category":"ubbull"},{"type":"A","date":"2018-03-15T06:08:33.000Z","volume":3000,"price":36.5,"category":"ubbull"},{"type":"A","date":"2018-03-15T06:06:32.000Z","volume":2700,"price":36.5,"category":"ubbull"},{"type":"A","date":"2018-03-15T06:04:32.000Z","volume":3000,"price":36.5,"category":"ubbull"},{"type":"A","date":"2018-03-15T06:02:32.000Z","volume":2700,"price":36.5,"category":"ubbull"},{"type":"A","date":"2018-03-15T06:01:55.000Z","volume":3000,"price":36.5,"category":"ubbull"},{"type":"A","date":"2018-03-15T06:00:37.000Z","volume":4200,"price":36.5,"category":"ubbull"},{"type":"A","date":"2018-03-15T06:00:37.000Z","volume":2700,"price":36.5,"category":"ubbull"},{"type":"A","date":"2018-03-15T05:59:47.000Z","volume":3000,"price":36.45,"category":"ubbull"},{"type":"A","date":"2018-03-15T05:59:47.000Z","volume":6000,"price":36.45,"category":"ubbull"},{"type":"A","date":"2018-03-15T05:59:41.000Z","volume":30600,"price":36.4,"category":"ubbull"},{"type":"A","date":"2018-03-15T05:58:48.000Z","volume":3000,"price":36.4,"category":"ubbull"},{"type":"A","date":"2018-03-15T05:46:09.000Z","volume":2700,"price":36.45,"category":"ubbull"},{"type":"A","date":"2018-03-15T05:35:11.000Z","volume":5700,"price":36.45,"category":"ubbull"},{"type":"A","date":"2018-03-15T05:35:07.000Z","volume":3900,"price":36.4,"category":"ubbull"},{"type":"A","date":"2018-03-15T05:35:02.000Z","volume":26100,"price":36.35,"category":"ubbull"},{"type":"A","date":"2018-03-15T05:35:02.000Z","volume":15900,"price":36.35,"category":"ubbull"},{"type":"A","date":"2018-03-15T05:22:08.000Z","volume":4500,"price":36.45,"category":"ubbull"},{"type":"A","date":"2018-03-15T05:18:43.000Z","volume":4800,"price":36.6,"category":"ubbull"},{"type":"A","date":"2018-03-15T05:12:53.000Z","volume":3000,"price":36.45,"category":"ubbull"},{"type":"A","date":"2018-03-15T05:12:45.000Z","volume":3000,"price":36.45,"category":"ubbull"},{"type":"A","date":"2018-03-15T05:12:17.000Z","volume":5700,"price":36.4,"category":"ubbull"},{"type":"A","date":"2018-03-15T05:12:11.000Z","volume":21000,"price":36.35,"category":"ubbull"},{"type":"A","date":"2018-03-15T05:12:08.000Z","volume":3600,"price":36.35,"category":"ubbull"},{"type":"A","date":"2018-03-15T05:09:39.000Z","volume":3900,"price":36.35,"category":"ubbull"},{"type":"A","date":"2018-03-15T05:07:01.000Z","volume":3600,"price":36.35,"category":"ubbull"},{"type":"A","date":"2018-03-15T05:04:31.000Z","volume":3600,"price":36.35,"category":"ubbull"},{"type":"A","date":"2018-03-15T05:00:00.000Z","volume":4200,"price":36.35,"category":"ubbull"},{"type":"A","date":"2018-03-15T03:59:39.000Z","volume":7200,"price":36.25,"category":"ubbull"},{"type":"A","date":"2018-03-15T03:58:32.000Z","volume":3300,"price":36.3,"category":"ubbull"},{"type":"A","date":"2018-03-15T03:58:27.000Z","volume":12600,"price":36.25,"category":"ubbull"},{"type":"A","date":"2018-03-15T03:49:32.000Z","volume":3000,"price":36.3,"category":"ubbull"},{"type":"A","date":"2018-03-15T03:49:17.000Z","volume":4500,"price":36.25,"category":"ubbull"},{"type":"A","date":"2018-03-15T03:49:17.000Z","volume":4500,"price":36.2,"category":"ubbull"},{"type":"A","date":"2018-03-15T03:49:16.000Z","volume":6900,"price":36.15,"category":"ubbull"},{"type":"A","date":"2018-03-15T03:48:53.000Z","volume":2700,"price":36.2,"category":"ubbull"},{"type":"A","date":"2018-03-15T03:48:46.000Z","volume":4800,"price":36.2,"category":"ubbull"},{"type":"A","date":"2018-03-15T03:48:29.000Z","volume":8100,"price":36.25,"category":"ubbull"},{"type":"A","date":"2018-03-15T03:48:20.000Z","volume":2700,"price":36.25,"category":"ubbull"},{"type":"A","date":"2018-03-15T03:48:17.000Z","volume":2700,"price":36.25,"category":"ubbull"},{"type":"A","date":"2018-03-15T03:48:16.000Z","volume":4500,"price":36.25,"category":"ubbull"},{"type":"A","date":"2018-03-15T03:48:10.000Z","volume":8400,"price":36.2,"category":"ubbull"},{"type":"A","date":"2018-03-15T03:48:10.000Z","volume":7200,"price":36.2,"category":"ubbull"},{"type":"A","date":"2018-03-15T03:48:07.000Z","volume":4800,"price":36.2,"category":"ubbull"},{"type":"A","date":"2018-03-15T03:48:02.000Z","volume":20100,"price":36.2,"category":"ubbull"},{"type":"A","date":"2018-03-15T03:48:02.000Z","volume":2700,"price":36.2,"category":"ubbull"},{"type":"A","date":"2018-03-15T03:47:43.000Z","volume":3000,"price":36.5,"category":"ubbull"},{"type":"A","date":"2018-03-15T03:33:40.000Z","volume":4500,"price":36.45,"category":"ubbull"},{"type":"A","date":"2018-03-15T03:21:59.000Z","volume":4500,"price":36.55,"category":"ubbull"},{"type":"A","date":"2018-03-15T03:21:59.000Z","volume":3300,"price":36.55,"category":"ubbull"},{"type":"A","date":"2018-03-15T03:21:56.000Z","volume":13800,"price":36.55,"category":"ubbull"},{"type":"A","date":"2018-03-15T03:21:49.000Z","volume":4800,"price":36.55,"category":"ubbull"},{"type":"A","date":"2018-03-15T03:11:21.000Z","volume":3900,"price":36.5,"category":"ubbull"},{"type":"A","date":"2018-03-15T03:09:06.000Z","volume":4800,"price":36.45,"category":"ubbull"},{"type":"A","date":"2018-03-15T03:08:31.000Z","volume":11100,"price":36.45,"category":"ubbull"},{"type":"A","date":"2018-03-15T02:59:56.000Z","volume":3600,"price":36.45,"category":"ubbull"},{"type":"A","date":"2018-03-15T02:59:52.000Z","volume":4800,"price":36.4,"category":"ubbull"},{"type":"A","date":"2018-03-15T02:59:52.000Z","volume":3000,"price":36.4,"category":"ubbull"},{"type":"A","date":"2018-03-15T02:59:31.000Z","volume":2700,"price":36.35,"category":"ubbull"},{"type":"A","date":"2018-03-15T02:59:31.000Z","volume":8700,"price":36.35,"category":"ubbull"},{"type":"A","date":"2018-03-15T02:58:10.000Z","volume":7500,"price":36.5,"category":"ubbull"},{"type":"A","date":"2018-03-15T02:56:23.000Z","volume":2700,"price":36.5,"category":"ubbull"},{"type":"A","date":"2018-03-15T02:56:18.000Z","volume":9000,"price":36.45,"category":"ubbull"},{"type":"A","date":"2018-03-15T02:55:27.000Z","volume":4800,"price":36.4,"category":"ubbull"},{"type":"A","date":"2018-03-15T02:53:45.000Z","volume":2700,"price":36.4,"category":"ubbull"},{"type":"A","date":"2018-03-15T02:52:55.000Z","volume":4200,"price":36.4,"category":"ubbull"},{"type":"A","date":"2018-03-15T02:52:50.000Z","volume":13500,"price":36.4,"category":"ubbull"},{"type":"A","date":"2018-03-15T02:51:47.000Z","volume":7200,"price":36.4,"category":"ubbull"},{"type":"A","date":"2018-03-15T02:49:58.000Z","volume":3000,"price":36.35,"category":"ubbull"},{"type":"A","date":"2018-03-15T02:49:01.000Z","volume":4800,"price":36.35,"category":"ubbull"},{"type":"A","date":"2018-03-15T02:49:01.000Z","volume":3900,"price":36.35,"category":"ubbull"},{"type":"A","date":"2018-03-15T02:45:52.000Z","volume":4200,"price":36.35,"category":"ubbull"},{"type":"A","date":"2018-03-15T02:44:50.000Z","volume":3000,"price":36.3,"category":"ubbull"},{"type":"A","date":"2018-03-15T02:44:48.000Z","volume":3900,"price":36.3,"category":"ubbull"},{"type":"A","date":"2018-03-15T02:44:47.000Z","volume":3600,"price":36.25,"category":"ubbull"},{"type":"A","date":"2018-03-15T02:44:47.000Z","volume":6300,"price":36.25,"category":"ubbull"},{"type":"A","date":"2018-03-15T02:43:13.000Z","volume":8100,"price":36.25,"category":"ubbull"},{"type":"A","date":"2018-03-15T02:40:07.000Z","volume":4500,"price":36.25,"category":"ubbull"},{"type":"A","date":"2018-03-15T02:40:07.000Z","volume":3900,"price":36.25,"category":"ubbull"},{"type":"A","date":"2018-03-15T02:39:59.000Z","volume":2700,"price":36.4,"category":"ubbull"},{"type":"A","date":"2018-03-15T02:37:38.000Z","volume":5100,"price":35.95,"category":"ubbull"},{"type":"A","date":"2018-03-15T02:37:34.000Z","volume":8100,"price":35.9,"category":"ubbull"},{"type":"A","date":"2018-03-15T02:37:06.000Z","volume":2700,"price":35.9,"category":"ubbull"},{"type":"A","date":"2018-03-15T02:37:05.000Z","volume":7200,"price":35.75,"category":"ubbull"},{"type":"A","date":"2018-03-15T02:37:05.000Z","volume":3300,"price":35.75,"category":"ubbull"},{"type":"A","date":"2018-03-15T02:34:34.000Z","volume":3900,"price":35.65,"category":"ubbull"},{"type":"A","date":"2018-03-15T02:34:33.000Z","volume":15300,"price":35.6,"category":"ubbull"},{"type":"A","date":"2018-03-15T02:27:48.000Z","volume":3000,"price":35.85,"category":"ubbull"},{"type":"A","date":"2018-03-15T02:27:41.000Z","volume":12000,"price":35.85,"category":"ubbull"},{"type":"A","date":"2018-03-15T02:27:36.000Z","volume":7200,"price":35.85,"category":"ubbull"},{"type":"A","date":"2018-03-15T02:23:22.000Z","volume":5100,"price":36.1,"category":"ubbull"},{"type":"A","date":"2018-03-15T02:23:06.000Z","volume":7200,"price":36.1,"category":"ubbull"},{"type":"A","date":"2018-03-15T02:22:44.000Z","volume":2700,"price":36.1,"category":"ubbull"},{"type":"A","date":"2018-03-15T02:17:06.000Z","volume":5700,"price":36.25,"category":"ubbull"},{"type":"A","date":"2018-03-15T02:02:33.000Z","volume":6300,"price":36.25,"category":"ubbull"},{"type":"A","date":"2018-03-15T02:01:58.000Z","volume":5700,"price":36.55,"category":"ubbull"},{"type":"A","date":"2018-03-15T02:01:54.000Z","volume":3600,"price":36.25,"category":"ubbull"},{"type":"A","date":"2018-03-15T02:01:54.000Z","volume":12600,"price":36.2,"category":"ubbull"},{"type":"A","date":"2018-03-15T02:01:54.000Z","volume":5400,"price":36.2,"category":"ubbull"},{"type":"A","date":"2018-03-15T02:01:54.000Z","volume":2700,"price":36.2,"category":"ubbull"},{"type":"A","date":"2018-03-15T02:01:52.000Z","volume":3300,"price":36.15,"category":"ubbull"},{"type":"A","date":"2018-03-15T02:01:52.000Z","volume":5100,"price":36.15,"category":"ubbull"},{"type":"A","date":"2018-03-15T01:54:47.000Z","volume":5700,"price":37,"category":"ubbull"},{"type":"A","date":"2018-03-15T01:54:32.000Z","volume":3300,"price":37,"category":"ubbull"},{"type":"A","date":"2018-03-15T01:52:10.000Z","volume":3600,"price":37,"category":"ubbull"},{"type":"A","date":"2018-03-15T01:48:44.000Z","volume":5700,"price":37,"category":"ubbull"},{"type":"A","date":"2018-03-15T01:41:35.000Z","volume":15300,"price":37,"category":"ubbull"},{"type":"A","date":"2018-03-15T01:41:30.000Z","volume":4500,"price":37.05,"category":"ubbull"},{"type":"A","date":"2018-03-15T01:41:30.000Z","volume":31800,"price":37,"category":"ubbull"},{"type":"A","date":"2018-03-15T01:41:30.000Z","volume":4800,"price":36.95,"category":"ubbull"},{"type":"A","date":"2018-03-15T01:41:17.000Z","volume":6000,"price":36.85,"category":"ubbull"},{"type":"A","date":"2018-03-15T01:40:54.000Z","volume":5700,"price":36.8,"category":"ubbull"},{"type":"A","date":"2018-03-15T01:40:53.000Z","volume":9300,"price":36.8,"category":"ubbull"},{"type":"A","date":"2018-03-15T01:40:44.000Z","volume":12600,"price":36.75,"category":"ubbull"},{"type":"A","date":"2018-03-15T01:40:21.000Z","volume":6900,"price":36.7,"category":"ubbull"},{"type":"A","date":"2018-03-15T01:40:19.000Z","volume":5100,"price":36.65,"category":"ubbull"},{"type":"A","date":"2018-03-15T01:40:19.000Z","volume":24000,"price":36.6,"category":"ubbull"},{"type":"A","date":"2018-03-15T01:35:29.000Z","volume":3000,"price":37,"category":"ubbull"},{"type":"A","date":"2018-03-15T01:34:56.000Z","volume":14100,"price":37,"category":"ubbull"},{"type":"A","date":"2018-03-15T01:32:51.000Z","volume":2700,"price":37,"category":"ubbull"},{"type":"A","date":"2018-03-15T01:32:43.000Z","volume":13200,"price":37,"category":"ubbull"},{"type":"A","date":"2018-03-15T01:32:33.000Z","volume":13800,"price":37,"category":"ubbull"},{"type":"A","date":"2018-03-15T01:31:13.000Z","volume":3900,"price":37.35,"category":"ubbull"},{"type":"A","date":"2018-03-15T01:31:13.000Z","volume":4500,"price":37.35,"category":"ubbull"},{"type":"A","date":"2018-03-15T01:31:03.000Z","volume":2700,"price":37.25,"category":"ubbull"},{"type":"A","date":"2018-03-15T01:31:03.000Z","volume":5700,"price":37.2,"category":"ubbull"},{"type":"A","date":"2018-03-15T01:30:32.000Z","volume":5400,"price":37.4,"category":"ubbull"},{"type":"A","date":"2018-03-15T01:30:21.000Z","volume":3300,"price":37.5,"category":"ubbull"},{"type":"A","date":"2018-03-15T01:30:19.000Z","volume":4800,"price":37.4,"category":"ubbull"},{"type":"A","date":"2018-03-15T01:30:19.000Z","volume":2700,"price":37.4,"category":"ubbull"},{"type":"A","date":"2018-03-15T07:59:33.000Z","volume":1200,"price":35.15,"category":"bbull"},{"type":"A","date":"2018-03-15T07:59:24.000Z","volume":2100,"price":35.15,"category":"bbull"},{"type":"A","date":"2018-03-15T07:59:04.000Z","volume":1800,"price":35.15,"category":"bbull"},{"type":"A","date":"2018-03-15T07:58:32.000Z","volume":1200,"price":35.3,"category":"bbull"},{"type":"A","date":"2018-03-15T07:58:22.000Z","volume":1500,"price":35.3,"category":"bbull"},{"type":"A","date":"2018-03-15T07:58:14.000Z","volume":2100,"price":35.3,"category":"bbull"},{"type":"A","date":"2018-03-15T07:57:46.000Z","volume":2100,"price":35.3,"category":"bbull"},{"type":"A","date":"2018-03-15T07:57:43.000Z","volume":1200,"price":35.3,"category":"bbull"},{"type":"A","date":"2018-03-15T07:57:36.000Z","volume":1800,"price":35.3,"category":"bbull"},{"type":"A","date":"2018-03-15T07:57:30.000Z","volume":2100,"price":35.3,"category":"bbull"},{"type":"A","date":"2018-03-15T07:57:27.000Z","volume":1800,"price":35.3,"category":"bbull"},{"type":"A","date":"2018-03-15T07:57:06.000Z","volume":1500,"price":35.3,"category":"bbull"},{"type":"A","date":"2018-03-15T07:57:02.000Z","volume":2400,"price":35.3,"category":"bbull"},{"type":"A","date":"2018-03-15T07:57:02.000Z","volume":1800,"price":35.3,"category":"bbull"},{"type":"A","date":"2018-03-15T07:56:59.000Z","volume":1200,"price":35.3,"category":"bbull"},{"type":"A","date":"2018-03-15T07:56:58.000Z","volume":1500,"price":35.3,"category":"bbull"},{"type":"A","date":"2018-03-15T07:56:45.000Z","volume":1200,"price":35.3,"category":"bbull"},{"type":"A","date":"2018-03-15T07:56:41.000Z","volume":1800,"price":35.3,"category":"bbull"},{"type":"A","date":"2018-03-15T07:56:41.000Z","volume":1200,"price":35.3,"category":"bbull"},{"type":"A","date":"2018-03-15T07:56:39.000Z","volume":2100,"price":35.3,"category":"bbull"},{"type":"A","date":"2018-03-15T07:56:39.000Z","volume":2100,"price":35.3,"category":"bbull"},{"type":"A","date":"2018-03-15T07:56:39.000Z","volume":1500,"price":35.3,"category":"bbull"},{"type":"A","date":"2018-03-15T07:56:31.000Z","volume":1500,"price":35.3,"category":"bbull"},{"type":"A","date":"2018-03-15T07:56:13.000Z","volume":1800,"price":35.3,"category":"bbull"},{"type":"A","date":"2018-03-15T07:56:05.000Z","volume":1200,"price":35.3,"category":"bbull"},{"type":"A","date":"2018-03-15T07:55:40.000Z","volume":1800,"price":35.3,"category":"bbull"},{"type":"A","date":"2018-03-15T07:54:36.000Z","volume":1800,"price":35.3,"category":"bbull"},{"type":"A","date":"2018-03-15T07:52:54.000Z","volume":1500,"price":35.6,"category":"bbull"},{"type":"A","date":"2018-03-15T07:52:54.000Z","volume":1200,"price":35.6,"category":"bbull"},{"type":"A","date":"2018-03-15T07:52:50.000Z","volume":1200,"price":35.6,"category":"bbull"},{"type":"A","date":"2018-03-15T07:52:24.000Z","volume":1200,"price":35.6,"category":"bbull"},{"type":"A","date":"2018-03-15T07:52:24.000Z","volume":1800,"price":35.6,"category":"bbull"},{"type":"A","date":"2018-03-15T07:52:06.000Z","volume":1800,"price":35.6,"category":"bbull"},{"type":"A","date":"2018-03-15T07:52:03.000Z","volume":1200,"price":35.6,"category":"bbull"},{"type":"A","date":"2018-03-15T07:51:37.000Z","volume":1200,"price":35.6,"category":"bbull"},{"type":"A","date":"2018-03-15T07:51:37.000Z","volume":1800,"price":35.6,"category":"bbull"},{"type":"A","date":"2018-03-15T07:51:11.000Z","volume":1200,"price":35.6,"category":"bbull"},{"type":"A","date":"2018-03-15T07:50:54.000Z","volume":1200,"price":35.6,"category":"bbull"},{"type":"A","date":"2018-03-15T07:50:54.000Z","volume":1200,"price":35.6,"category":"bbull"},{"type":"A","date":"2018-03-15T07:50:37.000Z","volume":1200,"price":35.6,"category":"bbull"},{"type":"A","date":"2018-03-15T07:50:37.000Z","volume":1200,"price":35.6,"category":"bbull"},{"type":"A","date":"2018-03-15T07:50:21.000Z","volume":1200,"price":35.6,"category":"bbull"},{"type":"A","date":"2018-03-15T07:50:00.000Z","volume":1200,"price":35.6,"category":"bbull"},{"type":"A","date":"2018-03-15T07:49:52.000Z","volume":1800,"price":35.6,"category":"bbull"},{"type":"A","date":"2018-03-15T07:49:50.000Z","volume":1500,"price":35.6,"category":"bbull"},{"type":"A","date":"2018-03-15T07:49:39.000Z","volume":1200,"price":35.6,"category":"bbull"},{"type":"A","date":"2018-03-15T07:49:16.000Z","volume":1500,"price":35.6,"category":"bbull"},{"type":"A","date":"2018-03-15T07:48:57.000Z","volume":1200,"price":35.6,"category":"bbull"},{"type":"A","date":"2018-03-15T07:48:54.000Z","volume":1200,"price":35.6,"category":"bbull"},{"type":"A","date":"2018-03-15T07:48:24.000Z","volume":1500,"price":35.6,"category":"bbull"},{"type":"A","date":"2018-03-15T07:48:20.000Z","volume":1800,"price":35.6,"category":"bbull"},{"type":"A","date":"2018-03-15T07:47:24.000Z","volume":1500,"price":35.6,"category":"bbull"},{"type":"A","date":"2018-03-15T07:47:24.000Z","volume":1200,"price":35.6,"category":"bbull"},{"type":"A","date":"2018-03-15T07:47:08.000Z","volume":2400,"price":35.6,"category":"bbull"},{"type":"A","date":"2018-03-15T07:46:39.000Z","volume":1500,"price":35.6,"category":"bbull"},{"type":"A","date":"2018-03-15T07:45:39.000Z","volume":1500,"price":35.6,"category":"bbull"},{"type":"A","date":"2018-03-15T07:44:54.000Z","volume":1500,"price":35.6,"category":"bbull"},{"type":"A","date":"2018-03-15T07:43:54.000Z","volume":2100,"price":35.6,"category":"bbull"},{"type":"A","date":"2018-03-15T07:35:35.000Z","volume":2400,"price":35.6,"category":"bbull"},{"type":"A","date":"2018-03-15T07:35:22.000Z","volume":2400,"price":35.6,"category":"bbull"},{"type":"A","date":"2018-03-15T07:35:16.000Z","volume":1800,"price":35.6,"category":"bbull"},{"type":"A","date":"2018-03-15T07:35:16.000Z","volume":2400,"price":35.6,"category":"bbull"},{"type":"A","date":"2018-03-15T07:25:14.000Z","volume":2400,"price":36.05,"category":"bbull"},{"type":"A","date":"2018-03-15T07:22:24.000Z","volume":2400,"price":36.05,"category":"bbull"},{"type":"A","date":"2018-03-15T07:21:39.000Z","volume":1200,"price":36.05,"category":"bbull"},{"type":"A","date":"2018-03-15T07:21:34.000Z","volume":1500,"price":36.05,"category":"bbull"},{"type":"A","date":"2018-03-15T07:21:32.000Z","volume":1800,"price":36.05,"category":"bbull"},{"type":"A","date":"2018-03-15T07:21:25.000Z","volume":1200,"price":36.05,"category":"bbull"},{"type":"A","date":"2018-03-15T07:21:23.000Z","volume":1500,"price":36.05,"category":"bbull"},{"type":"A","date":"2018-03-15T07:14:21.000Z","volume":1500,"price":36.05,"category":"bbull"},{"type":"A","date":"2018-03-15T07:02:53.000Z","volume":1500,"price":36.6,"category":"bbull"},{"type":"A","date":"2018-03-15T06:52:29.000Z","volume":1200,"price":36.6,"category":"bbull"},{"type":"A","date":"2018-03-15T06:48:41.000Z","volume":1200,"price":36.6,"category":"bbull"},{"type":"A","date":"2018-03-15T06:45:23.000Z","volume":1200,"price":36.6,"category":"bbull"},{"type":"A","date":"2018-03-15T06:43:23.000Z","volume":1500,"price":36.6,"category":"bbull"},{"type":"A","date":"2018-03-15T06:42:04.000Z","volume":2100,"price":36.6,"category":"bbull"},{"type":"A","date":"2018-03-15T06:38:59.000Z","volume":1200,"price":36.6,"category":"bbull"},{"type":"A","date":"2018-03-15T06:35:26.000Z","volume":1500,"price":36.6,"category":"bbull"},{"type":"A","date":"2018-03-15T06:32:40.000Z","volume":1200,"price":36.6,"category":"bbull"},{"type":"A","date":"2018-03-15T06:32:07.000Z","volume":1500,"price":36.6,"category":"bbull"},{"type":"A","date":"2018-03-15T06:28:20.000Z","volume":1500,"price":36.6,"category":"bbull"},{"type":"A","date":"2018-03-15T06:23:08.000Z","volume":1500,"price":36.6,"category":"bbull"},{"type":"A","date":"2018-03-15T06:14:34.000Z","volume":2100,"price":36.55,"category":"bbull"},{"type":"A","date":"2018-03-15T06:12:31.000Z","volume":2100,"price":36.55,"category":"bbull"},{"type":"A","date":"2018-03-15T06:11:28.000Z","volume":1200,"price":36.55,"category":"bbull"},{"type":"A","date":"2018-03-15T06:10:03.000Z","volume":2100,"price":36.5,"category":"bbull"},{"type":"A","date":"2018-03-15T06:08:55.000Z","volume":1500,"price":36.5,"category":"bbull"},{"type":"A","date":"2018-03-15T06:08:37.000Z","volume":1200,"price":36.5,"category":"bbull"},{"type":"A","date":"2018-03-15T06:05:36.000Z","volume":1800,"price":36.5,"category":"bbull"},{"type":"A","date":"2018-03-15T06:01:09.000Z","volume":1500,"price":36.5,"category":"bbull"},{"type":"A","date":"2018-03-15T06:00:39.000Z","volume":1800,"price":36.5,"category":"bbull"},{"type":"A","date":"2018-03-15T06:00:38.000Z","volume":1800,"price":36.5,"category":"bbull"},{"type":"A","date":"2018-03-15T05:59:51.000Z","volume":1500,"price":36.5,"category":"bbull"},{"type":"A","date":"2018-03-15T05:47:49.000Z","volume":2400,"price":36.4,"category":"bbull"},{"type":"A","date":"2018-03-15T05:45:01.000Z","volume":1500,"price":36.45,"category":"bbull"},{"type":"A","date":"2018-03-15T05:42:15.000Z","volume":1200,"price":36.45,"category":"bbull"},{"type":"A","date":"2018-03-15T05:42:11.000Z","volume":2400,"price":36.45,"category":"bbull"},{"type":"A","date":"2018-03-15T05:42:11.000Z","volume":1500,"price":36.45,"category":"bbull"},{"type":"A","date":"2018-03-15T05:40:25.000Z","volume":2400,"price":36.45,"category":"bbull"},{"type":"A","date":"2018-03-15T05:39:49.000Z","volume":2400,"price":36.45,"category":"bbull"},{"type":"A","date":"2018-03-15T05:38:45.000Z","volume":2100,"price":36.45,"category":"bbull"},{"type":"A","date":"2018-03-15T05:35:58.000Z","volume":1500,"price":36.45,"category":"bbull"},{"type":"A","date":"2018-03-15T05:33:07.000Z","volume":1200,"price":36.35,"category":"bbull"},{"type":"A","date":"2018-03-15T05:22:21.000Z","volume":1200,"price":36.45,"category":"bbull"},{"type":"A","date":"2018-03-15T05:22:15.000Z","volume":1500,"price":36.45,"category":"bbull"},{"type":"A","date":"2018-03-15T05:22:06.000Z","volume":1200,"price":36.6,"category":"bbull"},{"type":"A","date":"2018-03-15T05:18:45.000Z","volume":1200,"price":36.6,"category":"bbull"},{"type":"A","date":"2018-03-15T05:18:43.000Z","volume":1200,"price":36.6,"category":"bbull"},{"type":"A","date":"2018-03-15T05:17:23.000Z","volume":1200,"price":36.6,"category":"bbull"},{"type":"A","date":"2018-03-15T05:14:04.000Z","volume":1500,"price":36.6,"category":"bbull"},{"type":"A","date":"2018-03-15T05:12:23.000Z","volume":1200,"price":36.45,"category":"bbull"},{"type":"A","date":"2018-03-15T05:12:12.000Z","volume":2100,"price":36.4,"category":"bbull"},{"type":"A","date":"2018-03-15T05:00:05.000Z","volume":1200,"price":36.35,"category":"bbull"},{"type":"A","date":"2018-03-15T03:59:50.000Z","volume":1200,"price":36.35,"category":"bbull"},{"type":"A","date":"2018-03-15T03:59:47.000Z","volume":1200,"price":36.3,"category":"bbull"},{"type":"A","date":"2018-03-15T03:59:21.000Z","volume":1200,"price":36.25,"category":"bbull"},{"type":"A","date":"2018-03-15T03:54:47.000Z","volume":2400,"price":36.4,"category":"bbull"},{"type":"A","date":"2018-03-15T03:50:56.000Z","volume":1800,"price":36.35,"category":"bbull"},{"type":"A","date":"2018-03-15T03:50:55.000Z","volume":2400,"price":36.35,"category":"bbull"},{"type":"A","date":"2018-03-15T03:49:34.000Z","volume":2100,"price":36.35,"category":"bbull"},{"type":"A","date":"2018-03-15T03:49:32.000Z","volume":2100,"price":36.3,"category":"bbull"},{"type":"A","date":"2018-03-15T03:49:32.000Z","volume":1500,"price":36.3,"category":"bbull"},{"type":"A","date":"2018-03-15T03:49:32.000Z","volume":1200,"price":36.3,"category":"bbull"},{"type":"A","date":"2018-03-15T03:49:21.000Z","volume":1500,"price":36.3,"category":"bbull"},{"type":"A","date":"2018-03-15T03:49:17.000Z","volume":1500,"price":36.25,"category":"bbull"},{"type":"A","date":"2018-03-15T03:49:16.000Z","volume":1500,"price":36.15,"category":"bbull"},{"type":"A","date":"2018-03-15T03:49:16.000Z","volume":2100,"price":36.2,"category":"bbull"},{"type":"A","date":"2018-03-15T03:48:30.000Z","volume":2100,"price":36.2,"category":"bbull"},{"type":"A","date":"2018-03-15T03:48:30.000Z","volume":2400,"price":36.25,"category":"bbull"},{"type":"A","date":"2018-03-15T03:48:17.000Z","volume":1500,"price":36.25,"category":"bbull"},{"type":"A","date":"2018-03-15T03:48:10.000Z","volume":1500,"price":36.25,"category":"bbull"},{"type":"A","date":"2018-03-15T03:47:47.000Z","volume":1200,"price":36.5,"category":"bbull"},{"type":"A","date":"2018-03-15T03:35:52.000Z","volume":1200,"price":36.5,"category":"bbull"},{"type":"A","date":"2018-03-15T03:33:41.000Z","volume":1200,"price":36.5,"category":"bbull"},{"type":"A","date":"2018-03-15T03:22:32.000Z","volume":1500,"price":36.5,"category":"bbull"},{"type":"A","date":"2018-03-15T03:22:04.000Z","volume":1500,"price":36.55,"category":"bbull"},{"type":"A","date":"2018-03-15T03:21:56.000Z","volume":2400,"price":36.55,"category":"bbull"},{"type":"A","date":"2018-03-15T03:19:53.000Z","volume":1200,"price":36.55,"category":"bbull"},{"type":"A","date":"2018-03-15T03:17:53.000Z","volume":1500,"price":36.55,"category":"bbull"},{"type":"A","date":"2018-03-15T03:17:02.000Z","volume":1800,"price":36.55,"category":"bbull"},{"type":"A","date":"2018-03-15T03:14:20.000Z","volume":1200,"price":36.55,"category":"bbull"},{"type":"A","date":"2018-03-15T03:13:43.000Z","volume":2100,"price":36.55,"category":"bbull"},{"type":"A","date":"2018-03-15T03:09:13.000Z","volume":1200,"price":36.45,"category":"bbull"},{"type":"A","date":"2018-03-15T03:08:35.000Z","volume":2400,"price":36.45,"category":"bbull"},{"type":"A","date":"2018-03-15T03:08:31.000Z","volume":1200,"price":36.45,"category":"bbull"},{"type":"A","date":"2018-03-15T02:59:53.000Z","volume":1500,"price":36.4,"category":"bbull"},{"type":"A","date":"2018-03-15T02:59:53.000Z","volume":2100,"price":36.4,"category":"bbull"},{"type":"A","date":"2018-03-15T02:59:52.000Z","volume":1800,"price":36.4,"category":"bbull"},{"type":"A","date":"2018-03-15T02:59:52.000Z","volume":1500,"price":36.4,"category":"bbull"},{"type":"A","date":"2018-03-15T02:59:34.000Z","volume":2400,"price":36.4,"category":"bbull"},{"type":"A","date":"2018-03-15T02:58:14.000Z","volume":1500,"price":36.55,"category":"bbull"},{"type":"A","date":"2018-03-15T02:57:20.000Z","volume":1800,"price":36.5,"category":"bbull"},{"type":"A","date":"2018-03-15T02:56:26.000Z","volume":1800,"price":36.5,"category":"bbull"},{"type":"A","date":"2018-03-15T02:56:18.000Z","volume":1800,"price":36.45,"category":"bbull"},{"type":"A","date":"2018-03-15T02:55:31.000Z","volume":1200,"price":36.45,"category":"bbull"},{"type":"A","date":"2018-03-15T02:53:46.000Z","volume":1200,"price":36.4,"category":"bbull"},{"type":"A","date":"2018-03-15T02:53:46.000Z","volume":1200,"price":36.4,"category":"bbull"},{"type":"A","date":"2018-03-15T02:53:45.000Z","volume":2100,"price":36.4,"category":"bbull"},{"type":"A","date":"2018-03-15T02:52:50.000Z","volume":1500,"price":36.4,"category":"bbull"},{"type":"A","date":"2018-03-15T02:52:14.000Z","volume":1200,"price":36.45,"category":"bbull"},{"type":"A","date":"2018-03-15T02:51:56.000Z","volume":1800,"price":36.45,"category":"bbull"},{"type":"A","date":"2018-03-15T02:51:10.000Z","volume":2100,"price":36.4,"category":"bbull"},{"type":"A","date":"2018-03-15T02:50:06.000Z","volume":1200,"price":36.4,"category":"bbull"},{"type":"A","date":"2018-03-15T02:50:03.000Z","volume":2100,"price":36.4,"category":"bbull"},{"type":"A","date":"2018-03-15T02:49:17.000Z","volume":1800,"price":36.35,"category":"bbull"},{"type":"A","date":"2018-03-15T02:49:07.000Z","volume":1800,"price":36.35,"category":"bbull"},{"type":"A","date":"2018-03-15T02:45:59.000Z","volume":1800,"price":36.35,"category":"bbull"},{"type":"A","date":"2018-03-15T02:45:52.000Z","volume":1200,"price":36.35,"category":"bbull"},{"type":"A","date":"2018-03-15T02:45:52.000Z","volume":1500,"price":36.35,"category":"bbull"},{"type":"A","date":"2018-03-15T02:44:58.000Z","volume":1500,"price":36.35,"category":"bbull"},{"type":"A","date":"2018-03-15T02:44:57.000Z","volume":1200,"price":36.35,"category":"bbull"},{"type":"A","date":"2018-03-15T02:44:48.000Z","volume":2400,"price":36.3,"category":"bbull"},{"type":"A","date":"2018-03-15T02:43:19.000Z","volume":2400,"price":36.25,"category":"bbull"},{"type":"A","date":"2018-03-15T02:40:10.000Z","volume":2100,"price":36.25,"category":"bbull"},{"type":"A","date":"2018-03-15T02:39:00.000Z","volume":2100,"price":36.25,"category":"bbull"},{"type":"A","date":"2018-03-15T02:38:06.000Z","volume":1500,"price":36.05,"category":"bbull"},{"type":"A","date":"2018-03-15T02:37:51.000Z","volume":1200,"price":36,"category":"bbull"},{"type":"A","date":"2018-03-15T02:37:41.000Z","volume":1500,"price":36,"category":"bbull"},{"type":"A","date":"2018-03-15T02:37:38.000Z","volume":2100,"price":35.95,"category":"bbull"},{"type":"A","date":"2018-03-15T02:36:37.000Z","volume":1200,"price":35.75,"category":"bbull"},{"type":"A","date":"2018-03-15T02:34:37.000Z","volume":1500,"price":35.75,"category":"bbull"},{"type":"A","date":"2018-03-15T02:34:33.000Z","volume":1200,"price":35.6,"category":"bbull"},{"type":"A","date":"2018-03-15T02:28:03.000Z","volume":1200,"price":35.85,"category":"bbull"},{"type":"A","date":"2018-03-15T02:27:41.000Z","volume":1500,"price":35.85,"category":"bbull"},{"type":"A","date":"2018-03-15T02:23:29.000Z","volume":1200,"price":36.1,"category":"bbull"},{"type":"A","date":"2018-03-15T02:23:06.000Z","volume":1500,"price":36.1,"category":"bbull"},{"type":"A","date":"2018-03-15T02:19:18.000Z","volume":1200,"price":36.25,"category":"bbull"},{"type":"A","date":"2018-03-15T02:17:44.000Z","volume":2100,"price":36.25,"category":"bbull"},{"type":"A","date":"2018-03-15T02:17:08.000Z","volume":1500,"price":36.25,"category":"bbull"},{"type":"A","date":"2018-03-15T02:17:06.000Z","volume":1200,"price":36.25,"category":"bbull"},{"type":"A","date":"2018-03-15T02:12:35.000Z","volume":1500,"price":36.25,"category":"bbull"},{"type":"A","date":"2018-03-15T02:10:26.000Z","volume":2100,"price":36.25,"category":"bbull"},{"type":"A","date":"2018-03-15T02:02:37.000Z","volume":1500,"price":36.5,"category":"bbull"},{"type":"A","date":"2018-03-15T02:02:05.000Z","volume":1500,"price":36.55,"category":"bbull"},{"type":"A","date":"2018-03-15T02:01:52.000Z","volume":2100,"price":36.15,"category":"bbull"},{"type":"A","date":"2018-03-15T02:01:52.000Z","volume":2100,"price":36.15,"category":"bbull"},{"type":"A","date":"2018-03-15T01:56:30.000Z","volume":2100,"price":36.8,"category":"bbull"},{"type":"A","date":"2018-03-15T01:55:08.000Z","volume":1200,"price":37,"category":"bbull"},{"type":"A","date":"2018-03-15T01:54:55.000Z","volume":1500,"price":37,"category":"bbull"},{"type":"A","date":"2018-03-15T01:54:47.000Z","volume":1200,"price":37,"category":"bbull"},{"type":"A","date":"2018-03-15T01:48:44.000Z","volume":2100,"price":37,"category":"bbull"},{"type":"A","date":"2018-03-15T01:48:12.000Z","volume":1200,"price":37,"category":"bbull"},{"type":"A","date":"2018-03-15T01:47:33.000Z","volume":1500,"price":37,"category":"bbull"},{"type":"A","date":"2018-03-15T01:41:30.000Z","volume":1500,"price":37.05,"category":"bbull"},{"type":"A","date":"2018-03-15T01:41:30.000Z","volume":1500,"price":37,"category":"bbull"},{"type":"A","date":"2018-03-15T01:41:17.000Z","volume":1500,"price":36.9,"category":"bbull"},{"type":"A","date":"2018-03-15T01:41:17.000Z","volume":1200,"price":36.9,"category":"bbull"},{"type":"A","date":"2018-03-15T01:41:17.000Z","volume":2400,"price":36.9,"category":"bbull"},{"type":"A","date":"2018-03-15T01:41:06.000Z","volume":2100,"price":36.85,"category":"bbull"},{"type":"A","date":"2018-03-15T01:40:55.000Z","volume":1500,"price":36.85,"category":"bbull"},{"type":"A","date":"2018-03-15T01:40:55.000Z","volume":1500,"price":36.85,"category":"bbull"},{"type":"A","date":"2018-03-15T01:40:54.000Z","volume":1500,"price":36.85,"category":"bbull"},{"type":"A","date":"2018-03-15T01:40:44.000Z","volume":2100,"price":36.8,"category":"bbull"},{"type":"A","date":"2018-03-15T01:40:44.000Z","volume":1200,"price":36.75,"category":"bbull"},{"type":"A","date":"2018-03-15T01:40:20.000Z","volume":1800,"price":36.65,"category":"bbull"},{"type":"A","date":"2018-03-15T01:40:20.000Z","volume":1500,"price":36.6,"category":"bbull"},{"type":"A","date":"2018-03-15T01:40:19.000Z","volume":2100,"price":36.65,"category":"bbull"},{"type":"A","date":"2018-03-15T01:40:19.000Z","volume":2400,"price":36.6,"category":"bbull"},{"type":"A","date":"2018-03-15T01:38:12.000Z","volume":2100,"price":37,"category":"bbull"},{"type":"A","date":"2018-03-15T01:34:56.000Z","volume":2100,"price":37,"category":"bbull"},{"type":"A","date":"2018-03-15T01:34:33.000Z","volume":1200,"price":37,"category":"bbull"},{"type":"A","date":"2018-03-15T01:34:05.000Z","volume":2100,"price":37,"category":"bbull"},{"type":"A","date":"2018-03-15T01:34:01.000Z","volume":2100,"price":37,"category":"bbull"},{"type":"A","date":"2018-03-15T01:33:58.000Z","volume":1200,"price":37,"category":"bbull"},{"type":"A","date":"2018-03-15T01:33:09.000Z","volume":1800,"price":37,"category":"bbull"},{"type":"A","date":"2018-03-15T01:32:44.000Z","volume":1200,"price":37,"category":"bbull"},{"type":"A","date":"2018-03-15T01:32:43.000Z","volume":2400,"price":37,"category":"bbull"},{"type":"A","date":"2018-03-15T01:32:34.000Z","volume":1200,"price":37.05,"category":"bbull"},{"type":"A","date":"2018-03-15T01:32:34.000Z","volume":1500,"price":37.05,"category":"bbull"},{"type":"A","date":"2018-03-15T01:32:30.000Z","volume":2400,"price":37.1,"category":"bbull"},{"type":"A","date":"2018-03-15T01:31:33.000Z","volume":1200,"price":37.4,"category":"bbull"},{"type":"A","date":"2018-03-15T01:31:14.000Z","volume":2400,"price":37.35,"category":"bbull"},{"type":"A","date":"2018-03-15T01:31:03.000Z","volume":1200,"price":37.3,"category":"bbull"},{"type":"A","date":"2018-03-15T01:30:33.000Z","volume":1200,"price":37.4,"category":"bbull"},{"type":"A","date":"2018-03-15T01:30:18.000Z","volume":1800,"price":37.2,"category":"bbull"},{"type":"A","date":"2018-03-15T01:30:17.000Z","volume":2100,"price":36.9,"category":"bbull"},{"type":"A","date":"2018-03-15T01:30:16.000Z","volume":1200,"price":36.65,"category":"bbull"},{"type":"A","date":"2018-03-15T01:30:14.000Z","volume":2100,"price":36.6,"category":"bbull"},{"type":"A","date":"2018-03-15T07:59:52.000Z","volume":300,"price":35.15,"category":"rbull"},{"type":"A","date":"2018-03-15T07:59:47.000Z","volume":300,"price":35.15,"category":"rbull"},{"type":"A","date":"2018-03-15T07:59:47.000Z","volume":300,"price":35.15,"category":"rbull"},{"type":"A","date":"2018-03-15T07:59:45.000Z","volume":300,"price":35.15,"category":"rbull"},{"type":"A","date":"2018-03-15T07:59:35.000Z","volume":300,"price":35.15,"category":"rbull"},{"type":"A","date":"2018-03-15T07:59:34.000Z","volume":300,"price":35.15,"category":"rbull"},{"type":"A","date":"2018-03-15T07:59:31.000Z","volume":300,"price":35.15,"category":"rbull"},{"type":"A","date":"2018-03-15T07:59:30.000Z","volume":300,"price":35.15,"category":"rbull"},{"type":"A","date":"2018-03-15T07:59:30.000Z","volume":300,"price":35.15,"category":"rbull"},{"type":"A","date":"2018-03-15T07:59:30.000Z","volume":300,"price":35.15,"category":"rbull"},{"type":"A","date":"2018-03-15T07:59:27.000Z","volume":300,"price":35.15,"category":"rbull"},{"type":"A","date":"2018-03-15T07:59:24.000Z","volume":300,"price":35.15,"category":"rbull"},{"type":"A","date":"2018-03-15T07:59:15.000Z","volume":300,"price":35.15,"category":"rbull"},{"type":"A","date":"2018-03-15T07:59:15.000Z","volume":300,"price":35.15,"category":"rbull"},{"type":"A","date":"2018-03-15T07:59:12.000Z","volume":300,"price":35.15,"category":"rbull"},{"type":"A","date":"2018-03-15T07:59:10.000Z","volume":300,"price":35.15,"category":"rbull"},{"type":"A","date":"2018-03-15T07:59:09.000Z","volume":300,"price":35.15,"category":"rbull"},{"type":"A","date":"2018-03-15T07:59:09.000Z","volume":300,"price":35.15,"category":"rbull"},{"type":"A","date":"2018-03-15T07:59:01.000Z","volume":300,"price":35.15,"category":"rbull"},{"type":"A","date":"2018-03-15T07:59:00.000Z","volume":300,"price":35.15,"category":"rbull"},{"type":"A","date":"2018-03-15T07:58:52.000Z","volume":300,"price":35.2,"category":"rbull"},{"type":"A","date":"2018-03-15T07:58:32.000Z","volume":300,"price":35.3,"category":"rbull"},{"type":"A","date":"2018-03-15T07:57:53.000Z","volume":300,"price":35.3,"category":"rbull"},{"type":"A","date":"2018-03-15T07:57:35.000Z","volume":300,"price":35.3,"category":"rbull"},{"type":"A","date":"2018-03-15T07:57:17.000Z","volume":300,"price":35.3,"category":"rbull"},{"type":"A","date":"2018-03-15T07:57:06.000Z","volume":300,"price":35.3,"category":"rbull"},{"type":"A","date":"2018-03-15T07:57:02.000Z","volume":300,"price":35.3,"category":"rbull"},{"type":"A","date":"2018-03-15T07:57:02.000Z","volume":300,"price":35.3,"category":"rbull"},{"type":"A","date":"2018-03-15T07:57:02.000Z","volume":300,"price":35.3,"category":"rbull"},{"type":"A","date":"2018-03-15T07:57:02.000Z","volume":300,"price":35.3,"category":"rbull"},{"type":"A","date":"2018-03-15T07:55:37.000Z","volume":300,"price":35.3,"category":"rbull"},{"type":"A","date":"2018-03-15T07:53:17.000Z","volume":300,"price":35.55,"category":"rbull"},{"type":"A","date":"2018-03-15T07:52:57.000Z","volume":300,"price":35.6,"category":"rbull"},{"type":"A","date":"2018-03-15T07:52:54.000Z","volume":300,"price":35.6,"category":"rbull"},{"type":"A","date":"2018-03-15T07:51:13.000Z","volume":300,"price":35.6,"category":"rbull"},{"type":"A","date":"2018-03-15T07:50:07.000Z","volume":300,"price":35.6,"category":"rbull"},{"type":"A","date":"2018-03-15T07:50:04.000Z","volume":300,"price":35.6,"category":"rbull"},{"type":"A","date":"2018-03-15T07:49:40.000Z","volume":300,"price":35.6,"category":"rbull"},{"type":"A","date":"2018-03-15T07:49:39.000Z","volume":300,"price":35.6,"category":"rbull"},{"type":"A","date":"2018-03-15T07:49:25.000Z","volume":300,"price":35.6,"category":"rbull"},{"type":"A","date":"2018-03-15T07:49:04.000Z","volume":300,"price":35.6,"category":"rbull"},{"type":"A","date":"2018-03-15T07:48:45.000Z","volume":300,"price":35.6,"category":"rbull"},{"type":"A","date":"2018-03-15T07:48:04.000Z","volume":300,"price":35.6,"category":"rbull"},{"type":"A","date":"2018-03-15T07:32:46.000Z","volume":300,"price":35.85,"category":"rbull"},{"type":"A","date":"2018-03-15T07:28:01.000Z","volume":300,"price":36,"category":"rbull"},{"type":"A","date":"2018-03-15T07:25:18.000Z","volume":300,"price":36.05,"category":"rbull"},{"type":"A","date":"2018-03-15T07:17:19.000Z","volume":300,"price":36.05,"category":"rbull"},{"type":"A","date":"2018-03-15T07:14:27.000Z","volume":300,"price":36.05,"category":"rbull"},{"type":"A","date":"2018-03-15T07:05:25.000Z","volume":300,"price":36.2,"category":"rbull"},{"type":"A","date":"2018-03-15T07:05:21.000Z","volume":300,"price":36.55,"category":"rbull"},{"type":"A","date":"2018-03-15T07:05:14.000Z","volume":300,"price":36.6,"category":"rbull"},{"type":"A","date":"2018-03-15T07:02:06.000Z","volume":300,"price":36.6,"category":"rbull"},{"type":"A","date":"2018-03-15T07:01:59.000Z","volume":300,"price":36.6,"category":"rbull"},{"type":"A","date":"2018-03-15T06:53:01.000Z","volume":300,"price":36.6,"category":"rbull"},{"type":"A","date":"2018-03-15T06:48:46.000Z","volume":300,"price":36.6,"category":"rbull"},{"type":"A","date":"2018-03-15T06:47:51.000Z","volume":300,"price":36.6,"category":"rbull"},{"type":"A","date":"2018-03-15T06:47:23.000Z","volume":300,"price":36.6,"category":"rbull"},{"type":"A","date":"2018-03-15T06:46:34.000Z","volume":300,"price":36.6,"category":"rbull"},{"type":"A","date":"2018-03-15T06:45:26.000Z","volume":300,"price":36.6,"category":"rbull"},{"type":"A","date":"2018-03-15T06:45:13.000Z","volume":300,"price":36.6,"category":"rbull"},{"type":"A","date":"2018-03-15T06:44:11.000Z","volume":300,"price":36.6,"category":"rbull"},{"type":"A","date":"2018-03-15T06:43:58.000Z","volume":300,"price":36.6,"category":"rbull"},{"type":"A","date":"2018-03-15T06:43:31.000Z","volume":300,"price":36.6,"category":"rbull"},{"type":"A","date":"2018-03-15T06:36:39.000Z","volume":300,"price":36.6,"category":"rbull"},{"type":"A","date":"2018-03-15T06:34:52.000Z","volume":300,"price":36.6,"category":"rbull"},{"type":"A","date":"2018-03-15T06:33:15.000Z","volume":300,"price":36.6,"category":"rbull"},{"type":"A","date":"2018-03-15T06:27:39.000Z","volume":300,"price":36.6,"category":"rbull"},{"type":"A","date":"2018-03-15T06:27:22.000Z","volume":300,"price":36.6,"category":"rbull"},{"type":"A","date":"2018-03-15T06:24:45.000Z","volume":300,"price":36.6,"category":"rbull"},{"type":"A","date":"2018-03-15T06:21:45.000Z","volume":300,"price":36.6,"category":"rbull"},{"type":"A","date":"2018-03-15T06:19:47.000Z","volume":300,"price":36.6,"category":"rbull"},{"type":"A","date":"2018-03-15T06:19:43.000Z","volume":300,"price":36.6,"category":"rbull"},{"type":"A","date":"2018-03-15T06:19:27.000Z","volume":300,"price":36.6,"category":"rbull"},{"type":"A","date":"2018-03-15T06:17:56.000Z","volume":300,"price":36.6,"category":"rbull"},{"type":"A","date":"2018-03-15T06:16:01.000Z","volume":300,"price":36.6,"category":"rbull"},{"type":"A","date":"2018-03-15T06:15:00.000Z","volume":300,"price":36.55,"category":"rbull"},{"type":"A","date":"2018-03-15T06:14:36.000Z","volume":300,"price":36.55,"category":"rbull"},{"type":"A","date":"2018-03-15T06:14:24.000Z","volume":300,"price":36.55,"category":"rbull"},{"type":"A","date":"2018-03-15T06:13:43.000Z","volume":300,"price":36.55,"category":"rbull"},{"type":"A","date":"2018-03-15T06:12:19.000Z","volume":300,"price":36.55,"category":"rbull"},{"type":"A","date":"2018-03-15T06:11:35.000Z","volume":300,"price":36.55,"category":"rbull"},{"type":"A","date":"2018-03-15T06:11:23.000Z","volume":300,"price":36.55,"category":"rbull"},{"type":"A","date":"2018-03-15T06:11:13.000Z","volume":300,"price":36.5,"category":"rbull"},{"type":"A","date":"2018-03-15T06:11:00.000Z","volume":300,"price":36.5,"category":"rbull"},{"type":"A","date":"2018-03-15T06:06:58.000Z","volume":300,"price":36.5,"category":"rbull"},{"type":"A","date":"2018-03-15T06:05:59.000Z","volume":300,"price":36.5,"category":"rbull"},{"type":"A","date":"2018-03-15T06:05:55.000Z","volume":300,"price":36.5,"category":"rbull"},{"type":"A","date":"2018-03-15T06:05:51.000Z","volume":300,"price":36.5,"category":"rbull"},{"type":"A","date":"2018-03-15T06:05:39.000Z","volume":300,"price":36.5,"category":"rbull"},{"type":"A","date":"2018-03-15T06:05:23.000Z","volume":300,"price":36.5,"category":"rbull"},{"type":"A","date":"2018-03-15T06:04:44.000Z","volume":300,"price":36.5,"category":"rbull"},{"type":"A","date":"2018-03-15T06:02:53.000Z","volume":300,"price":36.5,"category":"rbull"},{"type":"A","date":"2018-03-15T06:02:48.000Z","volume":300,"price":36.5,"category":"rbull"},{"type":"A","date":"2018-03-15T06:02:02.000Z","volume":300,"price":36.5,"category":"rbull"},{"type":"A","date":"2018-03-15T06:01:14.000Z","volume":300,"price":36.5,"category":"rbull"},{"type":"A","date":"2018-03-15T06:01:11.000Z","volume":300,"price":36.5,"category":"rbull"},{"type":"A","date":"2018-03-15T06:01:02.000Z","volume":300,"price":36.5,"category":"rbull"},{"type":"A","date":"2018-03-15T06:00:26.000Z","volume":300,"price":36.5,"category":"rbull"},{"type":"A","date":"2018-03-15T05:59:54.000Z","volume":300,"price":36.5,"category":"rbull"},{"type":"A","date":"2018-03-15T05:54:28.000Z","volume":300,"price":36.4,"category":"rbull"},{"type":"A","date":"2018-03-15T05:52:05.000Z","volume":300,"price":36.4,"category":"rbull"},{"type":"A","date":"2018-03-15T05:47:49.000Z","volume":300,"price":36.4,"category":"rbull"},{"type":"A","date":"2018-03-15T05:47:49.000Z","volume":300,"price":36.4,"category":"rbull"},{"type":"A","date":"2018-03-15T05:46:59.000Z","volume":300,"price":36.45,"category":"rbull"},{"type":"A","date":"2018-03-15T05:46:21.000Z","volume":300,"price":36.45,"category":"rbull"},{"type":"A","date":"2018-03-15T05:46:20.000Z","volume":300,"price":36.45,"category":"rbull"},{"type":"A","date":"2018-03-15T05:45:01.000Z","volume":300,"price":36.45,"category":"rbull"},{"type":"A","date":"2018-03-15T05:44:21.000Z","volume":300,"price":36.45,"category":"rbull"},{"type":"A","date":"2018-03-15T05:44:19.000Z","volume":300,"price":36.45,"category":"rbull"},{"type":"A","date":"2018-03-15T05:42:57.000Z","volume":300,"price":36.45,"category":"rbull"},{"type":"A","date":"2018-03-15T05:42:18.000Z","volume":300,"price":36.45,"category":"rbull"},{"type":"A","date":"2018-03-15T05:38:53.000Z","volume":300,"price":36.45,"category":"rbull"},{"type":"A","date":"2018-03-15T05:38:52.000Z","volume":300,"price":36.45,"category":"rbull"},{"type":"A","date":"2018-03-15T05:38:47.000Z","volume":300,"price":36.45,"category":"rbull"},{"type":"A","date":"2018-03-15T05:36:59.000Z","volume":300,"price":36.45,"category":"rbull"},{"type":"A","date":"2018-03-15T05:36:58.000Z","volume":300,"price":36.45,"category":"rbull"},{"type":"A","date":"2018-03-15T05:36:29.000Z","volume":300,"price":36.45,"category":"rbull"},{"type":"A","date":"2018-03-15T05:33:16.000Z","volume":300,"price":36.35,"category":"rbull"},{"type":"A","date":"2018-03-15T05:22:39.000Z","volume":300,"price":36.45,"category":"rbull"},{"type":"A","date":"2018-03-15T05:21:06.000Z","volume":300,"price":36.6,"category":"rbull"},{"type":"A","date":"2018-03-15T05:19:20.000Z","volume":300,"price":36.6,"category":"rbull"},{"type":"A","date":"2018-03-15T05:18:50.000Z","volume":300,"price":36.6,"category":"rbull"},{"type":"A","date":"2018-03-15T05:17:25.000Z","volume":300,"price":36.6,"category":"rbull"},{"type":"A","date":"2018-03-15T05:12:11.000Z","volume":300,"price":36.35,"category":"rbull"},{"type":"A","date":"2018-03-15T05:10:48.000Z","volume":300,"price":36.35,"category":"rbull"},{"type":"A","date":"2018-03-15T05:09:44.000Z","volume":300,"price":36.35,"category":"rbull"},{"type":"A","date":"2018-03-15T05:08:07.000Z","volume":300,"price":36.35,"category":"rbull"},{"type":"A","date":"2018-03-15T05:05:38.000Z","volume":300,"price":36.35,"category":"rbull"},{"type":"A","date":"2018-03-15T05:04:36.000Z","volume":300,"price":36.35,"category":"rbull"},{"type":"A","date":"2018-03-15T05:03:09.000Z","volume":300,"price":36.35,"category":"rbull"},{"type":"A","date":"2018-03-15T05:00:09.000Z","volume":300,"price":36.35,"category":"rbull"},{"type":"A","date":"2018-03-15T03:59:39.000Z","volume":300,"price":36.25,"category":"rbull"},{"type":"A","date":"2018-03-15T03:59:39.000Z","volume":300,"price":36.25,"category":"rbull"},{"type":"A","date":"2018-03-15T03:59:21.000Z","volume":300,"price":36.25,"category":"rbull"},{"type":"A","date":"2018-03-15T03:59:21.000Z","volume":300,"price":36.25,"category":"rbull"},{"type":"A","date":"2018-03-15T03:57:56.000Z","volume":300,"price":36.3,"category":"rbull"},{"type":"A","date":"2018-03-15T03:52:31.000Z","volume":300,"price":36.4,"category":"rbull"},{"type":"A","date":"2018-03-15T03:50:55.000Z","volume":300,"price":36.35,"category":"rbull"},{"type":"A","date":"2018-03-15T03:49:32.000Z","volume":300,"price":36.3,"category":"rbull"},{"type":"A","date":"2018-03-15T03:49:32.000Z","volume":300,"price":36.3,"category":"rbull"},{"type":"A","date":"2018-03-15T03:49:16.000Z","volume":300,"price":36.15,"category":"rbull"},{"type":"A","date":"2018-03-15T03:49:16.000Z","volume":300,"price":36.15,"category":"rbull"},{"type":"A","date":"2018-03-15T03:48:50.000Z","volume":300,"price":36.2,"category":"rbull"},{"type":"A","date":"2018-03-15T03:48:47.000Z","volume":300,"price":36.2,"category":"rbull"},{"type":"A","date":"2018-03-15T03:48:37.000Z","volume":300,"price":36.2,"category":"rbull"},{"type":"A","date":"2018-03-15T03:48:30.000Z","volume":300,"price":36.2,"category":"rbull"},{"type":"A","date":"2018-03-15T03:48:17.000Z","volume":300,"price":36.25,"category":"rbull"},{"type":"A","date":"2018-03-15T03:47:56.000Z","volume":300,"price":36.2,"category":"rbull"},{"type":"A","date":"2018-03-15T03:47:56.000Z","volume":300,"price":36.2,"category":"rbull"},{"type":"A","date":"2018-03-15T03:43:04.000Z","volume":300,"price":36.5,"category":"rbull"},{"type":"A","date":"2018-03-15T03:40:03.000Z","volume":300,"price":36.5,"category":"rbull"},{"type":"A","date":"2018-03-15T03:33:28.000Z","volume":300,"price":36.5,"category":"rbull"},{"type":"A","date":"2018-03-15T03:33:22.000Z","volume":300,"price":36.5,"category":"rbull"},{"type":"A","date":"2018-03-15T03:33:09.000Z","volume":300,"price":36.5,"category":"rbull"},{"type":"A","date":"2018-03-15T03:30:08.000Z","volume":300,"price":36.5,"category":"rbull"},{"type":"A","date":"2018-03-15T03:25:46.000Z","volume":300,"price":36.5,"category":"rbull"},{"type":"A","date":"2018-03-15T03:24:32.000Z","volume":300,"price":36.5,"category":"rbull"},{"type":"A","date":"2018-03-15T03:22:36.000Z","volume":300,"price":36.5,"category":"rbull"},{"type":"A","date":"2018-03-15T03:22:13.000Z","volume":300,"price":36.55,"category":"rbull"},{"type":"A","date":"2018-03-15T03:22:10.000Z","volume":300,"price":36.55,"category":"rbull"},{"type":"A","date":"2018-03-15T03:21:55.000Z","volume":300,"price":36.55,"category":"rbull"},{"type":"A","date":"2018-03-15T03:20:58.000Z","volume":300,"price":36.55,"category":"rbull"},{"type":"A","date":"2018-03-15T03:18:15.000Z","volume":300,"price":36.55,"category":"rbull"},{"type":"A","date":"2018-03-15T03:17:08.000Z","volume":300,"price":36.55,"category":"rbull"},{"type":"A","date":"2018-03-15T03:16:03.000Z","volume":300,"price":36.55,"category":"rbull"},{"type":"A","date":"2018-03-15T03:14:22.000Z","volume":300,"price":36.55,"category":"rbull"},{"type":"A","date":"2018-03-15T03:12:17.000Z","volume":300,"price":36.55,"category":"rbull"},{"type":"A","date":"2018-03-15T03:11:46.000Z","volume":300,"price":36.55,"category":"rbull"},{"type":"A","date":"2018-03-15T03:11:21.000Z","volume":300,"price":36.5,"category":"rbull"},{"type":"A","date":"2018-03-15T03:09:20.000Z","volume":300,"price":36.5,"category":"rbull"},{"type":"A","date":"2018-03-15T02:59:10.000Z","volume":300,"price":36.55,"category":"rbull"},{"type":"A","date":"2018-03-15T02:58:17.000Z","volume":300,"price":36.55,"category":"rbull"},{"type":"A","date":"2018-03-15T02:58:12.000Z","volume":300,"price":36.55,"category":"rbull"},{"type":"A","date":"2018-03-15T02:54:34.000Z","volume":300,"price":36.4,"category":"rbull"},{"type":"A","date":"2018-03-15T02:54:29.000Z","volume":300,"price":36.4,"category":"rbull"},{"type":"A","date":"2018-03-15T02:53:56.000Z","volume":300,"price":36.4,"category":"rbull"},{"type":"A","date":"2018-03-15T02:53:53.000Z","volume":300,"price":36.4,"category":"rbull"},{"type":"A","date":"2018-03-15T02:53:50.000Z","volume":300,"price":36.4,"category":"rbull"},{"type":"A","date":"2018-03-15T02:53:45.000Z","volume":300,"price":36.4,"category":"rbull"},{"type":"A","date":"2018-03-15T02:53:07.000Z","volume":300,"price":36.4,"category":"rbull"},{"type":"A","date":"2018-03-15T02:51:20.000Z","volume":300,"price":36.4,"category":"rbull"},{"type":"A","date":"2018-03-15T02:51:18.000Z","volume":300,"price":36.4,"category":"rbull"},{"type":"A","date":"2018-03-15T02:51:16.000Z","volume":300,"price":36.4,"category":"rbull"},{"type":"A","date":"2018-03-15T02:50:03.000Z","volume":300,"price":36.4,"category":"rbull"},{"type":"A","date":"2018-03-15T02:49:57.000Z","volume":300,"price":36.35,"category":"rbull"},{"type":"A","date":"2018-03-15T02:49:53.000Z","volume":300,"price":36.35,"category":"rbull"},{"type":"A","date":"2018-03-15T02:49:51.000Z","volume":300,"price":36.35,"category":"rbull"},{"type":"A","date":"2018-03-15T02:49:21.000Z","volume":300,"price":36.35,"category":"rbull"},{"type":"A","date":"2018-03-15T02:49:13.000Z","volume":300,"price":36.35,"category":"rbull"},{"type":"A","date":"2018-03-15T02:46:54.000Z","volume":300,"price":36.35,"category":"rbull"},{"type":"A","date":"2018-03-15T02:46:51.000Z","volume":300,"price":36.35,"category":"rbull"},{"type":"A","date":"2018-03-15T02:46:04.000Z","volume":300,"price":36.35,"category":"rbull"},{"type":"A","date":"2018-03-15T02:45:52.000Z","volume":300,"price":36.35,"category":"rbull"},{"type":"A","date":"2018-03-15T02:45:52.000Z","volume":300,"price":36.35,"category":"rbull"},{"type":"A","date":"2018-03-15T02:43:35.000Z","volume":300,"price":36.25,"category":"rbull"},{"type":"A","date":"2018-03-15T02:41:17.000Z","volume":300,"price":36.25,"category":"rbull"},{"type":"A","date":"2018-03-15T02:39:00.000Z","volume":300,"price":36.2,"category":"rbull"},{"type":"A","date":"2018-03-15T02:38:32.000Z","volume":300,"price":36.1,"category":"rbull"},{"type":"A","date":"2018-03-15T02:37:57.000Z","volume":300,"price":36.05,"category":"rbull"},{"type":"A","date":"2018-03-15T02:37:36.000Z","volume":300,"price":35.9,"category":"rbull"},{"type":"A","date":"2018-03-15T02:36:46.000Z","volume":300,"price":35.75,"category":"rbull"},{"type":"A","date":"2018-03-15T02:36:43.000Z","volume":300,"price":35.75,"category":"rbull"},{"type":"A","date":"2018-03-15T02:35:55.000Z","volume":300,"price":35.75,"category":"rbull"},{"type":"A","date":"2018-03-15T02:34:30.000Z","volume":300,"price":35.6,"category":"rbull"},{"type":"A","date":"2018-03-15T02:32:44.000Z","volume":300,"price":35.6,"category":"rbull"},{"type":"A","date":"2018-03-15T02:28:05.000Z","volume":300,"price":35.85,"category":"rbull"},{"type":"A","date":"2018-03-15T02:25:04.000Z","volume":300,"price":36,"category":"rbull"},{"type":"A","date":"2018-03-15T02:23:42.000Z","volume":300,"price":36.1,"category":"rbull"},{"type":"A","date":"2018-03-15T02:17:45.000Z","volume":300,"price":36.25,"category":"rbull"},{"type":"A","date":"2018-03-15T02:17:32.000Z","volume":300,"price":36.25,"category":"rbull"},{"type":"A","date":"2018-03-15T02:17:29.000Z","volume":300,"price":36.25,"category":"rbull"},{"type":"A","date":"2018-03-15T02:17:16.000Z","volume":300,"price":36.25,"category":"rbull"},{"type":"A","date":"2018-03-15T02:17:12.000Z","volume":300,"price":36.25,"category":"rbull"},{"type":"A","date":"2018-03-15T02:17:07.000Z","volume":300,"price":36.25,"category":"rbull"},{"type":"A","date":"2018-03-15T02:16:50.000Z","volume":300,"price":36.25,"category":"rbull"},{"type":"A","date":"2018-03-15T02:16:40.000Z","volume":300,"price":36.25,"category":"rbull"},{"type":"A","date":"2018-03-15T02:16:33.000Z","volume":300,"price":36.25,"category":"rbull"},{"type":"A","date":"2018-03-15T02:16:15.000Z","volume":300,"price":36.25,"category":"rbull"},{"type":"A","date":"2018-03-15T02:16:10.000Z","volume":300,"price":36.25,"category":"rbull"},{"type":"A","date":"2018-03-15T02:16:09.000Z","volume":300,"price":36.25,"category":"rbull"},{"type":"A","date":"2018-03-15T02:13:57.000Z","volume":300,"price":36.25,"category":"rbull"},{"type":"A","date":"2018-03-15T02:13:57.000Z","volume":300,"price":36.25,"category":"rbull"},{"type":"A","date":"2018-03-15T02:13:25.000Z","volume":300,"price":36.25,"category":"rbull"},{"type":"A","date":"2018-03-15T02:13:25.000Z","volume":300,"price":36.25,"category":"rbull"},{"type":"A","date":"2018-03-15T02:13:07.000Z","volume":300,"price":36.25,"category":"rbull"},{"type":"A","date":"2018-03-15T02:12:26.000Z","volume":300,"price":36.25,"category":"rbull"},{"type":"A","date":"2018-03-15T02:11:12.000Z","volume":300,"price":36.25,"category":"rbull"},{"type":"A","date":"2018-03-15T02:11:09.000Z","volume":300,"price":36.25,"category":"rbull"},{"type":"A","date":"2018-03-15T02:10:29.000Z","volume":300,"price":36.25,"category":"rbull"},{"type":"A","date":"2018-03-15T02:07:47.000Z","volume":300,"price":36.25,"category":"rbull"},{"type":"A","date":"2018-03-15T02:07:38.000Z","volume":300,"price":36.25,"category":"rbull"},{"type":"A","date":"2018-03-15T02:07:33.000Z","volume":300,"price":36.25,"category":"rbull"},{"type":"A","date":"2018-03-15T02:05:43.000Z","volume":300,"price":36.3,"category":"rbull"},{"type":"A","date":"2018-03-15T02:04:03.000Z","volume":300,"price":36.3,"category":"rbull"},{"type":"A","date":"2018-03-15T02:03:54.000Z","volume":300,"price":36.3,"category":"rbull"},{"type":"A","date":"2018-03-15T02:02:33.000Z","volume":300,"price":36.25,"category":"rbull"},{"type":"A","date":"2018-03-15T02:01:59.000Z","volume":300,"price":36.55,"category":"rbull"},{"type":"A","date":"2018-03-15T01:54:47.000Z","volume":300,"price":37,"category":"rbull"},{"type":"A","date":"2018-03-15T01:54:40.000Z","volume":300,"price":37,"category":"rbull"},{"type":"A","date":"2018-03-15T01:54:35.000Z","volume":300,"price":37,"category":"rbull"},{"type":"A","date":"2018-03-15T01:52:12.000Z","volume":300,"price":37,"category":"rbull"},{"type":"A","date":"2018-03-15T01:52:09.000Z","volume":300,"price":37,"category":"rbull"},{"type":"A","date":"2018-03-15T01:51:50.000Z","volume":300,"price":37,"category":"rbull"},{"type":"A","date":"2018-03-15T01:51:29.000Z","volume":300,"price":37,"category":"rbull"},{"type":"A","date":"2018-03-15T01:51:20.000Z","volume":300,"price":37,"category":"rbull"},{"type":"A","date":"2018-03-15T01:51:16.000Z","volume":300,"price":37,"category":"rbull"},{"type":"A","date":"2018-03-15T01:49:05.000Z","volume":300,"price":37,"category":"rbull"},{"type":"A","date":"2018-03-15T01:48:44.000Z","volume":300,"price":37,"category":"rbull"},{"type":"A","date":"2018-03-15T01:47:33.000Z","volume":300,"price":37,"category":"rbull"},{"type":"A","date":"2018-03-15T01:46:25.000Z","volume":300,"price":37,"category":"rbull"},{"type":"A","date":"2018-03-15T01:41:46.000Z","volume":300,"price":37,"category":"rbull"},{"type":"A","date":"2018-03-15T01:41:19.000Z","volume":300,"price":36.95,"category":"rbull"},{"type":"A","date":"2018-03-15T01:41:19.000Z","volume":300,"price":36.95,"category":"rbull"},{"type":"A","date":"2018-03-15T01:40:56.000Z","volume":300,"price":36.85,"category":"rbull"},{"type":"A","date":"2018-03-15T01:40:55.000Z","volume":300,"price":36.85,"category":"rbull"},{"type":"A","date":"2018-03-15T01:40:54.000Z","volume":300,"price":36.8,"category":"rbull"},{"type":"A","date":"2018-03-15T01:40:47.000Z","volume":300,"price":36.8,"category":"rbull"},{"type":"A","date":"2018-03-15T01:40:44.000Z","volume":300,"price":36.8,"category":"rbull"},{"type":"A","date":"2018-03-15T01:37:30.000Z","volume":300,"price":37,"category":"rbull"},{"type":"A","date":"2018-03-15T01:37:05.000Z","volume":300,"price":37,"category":"rbull"},{"type":"A","date":"2018-03-15T01:36:20.000Z","volume":300,"price":37,"category":"rbull"},{"type":"A","date":"2018-03-15T01:35:29.000Z","volume":300,"price":37,"category":"rbull"},{"type":"A","date":"2018-03-15T01:34:58.000Z","volume":300,"price":37,"category":"rbull"},{"type":"A","date":"2018-03-15T01:34:55.000Z","volume":300,"price":37,"category":"rbull"},{"type":"A","date":"2018-03-15T01:34:46.000Z","volume":300,"price":37,"category":"rbull"},{"type":"A","date":"2018-03-15T01:34:46.000Z","volume":300,"price":37,"category":"rbull"},{"type":"A","date":"2018-03-15T01:34:45.000Z","volume":300,"price":37,"category":"rbull"},{"type":"A","date":"2018-03-15T01:34:34.000Z","volume":300,"price":37,"category":"rbull"},{"type":"A","date":"2018-03-15T01:34:16.000Z","volume":300,"price":37,"category":"rbull"},{"type":"A","date":"2018-03-15T01:34:07.000Z","volume":300,"price":37,"category":"rbull"},{"type":"A","date":"2018-03-15T01:34:06.000Z","volume":300,"price":37,"category":"rbull"},{"type":"A","date":"2018-03-15T01:34:06.000Z","volume":300,"price":37,"category":"rbull"},{"type":"A","date":"2018-03-15T01:34:02.000Z","volume":300,"price":37,"category":"rbull"},{"type":"A","date":"2018-03-15T01:34:01.000Z","volume":300,"price":37,"category":"rbull"},{"type":"A","date":"2018-03-15T01:33:59.000Z","volume":300,"price":37,"category":"rbull"},{"type":"A","date":"2018-03-15T01:33:30.000Z","volume":300,"price":37,"category":"rbull"},{"type":"A","date":"2018-03-15T01:33:16.000Z","volume":300,"price":37,"category":"rbull"},{"type":"A","date":"2018-03-15T01:33:14.000Z","volume":300,"price":37,"category":"rbull"},{"type":"A","date":"2018-03-15T01:33:09.000Z","volume":300,"price":37,"category":"rbull"},{"type":"A","date":"2018-03-15T01:32:52.000Z","volume":300,"price":37,"category":"rbull"},{"type":"A","date":"2018-03-15T01:32:43.000Z","volume":300,"price":37,"category":"rbull"},{"type":"A","date":"2018-03-15T01:32:30.000Z","volume":300,"price":37.15,"category":"rbull"},{"type":"A","date":"2018-03-15T01:31:51.000Z","volume":300,"price":37.25,"category":"rbull"},{"type":"A","date":"2018-03-15T01:31:42.000Z","volume":300,"price":37.3,"category":"rbull"},{"type":"A","date":"2018-03-15T01:31:16.000Z","volume":300,"price":37.4,"category":"rbull"},{"type":"A","date":"2018-03-15T01:31:16.000Z","volume":300,"price":37.4,"category":"rbull"},{"type":"A","date":"2018-03-15T01:31:16.000Z","volume":300,"price":37.4,"category":"rbull"},{"type":"A","date":"2018-03-15T01:31:16.000Z","volume":300,"price":37.4,"category":"rbull"},{"type":"A","date":"2018-03-15T01:31:16.000Z","volume":300,"price":37.4,"category":"rbull"},{"type":"A","date":"2018-03-15T01:31:15.000Z","volume":300,"price":37.4,"category":"rbull"},{"type":"A","date":"2018-03-15T01:31:13.000Z","volume":300,"price":37.35,"category":"rbull"},{"type":"A","date":"2018-03-15T01:31:13.000Z","volume":300,"price":37.35,"category":"rbull"},{"type":"A","date":"2018-03-15T01:30:32.000Z","volume":300,"price":37.4,"category":"rbull"},{"type":"A","date":"2018-03-15T01:30:32.000Z","volume":300,"price":37.4,"category":"rbull"},{"type":"A","date":"2018-03-15T01:30:26.000Z","volume":300,"price":37.5,"category":"rbull"},{"type":"A","date":"2018-03-15T01:30:26.000Z","volume":300,"price":37.5,"category":"rbull"},{"type":"A","date":"2018-03-15T01:30:21.000Z","volume":300,"price":37.45,"category":"rbull"},{"type":"A","date":"2018-03-15T01:30:20.000Z","volume":300,"price":37.45,"category":"rbull"},{"type":"A","date":"2018-03-15T01:30:19.000Z","volume":300,"price":37.4,"category":"rbull"},{"type":"A","date":"2018-03-15T01:30:19.000Z","volume":300,"price":37.4,"category":"rbull"},{"type":"A","date":"2018-03-15T01:30:18.000Z","volume":300,"price":37.2,"category":"rbull"},{"type":"A","date":"2018-03-15T01:30:17.000Z","volume":300,"price":36.9,"category":"rbull"},{"type":"A","date":"2018-03-15T01:30:17.000Z","volume":300,"price":36.9,"category":"rbull"},{"type":"A","date":"2018-03-15T01:30:17.000Z","volume":300,"price":36.9,"category":"rbull"},{"type":"A","date":"2018-03-15T01:30:16.000Z","volume":300,"price":36.95,"category":"rbull"},{"type":"A","date":"2018-03-15T01:30:16.000Z","volume":300,"price":36.65,"category":"rbull"},{"type":"A","date":"2018-03-15T01:30:14.000Z","volume":300,"price":36.65,"category":"rbull"},{"type":"A","date":"2018-03-15T01:30:14.000Z","volume":300,"price":36.65,"category":"rbull"},{"type":"A","date":"2018-03-15T01:30:14.000Z","volume":300,"price":36.6,"category":"rbull"},{"type":"A","date":"2018-03-15T01:30:14.000Z","volume":300,"price":36.6,"category":"rbull"},{"type":"A","date":"2018-03-15T01:30:14.000Z","volume":300,"price":36.6,"category":"rbull"},{"type":"A","date":"2018-03-15T01:30:14.000Z","volume":300,"price":36.6,"category":"rbull"},{"type":"B","date":"2018-03-15T07:59:55.000Z","volume":300,"price":35.05,"category":"rbear"},{"type":"B","date":"2018-03-15T07:59:47.000Z","volume":300,"price":35.05,"category":"rbear"},{"type":"B","date":"2018-03-15T07:57:55.000Z","volume":300,"price":35.25,"category":"rbear"},{"type":"B","date":"2018-03-15T07:53:53.000Z","volume":300,"price":35.3,"category":"rbear"},{"type":"B","date":"2018-03-15T07:50:54.000Z","volume":300,"price":35.55,"category":"rbear"},{"type":"B","date":"2018-03-15T07:50:46.000Z","volume":300,"price":35.55,"category":"rbear"},{"type":"B","date":"2018-03-15T07:50:36.000Z","volume":300,"price":35.55,"category":"rbear"},{"type":"B","date":"2018-03-15T07:50:15.000Z","volume":300,"price":35.55,"category":"rbear"},{"type":"B","date":"2018-03-15T07:50:04.000Z","volume":300,"price":35.55,"category":"rbear"},{"type":"B","date":"2018-03-15T07:49:52.000Z","volume":300,"price":35.55,"category":"rbear"},{"type":"B","date":"2018-03-15T07:49:38.000Z","volume":300,"price":35.55,"category":"rbear"},{"type":"B","date":"2018-03-15T07:48:26.000Z","volume":300,"price":35.55,"category":"rbear"},{"type":"B","date":"2018-03-15T07:46:32.000Z","volume":300,"price":35.55,"category":"rbear"},{"type":"B","date":"2018-03-15T07:38:03.000Z","volume":300,"price":35.55,"category":"rbear"},{"type":"B","date":"2018-03-15T07:36:46.000Z","volume":300,"price":35.55,"category":"rbear"},{"type":"B","date":"2018-03-15T07:35:01.000Z","volume":300,"price":35.6,"category":"rbear"},{"type":"B","date":"2018-03-15T07:35:01.000Z","volume":300,"price":35.6,"category":"rbear"},{"type":"B","date":"2018-03-15T07:33:01.000Z","volume":300,"price":35.8,"category":"rbear"},{"type":"B","date":"2018-03-15T07:33:01.000Z","volume":300,"price":35.8,"category":"rbear"},{"type":"B","date":"2018-03-15T07:31:42.000Z","volume":300,"price":35.85,"category":"rbear"},{"type":"B","date":"2018-03-15T07:28:35.000Z","volume":300,"price":35.95,"category":"rbear"},{"type":"B","date":"2018-03-15T07:28:00.000Z","volume":300,"price":35.95,"category":"rbear"},{"type":"B","date":"2018-03-15T07:22:39.000Z","volume":300,"price":36,"category":"rbear"},{"type":"B","date":"2018-03-15T07:14:21.000Z","volume":300,"price":36,"category":"rbear"},{"type":"B","date":"2018-03-15T07:09:05.000Z","volume":300,"price":36,"category":"rbear"},{"type":"B","date":"2018-03-15T07:05:24.000Z","volume":300,"price":36.3,"category":"rbear"},{"type":"B","date":"2018-03-15T07:05:23.000Z","volume":300,"price":36.25,"category":"rbear"},{"type":"B","date":"2018-03-15T07:05:12.000Z","volume":300,"price":36.55,"category":"rbear"},{"type":"B","date":"2018-03-15T07:05:12.000Z","volume":300,"price":36.55,"category":"rbear"},{"type":"B","date":"2018-03-15T07:01:09.000Z","volume":300,"price":36.55,"category":"rbear"},{"type":"B","date":"2018-03-15T07:01:09.000Z","volume":300,"price":36.55,"category":"rbear"},{"type":"B","date":"2018-03-15T06:24:38.000Z","volume":300,"price":36.55,"category":"rbear"},{"type":"B","date":"2018-03-15T06:13:41.000Z","volume":300,"price":36.5,"category":"rbear"},{"type":"B","date":"2018-03-15T05:49:47.000Z","volume":300,"price":36.35,"category":"rbear"},{"type":"B","date":"2018-03-15T05:22:31.000Z","volume":300,"price":36.25,"category":"rbear"},{"type":"B","date":"2018-03-15T05:22:17.000Z","volume":300,"price":36.25,"category":"rbear"},{"type":"B","date":"2018-03-15T03:59:39.000Z","volume":300,"price":36.25,"category":"rbear"},{"type":"B","date":"2018-03-15T03:58:28.000Z","volume":300,"price":36.25,"category":"rbear"},{"type":"B","date":"2018-03-15T03:57:54.000Z","volume":300,"price":36.25,"category":"rbear"},{"type":"B","date":"2018-03-15T03:57:48.000Z","volume":300,"price":36.25,"category":"rbear"},{"type":"B","date":"2018-03-15T03:50:55.000Z","volume":300,"price":36.3,"category":"rbear"},{"type":"B","date":"2018-03-15T03:49:43.000Z","volume":300,"price":36.3,"category":"rbear"},{"type":"B","date":"2018-03-15T03:49:33.000Z","volume":300,"price":36.3,"category":"rbear"},{"type":"B","date":"2018-03-15T03:49:22.000Z","volume":300,"price":36.15,"category":"rbear"},{"type":"B","date":"2018-03-15T03:49:06.000Z","volume":300,"price":36.1,"category":"rbear"},{"type":"B","date":"2018-03-15T03:48:18.000Z","volume":300,"price":36.2,"category":"rbear"},{"type":"B","date":"2018-03-15T03:48:17.000Z","volume":300,"price":36.25,"category":"rbear"},{"type":"B","date":"2018-03-15T03:47:58.000Z","volume":300,"price":36.05,"category":"rbear"},{"type":"B","date":"2018-03-15T03:47:52.000Z","volume":300,"price":36.2,"category":"rbear"},{"type":"B","date":"2018-03-15T03:47:52.000Z","volume":300,"price":36.35,"category":"rbear"},{"type":"B","date":"2018-03-15T03:47:50.000Z","volume":300,"price":36.4,"category":"rbear"},{"type":"B","date":"2018-03-15T03:33:17.000Z","volume":300,"price":36.45,"category":"rbear"},{"type":"B","date":"2018-03-15T03:33:17.000Z","volume":300,"price":36.45,"category":"rbear"},{"type":"B","date":"2018-03-15T02:59:25.000Z","volume":300,"price":36.5,"category":"rbear"},{"type":"B","date":"2018-03-15T02:58:10.000Z","volume":300,"price":36.5,"category":"rbear"},{"type":"B","date":"2018-03-15T02:44:47.000Z","volume":300,"price":36.25,"category":"rbear"},{"type":"B","date":"2018-03-15T02:40:04.000Z","volume":300,"price":36.15,"category":"rbear"},{"type":"B","date":"2018-03-15T02:39:59.000Z","volume":300,"price":36.2,"category":"rbear"},{"type":"B","date":"2018-03-15T02:37:05.000Z","volume":300,"price":35.8,"category":"rbear"},{"type":"B","date":"2018-03-15T02:36:14.000Z","volume":300,"price":35.65,"category":"rbear"},{"type":"B","date":"2018-03-15T02:30:38.000Z","volume":300,"price":35.5,"category":"rbear"},{"type":"B","date":"2018-03-15T02:29:08.000Z","volume":300,"price":35.65,"category":"rbear"},{"type":"B","date":"2018-03-15T02:19:31.000Z","volume":300,"price":36.15,"category":"rbear"},{"type":"B","date":"2018-03-15T02:16:01.000Z","volume":300,"price":36.2,"category":"rbear"},{"type":"B","date":"2018-03-15T02:15:55.000Z","volume":300,"price":36.2,"category":"rbear"},{"type":"B","date":"2018-03-15T02:15:11.000Z","volume":300,"price":36.2,"category":"rbear"},{"type":"B","date":"2018-03-15T02:14:00.000Z","volume":300,"price":36.2,"category":"rbear"},{"type":"B","date":"2018-03-15T02:13:57.000Z","volume":300,"price":36.2,"category":"rbear"},{"type":"B","date":"2018-03-15T02:12:12.000Z","volume":300,"price":36.2,"category":"rbear"},{"type":"B","date":"2018-03-15T02:03:13.000Z","volume":300,"price":36.3,"category":"rbear"},{"type":"B","date":"2018-03-15T02:03:07.000Z","volume":300,"price":36.3,"category":"rbear"},{"type":"B","date":"2018-03-15T02:00:45.000Z","volume":300,"price":36.4,"category":"rbear"},{"type":"B","date":"2018-03-15T01:59:30.000Z","volume":300,"price":36.4,"category":"rbear"},{"type":"B","date":"2018-03-15T01:57:36.000Z","volume":300,"price":36.5,"category":"rbear"},{"type":"B","date":"2018-03-15T01:56:39.000Z","volume":300,"price":36.55,"category":"rbear"},{"type":"B","date":"2018-03-15T01:56:39.000Z","volume":300,"price":36.55,"category":"rbear"},{"type":"B","date":"2018-03-15T01:56:28.000Z","volume":300,"price":36.6,"category":"rbear"},{"type":"B","date":"2018-03-15T01:55:01.000Z","volume":300,"price":36.95,"category":"rbear"},{"type":"B","date":"2018-03-15T01:41:31.000Z","volume":300,"price":37,"category":"rbear"},{"type":"B","date":"2018-03-15T01:41:30.000Z","volume":300,"price":37,"category":"rbear"},{"type":"B","date":"2018-03-15T01:40:19.000Z","volume":300,"price":36.6,"category":"rbear"},{"type":"B","date":"2018-03-15T01:40:08.000Z","volume":300,"price":36.6,"category":"rbear"},{"type":"B","date":"2018-03-15T01:40:08.000Z","volume":300,"price":36.6,"category":"rbear"},{"type":"B","date":"2018-03-15T01:40:08.000Z","volume":300,"price":36.6,"category":"rbear"},{"type":"B","date":"2018-03-15T01:40:06.000Z","volume":300,"price":36.65,"category":"rbear"},{"type":"B","date":"2018-03-15T01:39:33.000Z","volume":300,"price":36.9,"category":"rbear"},{"type":"B","date":"2018-03-15T01:39:33.000Z","volume":300,"price":36.95,"category":"rbear"},{"type":"B","date":"2018-03-15T01:39:26.000Z","volume":300,"price":36.95,"category":"rbear"},{"type":"B","date":"2018-03-15T01:39:26.000Z","volume":300,"price":36.95,"category":"rbear"},{"type":"B","date":"2018-03-15T01:39:26.000Z","volume":300,"price":36.95,"category":"rbear"},{"type":"B","date":"2018-03-15T01:39:12.000Z","volume":300,"price":36.95,"category":"rbear"},{"type":"B","date":"2018-03-15T01:39:11.000Z","volume":300,"price":36.95,"category":"rbear"},{"type":"B","date":"2018-03-15T01:37:11.000Z","volume":300,"price":36.95,"category":"rbear"},{"type":"B","date":"2018-03-15T01:32:44.000Z","volume":300,"price":37,"category":"rbear"},{"type":"B","date":"2018-03-15T01:32:30.000Z","volume":300,"price":36.8,"category":"rbear"},{"type":"B","date":"2018-03-15T01:32:30.000Z","volume":300,"price":36.9,"category":"rbear"},{"type":"B","date":"2018-03-15T01:32:29.000Z","volume":300,"price":36.95,"category":"rbear"},{"type":"B","date":"2018-03-15T01:32:29.000Z","volume":300,"price":36.95,"category":"rbear"},{"type":"B","date":"2018-03-15T01:32:29.000Z","volume":300,"price":36.95,"category":"rbear"},{"type":"B","date":"2018-03-15T01:31:57.000Z","volume":300,"price":36.95,"category":"rbear"},{"type":"B","date":"2018-03-15T01:31:52.000Z","volume":300,"price":36.95,"category":"rbear"},{"type":"B","date":"2018-03-15T01:31:49.000Z","volume":300,"price":37.15,"category":"rbear"},{"type":"B","date":"2018-03-15T01:31:48.000Z","volume":300,"price":37.25,"category":"rbear"},{"type":"B","date":"2018-03-15T01:31:48.000Z","volume":300,"price":37.25,"category":"rbear"},{"type":"B","date":"2018-03-15T01:31:42.000Z","volume":300,"price":37.25,"category":"rbear"},{"type":"B","date":"2018-03-15T01:31:42.000Z","volume":300,"price":37.25,"category":"rbear"},{"type":"B","date":"2018-03-15T01:31:42.000Z","volume":300,"price":37.3,"category":"rbear"},{"type":"B","date":"2018-03-15T01:31:41.000Z","volume":300,"price":37.35,"category":"rbear"},{"type":"B","date":"2018-03-15T01:31:40.000Z","volume":300,"price":37.35,"category":"rbear"},{"type":"B","date":"2018-03-15T01:31:32.000Z","volume":300,"price":37.35,"category":"rbear"},{"type":"B","date":"2018-03-15T01:31:27.000Z","volume":300,"price":37.3,"category":"rbear"},{"type":"B","date":"2018-03-15T01:31:25.000Z","volume":300,"price":37.35,"category":"rbear"},{"type":"B","date":"2018-03-15T01:31:14.000Z","volume":300,"price":37.35,"category":"rbear"},{"type":"B","date":"2018-03-15T01:31:03.000Z","volume":300,"price":37.25,"category":"rbear"},{"type":"B","date":"2018-03-15T01:30:55.000Z","volume":300,"price":37.2,"category":"rbear"},{"type":"B","date":"2018-03-15T01:30:50.000Z","volume":300,"price":37.25,"category":"rbear"},{"type":"B","date":"2018-03-15T01:30:42.000Z","volume":300,"price":37.3,"category":"rbear"},{"type":"B","date":"2018-03-15T01:30:40.000Z","volume":300,"price":37.3,"category":"rbear"},{"type":"B","date":"2018-03-15T01:30:36.000Z","volume":300,"price":37.3,"category":"rbear"},{"type":"B","date":"2018-03-15T01:30:35.000Z","volume":300,"price":37.3,"category":"rbear"},{"type":"B","date":"2018-03-15T01:30:34.000Z","volume":300,"price":37.3,"category":"rbear"},{"type":"B","date":"2018-03-15T01:30:33.000Z","volume":300,"price":37.3,"category":"rbear"},{"type":"B","date":"2018-03-15T01:30:29.000Z","volume":300,"price":37.35,"category":"rbear"},{"type":"B","date":"2018-03-15T01:30:21.000Z","volume":300,"price":37.45,"category":"rbear"},{"type":"B","date":"2018-03-15T01:30:17.000Z","volume":300,"price":36.95,"category":"rbear"},{"type":"B","date":"2018-03-15T01:30:17.000Z","volume":300,"price":36.95,"category":"rbear"},{"type":"B","date":"2018-03-15T01:30:02.000Z","volume":300,"price":37.6,"category":"rbear"},{"type":"B","date":"2018-03-15T01:30:01.000Z","volume":300,"price":37.85,"category":"rbear"},{"type":"B","date":"2018-03-15T07:59:33.000Z","volume":1200,"price":35.1,"category":"bbear"},{"type":"B","date":"2018-03-15T07:59:30.000Z","volume":1800,"price":35.1,"category":"bbear"},{"type":"B","date":"2018-03-15T07:59:06.000Z","volume":1800,"price":35.1,"category":"bbear"},{"type":"B","date":"2018-03-15T07:59:00.000Z","volume":1200,"price":35.05,"category":"bbear"},{"type":"B","date":"2018-03-15T07:59:00.000Z","volume":1800,"price":35.1,"category":"bbear"},{"type":"B","date":"2018-03-15T07:58:57.000Z","volume":1500,"price":35.15,"category":"bbear"},{"type":"B","date":"2018-03-15T07:58:56.000Z","volume":1800,"price":35.15,"category":"bbear"},{"type":"B","date":"2018-03-15T07:58:55.000Z","volume":1200,"price":35.15,"category":"bbear"},{"type":"B","date":"2018-03-15T07:58:46.000Z","volume":1200,"price":35.2,"category":"bbear"},{"type":"B","date":"2018-03-15T07:58:37.000Z","volume":1500,"price":35.25,"category":"bbear"},{"type":"B","date":"2018-03-15T07:58:33.000Z","volume":1200,"price":35.25,"category":"bbear"},{"type":"B","date":"2018-03-15T07:58:26.000Z","volume":1500,"price":35.25,"category":"bbear"},{"type":"B","date":"2018-03-15T07:58:19.000Z","volume":2100,"price":35.25,"category":"bbear"},{"type":"B","date":"2018-03-15T07:58:12.000Z","volume":1200,"price":35.25,"category":"bbear"},{"type":"B","date":"2018-03-15T07:58:08.000Z","volume":1500,"price":35.25,"category":"bbear"},{"type":"B","date":"2018-03-15T07:58:00.000Z","volume":1500,"price":35.25,"category":"bbear"},{"type":"B","date":"2018-03-15T07:57:55.000Z","volume":1500,"price":35.25,"category":"bbear"},{"type":"B","date":"2018-03-15T07:57:52.000Z","volume":2100,"price":35.25,"category":"bbear"},{"type":"B","date":"2018-03-15T07:57:13.000Z","volume":1800,"price":35.25,"category":"bbear"},{"type":"B","date":"2018-03-15T07:56:41.000Z","volume":1800,"price":35.25,"category":"bbear"},{"type":"B","date":"2018-03-15T07:56:40.000Z","volume":1200,"price":35.25,"category":"bbear"},{"type":"B","date":"2018-03-15T07:56:30.000Z","volume":1800,"price":35.25,"category":"bbear"},{"type":"B","date":"2018-03-15T07:56:08.000Z","volume":1800,"price":35.25,"category":"bbear"},{"type":"B","date":"2018-03-15T07:56:00.000Z","volume":1500,"price":35.25,"category":"bbear"},{"type":"B","date":"2018-03-15T07:55:36.000Z","volume":1800,"price":35.25,"category":"bbear"},{"type":"B","date":"2018-03-15T07:55:32.000Z","volume":1200,"price":35.25,"category":"bbear"},{"type":"B","date":"2018-03-15T07:55:31.000Z","volume":1200,"price":35.25,"category":"bbear"},{"type":"B","date":"2018-03-15T07:54:53.000Z","volume":1800,"price":35.25,"category":"bbear"},{"type":"B","date":"2018-03-15T07:54:27.000Z","volume":1800,"price":35.25,"category":"bbear"},{"type":"B","date":"2018-03-15T07:54:00.000Z","volume":1500,"price":35.25,"category":"bbear"},{"type":"B","date":"2018-03-15T07:53:57.000Z","volume":1500,"price":35.3,"category":"bbear"},{"type":"B","date":"2018-03-15T07:53:57.000Z","volume":2100,"price":35.3,"category":"bbear"},{"type":"B","date":"2018-03-15T07:53:53.000Z","volume":1200,"price":35.3,"category":"bbear"},{"type":"B","date":"2018-03-15T07:53:52.000Z","volume":1500,"price":35.35,"category":"bbear"},{"type":"B","date":"2018-03-15T07:53:52.000Z","volume":1200,"price":35.35,"category":"bbear"},{"type":"B","date":"2018-03-15T07:53:31.000Z","volume":1200,"price":35.3,"category":"bbear"},{"type":"B","date":"2018-03-15T07:53:20.000Z","volume":1500,"price":35.45,"category":"bbear"},{"type":"B","date":"2018-03-15T07:53:19.000Z","volume":1500,"price":35.5,"category":"bbear"},{"type":"B","date":"2018-03-15T07:53:16.000Z","volume":1200,"price":35.55,"category":"bbear"},{"type":"B","date":"2018-03-15T07:52:49.000Z","volume":1500,"price":35.55,"category":"bbear"},{"type":"B","date":"2018-03-15T07:52:46.000Z","volume":1500,"price":35.55,"category":"bbear"},{"type":"B","date":"2018-03-15T07:52:25.000Z","volume":1800,"price":35.55,"category":"bbear"},{"type":"B","date":"2018-03-15T07:52:03.000Z","volume":1500,"price":35.55,"category":"bbear"},{"type":"B","date":"2018-03-15T07:51:36.000Z","volume":1200,"price":35.55,"category":"bbear"},{"type":"B","date":"2018-03-15T07:46:32.000Z","volume":1500,"price":35.55,"category":"bbear"},{"type":"B","date":"2018-03-15T07:45:52.000Z","volume":1500,"price":35.55,"category":"bbear"},{"type":"B","date":"2018-03-15T07:45:10.000Z","volume":1500,"price":35.55,"category":"bbear"},{"type":"B","date":"2018-03-15T07:44:34.000Z","volume":1200,"price":35.55,"category":"bbear"},{"type":"B","date":"2018-03-15T07:43:46.000Z","volume":1500,"price":35.55,"category":"bbear"},{"type":"B","date":"2018-03-15T07:39:03.000Z","volume":1800,"price":35.55,"category":"bbear"},{"type":"B","date":"2018-03-15T07:38:03.000Z","volume":1500,"price":35.55,"category":"bbear"},{"type":"B","date":"2018-03-15T07:37:02.000Z","volume":1200,"price":35.55,"category":"bbear"},{"type":"B","date":"2018-03-15T07:36:01.000Z","volume":1500,"price":35.55,"category":"bbear"},{"type":"B","date":"2018-03-15T07:32:59.000Z","volume":1800,"price":35.8,"category":"bbear"},{"type":"B","date":"2018-03-15T07:32:49.000Z","volume":1500,"price":35.8,"category":"bbear"},{"type":"B","date":"2018-03-15T07:32:46.000Z","volume":1200,"price":35.8,"category":"bbear"},{"type":"B","date":"2018-03-15T07:28:28.000Z","volume":1200,"price":35.95,"category":"bbear"},{"type":"B","date":"2018-03-15T07:28:16.000Z","volume":1800,"price":35.9,"category":"bbear"},{"type":"B","date":"2018-03-15T07:28:09.000Z","volume":2100,"price":35.95,"category":"bbear"},{"type":"B","date":"2018-03-15T07:25:25.000Z","volume":1500,"price":36,"category":"bbear"},{"type":"B","date":"2018-03-15T07:22:39.000Z","volume":2100,"price":36,"category":"bbear"},{"type":"B","date":"2018-03-15T07:18:16.000Z","volume":1200,"price":36,"category":"bbear"},{"type":"B","date":"2018-03-15T07:16:59.000Z","volume":2400,"price":36,"category":"bbear"},{"type":"B","date":"2018-03-15T07:14:08.000Z","volume":2400,"price":36,"category":"bbear"},{"type":"B","date":"2018-03-15T07:11:38.000Z","volume":1800,"price":36,"category":"bbear"},{"type":"B","date":"2018-03-15T07:09:05.000Z","volume":1200,"price":36,"category":"bbear"},{"type":"B","date":"2018-03-15T07:06:11.000Z","volume":1800,"price":36,"category":"bbear"},{"type":"B","date":"2018-03-15T07:05:39.000Z","volume":1800,"price":36.05,"category":"bbear"},{"type":"B","date":"2018-03-15T07:05:23.000Z","volume":1800,"price":36.3,"category":"bbear"},{"type":"B","date":"2018-03-15T07:05:19.000Z","volume":2100,"price":36.55,"category":"bbear"},{"type":"B","date":"2018-03-15T07:05:16.000Z","volume":1200,"price":36.55,"category":"bbear"},{"type":"B","date":"2018-03-15T07:04:06.000Z","volume":2100,"price":36.55,"category":"bbear"},{"type":"B","date":"2018-03-15T07:02:49.000Z","volume":2400,"price":36.55,"category":"bbear"},{"type":"B","date":"2018-03-15T07:01:08.000Z","volume":2400,"price":36.55,"category":"bbear"},{"type":"B","date":"2018-03-15T07:00:52.000Z","volume":2100,"price":36.55,"category":"bbear"},{"type":"B","date":"2018-03-15T06:58:05.000Z","volume":1500,"price":36.55,"category":"bbear"},{"type":"B","date":"2018-03-15T06:56:26.000Z","volume":1500,"price":36.55,"category":"bbear"},{"type":"B","date":"2018-03-15T06:54:03.000Z","volume":2100,"price":36.55,"category":"bbear"},{"type":"B","date":"2018-03-15T06:52:52.000Z","volume":1500,"price":36.55,"category":"bbear"},{"type":"B","date":"2018-03-15T06:50:13.000Z","volume":1800,"price":36.55,"category":"bbear"},{"type":"B","date":"2018-03-15T06:47:17.000Z","volume":1200,"price":36.55,"category":"bbear"},{"type":"B","date":"2018-03-15T06:47:03.000Z","volume":2400,"price":36.55,"category":"bbear"},{"type":"B","date":"2018-03-15T06:39:58.000Z","volume":2400,"price":36.55,"category":"bbear"},{"type":"B","date":"2018-03-15T06:38:51.000Z","volume":1500,"price":36.55,"category":"bbear"},{"type":"B","date":"2018-03-15T06:36:37.000Z","volume":1800,"price":36.55,"category":"bbear"},{"type":"B","date":"2018-03-15T06:33:15.000Z","volume":1500,"price":36.55,"category":"bbear"},{"type":"B","date":"2018-03-15T06:32:53.000Z","volume":2100,"price":36.55,"category":"bbear"},{"type":"B","date":"2018-03-15T06:30:53.000Z","volume":2100,"price":36.55,"category":"bbear"},{"type":"B","date":"2018-03-15T06:27:55.000Z","volume":2400,"price":36.55,"category":"bbear"},{"type":"B","date":"2018-03-15T06:27:35.000Z","volume":1500,"price":36.55,"category":"bbear"},{"type":"B","date":"2018-03-15T06:25:53.000Z","volume":2100,"price":36.55,"category":"bbear"},{"type":"B","date":"2018-03-15T06:19:24.000Z","volume":1500,"price":36.55,"category":"bbear"},{"type":"B","date":"2018-03-15T05:56:59.000Z","volume":1200,"price":36.35,"category":"bbear"},{"type":"B","date":"2018-03-15T05:52:00.000Z","volume":1500,"price":36.35,"category":"bbear"},{"type":"B","date":"2018-03-15T05:47:49.000Z","volume":2400,"price":36.4,"category":"bbear"},{"type":"B","date":"2018-03-15T05:46:13.000Z","volume":1200,"price":36.4,"category":"bbear"},{"type":"B","date":"2018-03-15T05:33:05.000Z","volume":1800,"price":36.3,"category":"bbear"},{"type":"B","date":"2018-03-15T05:32:23.000Z","volume":2400,"price":36.3,"category":"bbear"},{"type":"B","date":"2018-03-15T05:30:56.000Z","volume":1800,"price":36.3,"category":"bbear"},{"type":"B","date":"2018-03-15T05:30:51.000Z","volume":2100,"price":36.3,"category":"bbear"},{"type":"B","date":"2018-03-15T05:22:32.000Z","volume":1200,"price":36.35,"category":"bbear"},{"type":"B","date":"2018-03-15T05:22:17.000Z","volume":1500,"price":36.1,"category":"bbear"},{"type":"B","date":"2018-03-15T05:22:17.000Z","volume":1200,"price":36.25,"category":"bbear"},{"type":"B","date":"2018-03-15T05:22:09.000Z","volume":1200,"price":36.25,"category":"bbear"},{"type":"B","date":"2018-03-15T05:22:08.000Z","volume":2400,"price":36.45,"category":"bbear"},{"type":"B","date":"2018-03-15T05:22:06.000Z","volume":2400,"price":36.5,"category":"bbear"},{"type":"B","date":"2018-03-15T05:09:45.000Z","volume":2100,"price":36.3,"category":"bbear"},{"type":"B","date":"2018-03-15T05:08:38.000Z","volume":1200,"price":36.3,"category":"bbear"},{"type":"B","date":"2018-03-15T05:04:34.000Z","volume":1800,"price":36.3,"category":"bbear"},{"type":"B","date":"2018-03-15T05:00:02.000Z","volume":2100,"price":36.3,"category":"bbear"},{"type":"B","date":"2018-03-15T03:59:39.000Z","volume":1800,"price":36.2,"category":"bbear"},{"type":"B","date":"2018-03-15T03:59:21.000Z","volume":1800,"price":36.25,"category":"bbear"},{"type":"B","date":"2018-03-15T03:58:37.000Z","volume":1200,"price":36.25,"category":"bbear"},{"type":"B","date":"2018-03-15T03:57:53.000Z","volume":1800,"price":36.25,"category":"bbear"},{"type":"B","date":"2018-03-15T03:57:47.000Z","volume":2100,"price":36.25,"category":"bbear"},{"type":"B","date":"2018-03-15T03:57:47.000Z","volume":1500,"price":36.25,"category":"bbear"},{"type":"B","date":"2018-03-15T03:54:46.000Z","volume":1200,"price":36.35,"category":"bbear"},{"type":"B","date":"2018-03-15T03:54:45.000Z","volume":1200,"price":36.35,"category":"bbear"},{"type":"B","date":"2018-03-15T03:49:17.000Z","volume":1800,"price":36.15,"category":"bbear"},{"type":"B","date":"2018-03-15T03:49:16.000Z","volume":1800,"price":36.15,"category":"bbear"},{"type":"B","date":"2018-03-15T03:47:51.000Z","volume":1500,"price":36.4,"category":"bbear"},{"type":"B","date":"2018-03-15T03:47:43.000Z","volume":1200,"price":36.4,"category":"bbear"},{"type":"B","date":"2018-03-15T03:47:41.000Z","volume":2100,"price":36.4,"category":"bbear"},{"type":"B","date":"2018-03-15T03:47:39.000Z","volume":1500,"price":36.45,"category":"bbear"},{"type":"B","date":"2018-03-15T03:33:32.000Z","volume":2400,"price":36.45,"category":"bbear"},{"type":"B","date":"2018-03-15T03:33:08.000Z","volume":1500,"price":36.45,"category":"bbear"},{"type":"B","date":"2018-03-15T03:24:29.000Z","volume":1500,"price":36.45,"category":"bbear"},{"type":"B","date":"2018-03-15T02:59:51.000Z","volume":1800,"price":36.35,"category":"bbear"},{"type":"B","date":"2018-03-15T02:59:26.000Z","volume":2400,"price":36.35,"category":"bbear"},{"type":"B","date":"2018-03-15T02:45:52.000Z","volume":2100,"price":36.3,"category":"bbear"},{"type":"B","date":"2018-03-15T02:44:50.000Z","volume":1800,"price":36.25,"category":"bbear"},{"type":"B","date":"2018-03-15T02:43:13.000Z","volume":2100,"price":36,"category":"bbear"},{"type":"B","date":"2018-03-15T02:40:08.000Z","volume":2100,"price":36,"category":"bbear"},{"type":"B","date":"2018-03-15T02:40:05.000Z","volume":2400,"price":36.1,"category":"bbear"},{"type":"B","date":"2018-03-15T02:39:59.000Z","volume":2400,"price":36.15,"category":"bbear"},{"type":"B","date":"2018-03-15T02:39:58.000Z","volume":1500,"price":36.2,"category":"bbear"},{"type":"B","date":"2018-03-15T02:39:58.000Z","volume":2400,"price":36.2,"category":"bbear"},{"type":"B","date":"2018-03-15T02:29:32.000Z","volume":1200,"price":35.5,"category":"bbear"},{"type":"B","date":"2018-03-15T02:27:44.000Z","volume":1200,"price":35.8,"category":"bbear"},{"type":"B","date":"2018-03-15T02:27:29.000Z","volume":1200,"price":35.8,"category":"bbear"},{"type":"B","date":"2018-03-15T02:27:28.000Z","volume":2100,"price":35.85,"category":"bbear"},{"type":"B","date":"2018-03-15T02:27:28.000Z","volume":1800,"price":35.85,"category":"bbear"},{"type":"B","date":"2018-03-15T02:23:19.000Z","volume":2400,"price":36,"category":"bbear"},{"type":"B","date":"2018-03-15T02:22:42.000Z","volume":1200,"price":36.05,"category":"bbear"},{"type":"B","date":"2018-03-15T02:22:42.000Z","volume":1500,"price":36.1,"category":"bbear"},{"type":"B","date":"2018-03-15T02:17:50.000Z","volume":1800,"price":36.2,"category":"bbear"},{"type":"B","date":"2018-03-15T02:01:57.000Z","volume":1200,"price":36.2,"category":"bbear"},{"type":"B","date":"2018-03-15T02:01:09.000Z","volume":1800,"price":36.1,"category":"bbear"},{"type":"B","date":"2018-03-15T01:59:30.000Z","volume":1500,"price":36.4,"category":"bbear"},{"type":"B","date":"2018-03-15T01:58:04.000Z","volume":1500,"price":36.45,"category":"bbear"},{"type":"B","date":"2018-03-15T01:58:02.000Z","volume":2100,"price":36.45,"category":"bbear"},{"type":"B","date":"2018-03-15T01:57:36.000Z","volume":1500,"price":36.5,"category":"bbear"},{"type":"B","date":"2018-03-15T01:57:08.000Z","volume":2100,"price":36.5,"category":"bbear"},{"type":"B","date":"2018-03-15T01:56:30.000Z","volume":1500,"price":36.6,"category":"bbear"},{"type":"B","date":"2018-03-15T01:54:57.000Z","volume":1800,"price":36.95,"category":"bbear"},{"type":"B","date":"2018-03-15T01:53:20.000Z","volume":1800,"price":36.95,"category":"bbear"},{"type":"B","date":"2018-03-15T01:51:52.000Z","volume":2400,"price":36.95,"category":"bbear"},{"type":"B","date":"2018-03-15T01:51:27.000Z","volume":1200,"price":36.95,"category":"bbear"},{"type":"B","date":"2018-03-15T01:41:50.000Z","volume":1200,"price":36.95,"category":"bbear"},{"type":"B","date":"2018-03-15T01:41:35.000Z","volume":1500,"price":36.9,"category":"bbear"},{"type":"B","date":"2018-03-15T01:41:34.000Z","volume":2400,"price":36.95,"category":"bbear"},{"type":"B","date":"2018-03-15T01:41:30.000Z","volume":1800,"price":37,"category":"bbear"},{"type":"B","date":"2018-03-15T01:40:55.000Z","volume":1200,"price":36.8,"category":"bbear"},{"type":"B","date":"2018-03-15T01:40:46.000Z","volume":1200,"price":36.7,"category":"bbear"},{"type":"B","date":"2018-03-15T01:40:23.000Z","volume":1200,"price":36.7,"category":"bbear"},{"type":"B","date":"2018-03-15T01:40:21.000Z","volume":1200,"price":36.6,"category":"bbear"},{"type":"B","date":"2018-03-15T01:40:19.000Z","volume":1800,"price":36.6,"category":"bbear"},{"type":"B","date":"2018-03-15T01:40:13.000Z","volume":1500,"price":36.55,"category":"bbear"},{"type":"B","date":"2018-03-15T01:39:33.000Z","volume":1200,"price":36.95,"category":"bbear"},{"type":"B","date":"2018-03-15T01:39:31.000Z","volume":2400,"price":36.95,"category":"bbear"},{"type":"B","date":"2018-03-15T01:39:31.000Z","volume":1200,"price":36.95,"category":"bbear"},{"type":"B","date":"2018-03-15T01:39:26.000Z","volume":1200,"price":36.95,"category":"bbear"},{"type":"B","date":"2018-03-15T01:39:16.000Z","volume":2400,"price":36.95,"category":"bbear"},{"type":"B","date":"2018-03-15T01:39:16.000Z","volume":1800,"price":36.95,"category":"bbear"},{"type":"B","date":"2018-03-15T01:39:07.000Z","volume":1800,"price":36.95,"category":"bbear"},{"type":"B","date":"2018-03-15T01:38:13.000Z","volume":2100,"price":36.95,"category":"bbear"},{"type":"B","date":"2018-03-15T01:37:12.000Z","volume":1500,"price":36.95,"category":"bbear"},{"type":"B","date":"2018-03-15T01:37:12.000Z","volume":1200,"price":36.95,"category":"bbear"},{"type":"B","date":"2018-03-15T01:37:11.000Z","volume":1500,"price":36.95,"category":"bbear"},{"type":"B","date":"2018-03-15T01:37:09.000Z","volume":1500,"price":36.95,"category":"bbear"},{"type":"B","date":"2018-03-15T01:34:57.000Z","volume":1500,"price":36.95,"category":"bbear"},{"type":"B","date":"2018-03-15T01:32:33.000Z","volume":2100,"price":36.95,"category":"bbear"},{"type":"B","date":"2018-03-15T01:32:31.000Z","volume":1200,"price":36.95,"category":"bbear"},{"type":"B","date":"2018-03-15T01:32:30.000Z","volume":1200,"price":36.85,"category":"bbear"},{"type":"B","date":"2018-03-15T01:32:29.000Z","volume":1200,"price":36.95,"category":"bbear"},{"type":"B","date":"2018-03-15T01:31:53.000Z","volume":1500,"price":36.9,"category":"bbear"},{"type":"B","date":"2018-03-15T01:31:48.000Z","volume":1800,"price":37.25,"category":"bbear"},{"type":"B","date":"2018-03-15T01:31:42.000Z","volume":1800,"price":37.25,"category":"bbear"},{"type":"B","date":"2018-03-15T01:31:42.000Z","volume":1500,"price":37.3,"category":"bbear"},{"type":"B","date":"2018-03-15T01:31:41.000Z","volume":1800,"price":37.3,"category":"bbear"},{"type":"B","date":"2018-03-15T01:31:41.000Z","volume":1200,"price":37.35,"category":"bbear"}