[{"type":"U","date":"2018-03-29T01:20:00.000Z","volume":7000,"label":"U","price":9.88},{"type":"A","date":"2018-03-29T01:30:02.000Z","volume":1500,"label":" ","price":9.88},{"type":"A","date":"2018-03-29T01:30:02.000Z","volume":1000,"label":" ","price":9.88},{"type":"A","date":"2018-03-29T01:30:03.000Z","volume":500,"label":" ","price":9.88},{"type":"A","date":"2018-03-29T01:30:03.000Z","volume":4000,"label":" ","price":9.88},{"type":"A","date":"2018-03-29T01:30:03.000Z","volume":500,"label":" ","price":9.88},{"type":"A","date":"2018-03-29T01:30:03.000Z","volume":500,"label":" ","price":9.88},{"type":"A","date":"2018-03-29T01:30:03.000Z","volume":1000,"label":" ","price":9.88},{"type":"A","date":"2018-03-29T01:30:04.000Z","volume":500,"label":" ","price":9.88},{"type":"B","date":"2018-03-29T01:30:06.000Z","volume":1500,"label":" ","price":9.85},{"type":"B","date":"2018-03-29T01:30:20.000Z","volume":1500,"label":" ","price":9.86},{"type":"B","date":"2018-03-29T01:30:21.000Z","volume":4000,"label":" ","price":9.86},{"type":"A","date":"2018-03-29T01:30:21.000Z","volume":500,"label":" ","price":9.87},{"type":"A","date":"2018-03-29T01:30:23.000Z","volume":500,"label":" ","price":9.87},{"type":"A","date":"2018-03-29T01:30:26.000Z","volume":500,"label":"Y","price":9.87},{"type":"B","date":"2018-03-29T01:30:27.000Z","volume":500,"label":" ","price":9.86},{"type":"A","date":"2018-03-29T01:30:27.000Z","volume":3000,"label":" ","price":9.87},{"type":"A","date":"2018-03-29T01:30:27.000Z","volume":2500,"label":" ","price":9.87},{"type":"A","date":"2018-03-29T01:30:30.000Z","volume":1500,"label":" ","price":9.87},{"type":"B","date":"2018-03-29T01:30:36.000Z","volume":6000,"label":" ","price":9.86},{"type":"A","date":"2018-03-29T01:30:36.000Z","volume":500,"label":" ","price":9.87},{"type":"B","date":"2018-03-29T01:30:38.000Z","volume":500,"label":" ","price":9.86},{"type":"A","date":"2018-03-29T01:30:38.000Z","volume":2500,"label":" ","price":9.87},{"type":"A","date":"2018-03-29T01:30:38.000Z","volume":1000,"label":" ","price":9.87},{"type":"A","date":"2018-03-29T01:30:40.000Z","volume":2500,"label":" ","price":9.87},{"type":"A","date":"2018-03-29T01:30:42.000Z","volume":1500,"label":" ","price":9.87},{"type":"A","date":"2018-03-29T01:30:45.000Z","volume":2000,"label":" ","price":9.87},{"type":"A","date":"2018-03-29T01:30:49.000Z","volume":2500,"label":" ","price":9.87},{"type":"A","date":"2018-03-29T01:30:49.000Z","volume":500,"label":" ","price":9.87},{"type":"A","date":"2018-03-29T01:31:01.000Z","volume":500,"label":"Y","price":9.87},{"type":"A","date":"2018-03-29T01:31:07.000Z","volume":2500,"label":" ","price":9.87},{"type":"B","date":"2018-03-29T01:31:14.000Z","volume":2000,"label":" ","price":9.86},{"type":"B","date":"2018-03-29T01:31:14.000Z","volume":1000,"label":" ","price":9.86},{"type":"A","date":"2018-03-29T01:31:16.000Z","volume":500,"label":" ","price":9.87},{"type":"A","date":"2018-03-29T01:31:16.000Z","volume":2000,"label":" ","price":9.87},{"type":"A","date":"2018-03-29T01:31:16.000Z","volume":1000,"label":" ","price":9.87},{"type":"A","date":"2018-03-29T01:31:31.000Z","volume":1000,"label":" ","price":9.87},{"type":"A","date":"2018-03-29T01:31:31.000Z","volume":500,"label":" ","price":9.87},{"type":"A","date":"2018-03-29T01:31:40.000Z","volume":500,"label":" ","price":9.87},{"type":"A","date":"2018-03-29T01:32:00.000Z","volume":500,"label":" ","price":9.87},{"type":"A","date":"2018-03-29T01:32:00.000Z","volume":1000,"label":" ","price":9.87},{"type":"A","date":"2018-03-29T01:32:01.000Z","volume":1000,"label":" ","price":9.87},{"type":"B","date":"2018-03-29T01:32:11.000Z","volume":500,"label":" ","price":9.86},{"type":"B","date":"2018-03-29T01:32:17.000Z","volume":500,"label":"Y","price":9.86},{"type":"B","date":"2018-03-29T01:32:17.000Z","volume":500,"label":" ","price":9.86},{"type":"B","date":"2018-03-29T01:32:31.000Z","volume":2500,"label":" ","price":9.86},{"type":"A","date":"2018-03-29T01:32:31.000Z","volume":24000,"label":" ","price":9.87},{"type":"A","date":"2018-03-29T01:32:31.000Z","volume":1500,"label":" ","price":9.87},{"type":"A","date":"2018-03-29T01:32:31.000Z","volume":500,"label":" ","price":9.87},{"type":"A","date":"2018-03-29T01:32:32.000Z","volume":500,"label":"Y","price":9.87},{"type":"A","date":"2018-03-29T01:32:32.000Z","volume":8000,"label":" ","price":9.87},{"type":"A","date":"2018-03-29T01:32:32.000Z","volume":500,"label":" ","price":9.87},{"type":"B","date":"2018-03-29T01:32:36.000Z","volume":3000,"label":"Y","price":9.86},{"type":"B","date":"2018-03-29T01:32:36.000Z","volume":4500,"label":" ","price":9.86},{"type":"A","date":"2018-03-29T01:32:36.000Z","volume":1000,"label":" ","price":9.87},{"type":"A","date":"2018-03-29T01:32:47.000Z","volume":2500,"label":" ","price":9.87},{"type":"B","date":"2018-03-29T01:33:15.000Z","volume":500,"label":" ","price":9.86},{"type":"B","date":"2018-03-29T01:34:02.000Z","volume":2000,"label":" ","price":9.86},{"type":"B","date":"2018-03-29T01:34:32.000Z","volume":500,"label":" ","price":9.86},{"type":"A","date":"2018-03-29T01:34:40.000Z","volume":500,"label":" ","price":9.87},{"type":"B","date":"2018-03-29T01:34:59.000Z","volume":500,"label":" ","price":9.86},{"type":"A","date":"2018-03-29T01:35:22.000Z","volume":500,"label":" ","price":9.87},{"type":"A","date":"2018-03-29T01:35:28.000Z","volume":500,"label":" ","price":9.87},{"type":"A","date":"2018-03-29T01:35:30.000Z","volume":500,"label":" ","price":9.87},{"type":"B","date":"2018-03-29T01:35:49.000Z","volume":500,"label":" ","price":9.86},{"type":"B","date":"2018-03-29T01:35:49.000Z","volume":1000,"label":" ","price":9.86},{"type":"B","date":"2018-03-29T01:36:23.000Z","volume":3000,"label":" ","price":9.86},{"type":"B","date":"2018-03-29T01:36:23.000Z","volume":1500,"label":"Y","price":9.86},{"type":"B","date":"2018-03-29T01:36:23.000Z","volume":8000,"label":" ","price":9.86},{"type":"B","date":"2018-03-29T01:36:33.000Z","volume":5000,"label":" ","price":9.86},{"type":"B","date":"2018-03-29T01:36:39.000Z","volume":1000,"label":" ","price":9.85},{"type":"B","date":"2018-03-29T01:36:39.000Z","volume":2500,"label":" ","price":9.85},{"type":"B","date":"2018-03-29T01:37:08.000Z","volume":500,"label":" ","price":9.84},{"type":"B","date":"2018-03-29T01:37:24.000Z","volume":10500,"label":" ","price":9.84},{"type":"B","date":"2018-03-29T01:37:24.000Z","volume":1000,"label":" ","price":9.84},{"type":"B","date":"2018-03-29T01:37:24.000Z","volume":2500,"label":" ","price":9.83},{"type":"B","date":"2018-03-29T01:37:25.000Z","volume":6000,"label":" ","price":9.83},{"type":"U","date":"2018-03-29T01:37:25.000Z","volume":500,"label":" ","price":9.83},{"type":"A","date":"2018-03-29T01:37:25.000Z","volume":500,"label":" ","price":9.85},{"type":"B","date":"2018-03-29T01:37:25.000Z","volume":4000,"label":" ","price":9.83},{"type":"B","date":"2018-03-29T01:37:25.000Z","volume":500,"label":" ","price":9.83},{"type":"B","date":"2018-03-29T01:37:25.000Z","volume":1000,"label":" ","price":9.82},{"type":"B","date":"2018-03-29T01:37:25.000Z","volume":500,"label":" ","price":9.82},{"type":"U","date":"2018-03-29T01:37:25.000Z","volume":4000,"label":"X","price":9.85},{"type":"A","date":"2018-03-29T01:37:25.000Z","volume":2500,"label":" ","price":9.85},{"type":"B","date":"2018-03-29T01:37:37.000Z","volume":500,"label":" ","price":9.8},{"type":"U","date":"2018-03-29T01:37:37.000Z","volume":1000,"label":" ","price":9.82},{"type":"B","date":"2018-03-29T01:37:44.000Z","volume":2000,"label":" ","price":9.8},{"type":"U","date":"2018-03-29T01:37:53.000Z","volume":500,"label":" ","price":9.8},{"type":"B","date":"2018-03-29T01:38:05.000Z","volume":5500,"label":" ","price":9.78},{"type":"B","date":"2018-03-29T01:38:05.000Z","volume":1500,"label":" ","price":9.77},{"type":"B","date":"2018-03-29T01:38:05.000Z","volume":1000,"label":" ","price":9.76},{"type":"B","date":"2018-03-29T01:38:05.000Z","volume":1000,"label":" ","price":9.78},{"type":"A","date":"2018-03-29T01:38:05.000Z","volume":500,"label":" ","price":9.8},{"type":"B","date":"2018-03-29T01:38:45.000Z","volume":2500,"label":" ","price":9.74},{"type":"B","date":"2018-03-29T01:39:00.000Z","volume":1500,"label":" ","price":9.73},{"type":"B","date":"2018-03-29T01:39:00.000Z","volume":5500,"label":" ","price":9.71},{"type":"B","date":"2018-03-29T01:39:00.000Z","volume":500,"label":" ","price":9.7},{"type":"B","date":"2018-03-29T01:39:00.000Z","volume":1000,"label":" ","price":9.69},{"type":"B","date":"2018-03-29T01:39:00.000Z","volume":5500,"label":" ","price":9.64},{"type":"B","date":"2018-03-29T01:39:03.000Z","volume":1500,"label":" ","price":9.66},{"type":"B","date":"2018-03-29T01:39:03.000Z","volume":6000,"label":" ","price":9.61},{"type":"A","date":"2018-03-29T01:39:03.000Z","volume":1000,"label":" ","price":9.76},{"type":"U","date":"2018-03-29T01:39:13.000Z","volume":27000,"label":" ","price":9.73},{"type":"U","date":"2018-03-29T01:39:13.000Z","volume":1500,"label":" ","price":9.73},{"type":"A","date":"2018-03-29T01:39:13.000Z","volume":4000,"label":" ","price":9.73},{"type":"A","date":"2018-03-29T01:39:22.000Z","volume":1000,"label":"Y","price":9.73},{"type":"A","date":"2018-03-29T01:39:22.000Z","volume":11000,"label":" ","price":9.73},{"type":"A","date":"2018-03-29T01:39:23.000Z","volume":1000,"label":" ","price":9.73},{"type":"B","date":"2018-03-29T01:39:26.000Z","volume":4000,"label":" ","price":9.72},{"type":"B","date":"2018-03-29T01:39:26.000Z","volume":1000,"label":" ","price":9.72},{"type":"A","date":"2018-03-29T01:39:55.000Z","volume":58000,"label":" ","price":9.73},{"type":"A","date":"2018-03-29T01:39:55.000Z","volume":1000,"label":" ","price":9.74},{"type":"A","date":"2018-03-29T01:39:55.000Z","volume":500,"label":"Y","price":9.74},{"type":"A","date":"2018-03-29T01:39:55.000Z","volume":2000,"label":" ","price":9.74},{"type":"A","date":"2018-03-29T01:40:25.000Z","volume":500,"label":"Y","price":9.74},{"type":"U","date":"2018-03-29T01:40:26.000Z","volume":10500,"label":" ","price":9.72},{"type":"U","date":"2018-03-29T01:40:33.000Z","volume":2000,"label":" ","price":9.72},{"type":"B","date":"2018-03-29T01:40:39.000Z","volume":3000,"label":" ","price":9.69},{"type":"U","date":"2018-03-29T01:41:11.000Z","volume":500,"label":" ","price":9.73},{"type":"A","date":"2018-03-29T01:41:30.000Z","volume":1500,"label":" ","price":9.74},{"type":"A","date":"2018-03-29T01:41:30.000Z","volume":1000,"label":" ","price":9.74},{"type":"B","date":"2018-03-29T01:41:36.000Z","volume":7500,"label":" ","price":9.71},{"type":"A","date":"2018-03-29T01:42:01.000Z","volume":500,"label":" ","price":9.74},{"type":"U","date":"2018-03-29T01:42:44.000Z","volume":472,"label":"D","price":9.87},{"type":"A","date":"2018-03-29T01:42:48.000Z","volume":1000,"label":" ","price":9.74},{"type":"U","date":"2018-03-29T01:42:58.000Z","volume":500,"label":" ","price":9.73},{"type":"B","date":"2018-03-29T01:43:24.000Z","volume":500,"label":" ","price":9.73},{"type":"B","date":"2018-03-29T01:43:24.000Z","volume":3500,"label":" ","price":9.73},{"type":"B","date":"2018-03-29T01:43:55.000Z","volume":4000,"label":"Y","price":9.73},{"type":"B","date":"2018-03-29T01:43:55.000Z","volume":8000,"label":" ","price":9.73},{"type":"B","date":"2018-03-29T01:43:55.000Z","volume":500,"label":"Y","price":9.73},{"type":"A","date":"2018-03-29T01:43:55.000Z","volume":500,"label":" ","price":9.74},{"type":"B","date":"2018-03-29T01:44:03.000Z","volume":1000,"label":" ","price":9.72},{"type":"B","date":"2018-03-29T01:44:04.000Z","volume":500,"label":" ","price":9.72},{"type":"B","date":"2018-03-29T01:44:34.000Z","volume":2500,"label":" ","price":9.71},{"type":"B","date":"2018-03-29T01:45:22.000Z","volume":500,"label":" ","price":9.71},{"type":"B","date":"2018-03-29T01:45:22.000Z","volume":3000,"label":" ","price":9.71},{"type":"A","date":"2018-03-29T01:45:22.000Z","volume":500,"label":" ","price":9.73},{"type":"B","date":"2018-03-29T01:45:34.000Z","volume":3500,"label":" ","price":9.71},{"type":"B","date":"2018-03-29T01:45:34.000Z","volume":500,"label":"Y","price":9.7},{"type":"B","date":"2018-03-29T01:45:34.000Z","volume":3500,"label":" ","price":9.7},{"type":"B","date":"2018-03-29T01:45:34.000Z","volume":1000,"label":" ","price":9.7},{"type":"B","date":"2018-03-29T01:45:34.000Z","volume":1500,"label":" ","price":9.7},{"type":"B","date":"2018-03-29T01:45:35.000Z","volume":3000,"label":" ","price":9.69},{"type":"B","date":"2018-03-29T01:45:35.000Z","volume":1500,"label":" ","price":9.69},{"type":"B","date":"2018-03-29T01:45:35.000Z","volume":500,"label":" ","price":9.69},{"type":"B","date":"2018-03-29T01:45:35.000Z","volume":1500,"label":" ","price":9.68},{"type":"B","date":"2018-03-29T01:45:35.000Z","volume":10500,"label":" ","price":9.67},{"type":"B","date":"2018-03-29T01:45:35.000Z","volume":500,"label":" ","price":9.67},{"type":"B","date":"2018-03-29T01:45:35.000Z","volume":500,"label":" ","price":9.67},{"type":"B","date":"2018-03-29T01:45:35.000Z","volume":500,"label":"Y","price":9.67},{"type":"B","date":"2018-03-29T01:45:35.000Z","volume":500,"label":" ","price":9.66},{"type":"B","date":"2018-03-29T01:45:35.000Z","volume":1500,"label":" ","price":9.67},{"type":"B","date":"2018-03-29T01:45:36.000Z","volume":3500,"label":" ","price":9.66},{"type":"A","date":"2018-03-29T01:45:40.000Z","volume":1000,"label":" ","price":9.68},{"type":"U","date":"2018-03-29T01:46:31.000Z","volume":40,"label":"D","price":9.73},{"type":"B","date":"2018-03-29T01:47:06.000Z","volume":3000,"label":" ","price":9.65},{"type":"B","date":"2018-03-29T01:47:21.000Z","volume":500,"label":" ","price":9.65},{"type":"B","date":"2018-03-29T01:47:26.000Z","volume":3000,"label":" ","price":9.65},{"type":"B","date":"2018-03-29T01:47:26.000Z","volume":500,"label":" ","price":9.65},{"type":"B","date":"2018-03-29T01:47:26.000Z","volume":500,"label":" ","price":9.65},{"type":"B","date":"2018-03-29T01:47:26.000Z","volume":1000,"label":" ","price":9.65},{"type":"B","date":"2018-03-29T01:47:27.000Z","volume":2000,"label":" ","price":9.64},{"type":"B","date":"2018-03-29T01:47:58.000Z","volume":1000,"label":" ","price":9.64},{"type":"B","date":"2018-03-29T01:48:05.000Z","volume":2500,"label":" ","price":9.64},{"type":"B","date":"2018-03-29T01:48:31.000Z","volume":500,"label":" ","price":9.64},{"type":"B","date":"2018-03-29T01:48:39.000Z","volume":5500,"label":" ","price":9.64},{"type":"B","date":"2018-03-29T01:48:50.000Z","volume":500,"label":" ","price":9.64},{"type":"B","date":"2018-03-29T01:49:10.000Z","volume":2500,"label":" ","price":9.64},{"type":"B","date":"2018-03-29T01:49:10.000Z","volume":1000,"label":"Y","price":9.64},{"type":"B","date":"2018-03-29T01:49:10.000Z","volume":5000,"label":" ","price":9.64},{"type":"A","date":"2018-03-29T01:49:10.000Z","volume":1000,"label":" ","price":9.65},{"type":"A","date":"2018-03-29T01:49:33.000Z","volume":1000,"label":"Y","price":9.65},{"type":"A","date":"2018-03-29T01:49:33.000Z","volume":138500,"label":" ","price":9.65},{"type":"A","date":"2018-03-29T01:49:33.000Z","volume":9500,"label":" ","price":9.65},{"type":"A","date":"2018-03-29T01:49:33.000Z","volume":7500,"label":" ","price":9.66},{"type":"A","date":"2018-03-29T01:49:33.000Z","volume":500,"label":" ","price":9.66},{"type":"A","date":"2018-03-29T01:49:33.000Z","volume":500,"label":" ","price":9.66},{"type":"B","date":"2018-03-29T01:49:35.000Z","volume":15000,"label":" ","price":9.64},{"type":"A","date":"2018-03-29T01:49:35.000Z","volume":1000,"label":" ","price":9.66},{"type":"A","date":"2018-03-29T01:49:35.000Z","volume":5000,"label":" ","price":9.66},{"type":"U","date":"2018-03-29T01:50:05.000Z","volume":9000,"label":" ","price":9.65},{"type":"A","date":"2018-03-29T01:50:05.000Z","volume":500,"label":" ","price":9.67},{"type":"A","date":"2018-03-29T01:50:06.000Z","volume":3000,"label":" ","price":9.67},{"type":"A","date":"2018-03-29T01:50:12.000Z","volume":1000,"label":" ","price":9.67},{"type":"A","date":"2018-03-29T01:50:18.000Z","volume":500,"label":" ","price":9.67},{"type":"B","date":"2018-03-29T01:50:58.000Z","volume":5500,"label":" ","price":9.65},{"type":"B","date":"2018-03-29T01:50:58.000Z","volume":500,"label":" ","price":9.65},{"type":"B","date":"2018-03-29T01:50:58.000Z","volume":500,"label":" ","price":9.65},{"type":"B","date":"2018-03-29T01:50:58.000Z","volume":2000,"label":" ","price":9.65},{"type":"B","date":"2018-03-29T01:52:17.000Z","volume":500,"label":" ","price":9.67},{"type":"B","date":"2018-03-29T01:52:17.000Z","volume":5500,"label":" ","price":9.66},{"type":"B","date":"2018-03-29T01:52:17.000Z","volume":4000,"label":" ","price":9.65},{"type":"A","date":"2018-03-29T01:52:19.000Z","volume":4000,"label":" ","price":9.68},{"type":"A","date":"2018-03-29T01:52:23.000Z","volume":500,"label":" ","price":9.68},{"type":"B","date":"2018-03-29T01:52:23.000Z","volume":2000,"label":" ","price":9.64},{"type":"A","date":"2018-03-29T01:52:23.000Z","volume":6500,"label":" ","price":9.68},{"type":"B","date":"2018-03-29T01:52:25.000Z","volume":1500,"label":" ","price":9.64},{"type":"B","date":"2018-03-29T01:52:25.000Z","volume":2500,"label":" ","price":9.63},{"type":"B","date":"2018-03-29T01:52:27.000Z","volume":1500,"label":" ","price":9.62},{"type":"B","date":"2018-03-29T01:54:36.000Z","volume":4500,"label":" ","price":9.63},{"type":"U","date":"2018-03-29T01:54:36.000Z","volume":1000,"label":"X","price":9.645},{"type":"A","date":"2018-03-29T01:54:37.000Z","volume":1500,"label":" ","price":9.66},{"type":"A","date":"2018-03-29T01:54:57.000Z","volume":2000,"label":" ","price":9.66},{"type":"A","date":"2018-03-29T01:56:43.000Z","volume":500,"label":" ","price":9.66},{"type":"U","date":"2018-03-29T01:56:43.000Z","volume":1500,"label":"X","price":9.65},{"type":"B","date":"2018-03-29T01:56:43.000Z","volume":1000,"label":" ","price":9.64},{"type":"A","date":"2018-03-29T01:58:02.000Z","volume":500,"label":" ","price":9.65},{"type":"A","date":"2018-03-29T01:58:05.000Z","volume":1000,"label":" ","price":9.65},{"type":"B","date":"2018-03-29T01:58:08.000Z","volume":18000,"label":" ","price":9.64},{"type":"B","date":"2018-03-29T01:58:08.000Z","volume":7500,"label":" ","price":9.63},{"type":"B","date":"2018-03-29T01:58:08.000Z","volume":3500,"label":" ","price":9.62},{"type":"U","date":"2018-03-29T01:58:08.000Z","volume":500,"label":" ","price":9.62},{"type":"B","date":"2018-03-29T01:58:08.000Z","volume":2500,"label":" ","price":9.61},{"type":"A","date":"2018-03-29T01:58:08.000Z","volume":4500,"label":" ","price":9.63},{"type":"A","date":"2018-03-29T01:58:08.000Z","volume":6000,"label":" ","price":9.63},{"type":"A","date":"2018-03-29T01:58:08.000Z","volume":1500,"label":" ","price":9.63},{"type":"B","date":"2018-03-29T01:58:08.000Z","volume":3500,"label":" ","price":9.62},{"type":"A","date":"2018-03-29T01:58:08.000Z","volume":5000,"label":" ","price":9.64},{"type":"U","date":"2018-03-29T01:58:09.000Z","volume":6000,"label":"X","price":9.6},{"type":"B","date":"2018-03-29T01:58:09.000Z","volume":3500,"label":" ","price":9.6},{"type":"U","date":"2018-03-29T01:58:09.000Z","volume":500,"label":"X","price":9.6},{"type":"U","date":"2018-03-29T01:58:14.000Z","volume":2500,"label":" ","price":9.62},{"type":"B","date":"2018-03-29T01:58:20.000Z","volume":2000,"label":" ","price":9.62},{"type":"B","date":"2018-03-29T01:58:36.000Z","volume":1500,"label":" ","price":9.62},{"type":"U","date":"2018-03-29T01:58:39.000Z","volume":4000,"label":" ","price":9.63},{"type":"U","date":"2018-03-29T01:58:41.000Z","volume":3500,"label":"X","price":9.6},{"type":"B","date":"2018-03-29T01:59:11.000Z","volume":15500,"label":" ","price":9.6},{"type":"B","date":"2018-03-29T01:59:12.000Z","volume":12500,"label":" ","price":9.59},{"type":"B","date":"2018-03-29T01:59:12.000Z","volume":1000,"label":" ","price":9.58},{"type":"B","date":"2018-03-29T01:59:12.000Z","volume":4000,"label":" ","price":9.58},{"type":"U","date":"2018-03-29T01:59:12.000Z","volume":11500,"label":" ","price":9.59},{"type":"U","date":"2018-03-29T01:59:12.000Z","volume":12000,"label":" ","price":9.59},{"type":"B","date":"2018-03-29T01:59:13.000Z","volume":2500,"label":" ","price":9.58},{"type":"B","date":"2018-03-29T01:59:13.000Z","volume":1000,"label":" ","price":9.58},{"type":"B","date":"2018-03-29T01:59:13.000Z","volume":500,"label":" ","price":9.57},{"type":"A","date":"2018-03-29T01:59:13.000Z","volume":7500,"label":" ","price":9.59},{"type":"A","date":"2018-03-29T01:59:13.000Z","volume":11000,"label":"Y","price":9.59},{"type":"A","date":"2018-03-29T01:59:41.000Z","volume":8000,"label":" ","price":9.59},{"type":"A","date":"2018-03-29T01:59:41.000Z","volume":500,"label":"Y","price":9.59},{"type":"A","date":"2018-03-29T01:59:41.000Z","volume":5500,"label":" ","price":9.59},{"type":"A","date":"2018-03-29T01:59:44.000Z","volume":1500,"label":"Y","price":9.59},{"type":"A","date":"2018-03-29T01:59:44.000Z","volume":1000,"label":" ","price":9.59},{"type":"U","date":"2018-03-29T01:59:49.000Z","volume":3500,"label":" ","price":9.58},{"type":"A","date":"2018-03-29T01:59:50.000Z","volume":1500,"label":" ","price":9.59},{"type":"U","date":"2018-03-29T02:00:07.000Z","volume":2000,"label":"X","price":9.585},{"type":"U","date":"2018-03-29T02:00:07.000Z","volume":1000,"label":"X","price":9.585},{"type":"B","date":"2018-03-29T02:00:24.000Z","volume":21500,"label":" ","price":9.58},{"type":"B","date":"2018-03-29T02:00:24.000Z","volume":2500,"label":" ","price":9.58},{"type":"B","date":"2018-03-29T02:00:25.000Z","volume":15500,"label":" ","price":9.57},{"type":"B","date":"2018-03-29T02:00:25.000Z","volume":9500,"label":" ","price":9.56},{"type":"B","date":"2018-03-29T02:00:25.000Z","volume":2000,"label":" ","price":9.56},{"type":"B","date":"2018-03-29T02:00:25.000Z","volume":3000,"label":" ","price":9.55},{"type":"U","date":"2018-03-29T02:00:26.000Z","volume":3000,"label":"X","price":9.55},{"type":"B","date":"2018-03-29T02:00:27.000Z","volume":4500,"label":" ","price":9.55},{"type":"A","date":"2018-03-29T02:00:39.000Z","volume":4500,"label":" ","price":9.57},{"type":"B","date":"2018-03-29T02:00:41.000Z","volume":3000,"label":"Y","price":9.52},{"type":"B","date":"2018-03-29T02:02:01.000Z","volume":4000,"label":" ","price":9.52},{"type":"B","date":"2018-03-29T02:02:19.000Z","volume":3000,"label":" ","price":9.52},{"type":"B","date":"2018-03-29T02:02:23.000Z","volume":1000,"label":" ","price":9.52},{"type":"B","date":"2018-03-29T02:02:35.000Z","volume":5000,"label":"Y","price":9.51},{"type":"U","date":"2018-03-29T02:02:35.000Z","volume":1500,"label":"X","price":9.515},{"type":"B","date":"2018-03-29T02:03:33.000Z","volume":2500,"label":"Y","price":9.51},{"type":"B","date":"2018-03-29T02:03:33.000Z","volume":5500,"label":" ","price":9.51},{"type":"B","date":"2018-03-29T02:03:33.000Z","volume":11500,"label":" ","price":9.5},{"type":"U","date":"2018-03-29T02:03:35.000Z","volume":4000,"label":"X","price":9.5},{"type":"B","date":"2018-03-29T02:03:36.000Z","volume":500,"label":" ","price":9.51},{"type":"B","date":"2018-03-29T02:03:43.000Z","volume":15000,"label":" ","price":9.51},{"type":"U","date":"2018-03-29T02:03:43.000Z","volume":2500,"label":"X","price":9.515},{"type":"U","date":"2018-03-29T02:03:43.000Z","volume":1000,"label":"X","price":9.51},{"type":"B","date":"2018-03-29T02:03:49.000Z","volume":14000,"label":" ","price":9.51},{"type":"B","date":"2018-03-29T02:03:49.000Z","volume":5500,"label":" ","price":9.51},{"type":"B","date":"2018-03-29T02:03:49.000Z","volume":6500,"label":" ","price":9.51},{"type":"B","date":"2018-03-29T02:03:49.000Z","volume":1500,"label":" ","price":9.51},{"type":"B","date":"2018-03-29T02:03:49.000Z","volume":7500,"label":" ","price":9.51},{"type":"B","date":"2018-03-29T02:03:49.000Z","volume":3000,"label":" ","price":9.51},{"type":"B","date":"2018-03-29T02:03:49.000Z","volume":1000,"label":" ","price":9.51},{"type":"A","date":"2018-03-29T02:03:49.000Z","volume":500,"label":" ","price":9.51},{"type":"A","date":"2018-03-29T02:04:03.000Z","volume":5000,"label":" ","price":9.51},{"type":"A","date":"2018-03-29T02:04:03.000Z","volume":5000,"label":" ","price":9.51},{"type":"A","date":"2018-03-29T02:04:03.000Z","volume":5500,"label":" ","price":9.51},{"type":"A","date":"2018-03-29T02:04:03.000Z","volume":5000,"label":" ","price":9.51},{"type":"A","date":"2018-03-29T02:04:03.000Z","volume":12000,"label":" ","price":9.51},{"type":"A","date":"2018-03-29T02:04:03.000Z","volume":5000,"label":" ","price":9.51},{"type":"A","date":"2018-03-29T02:04:03.000Z","volume":7500,"label":"Y","price":9.51},{"type":"A","date":"2018-03-29T02:04:03.000Z","volume":31000,"label":" ","price":9.51},{"type":"A","date":"2018-03-29T02:04:03.000Z","volume":4000,"label":" ","price":9.52},{"type":"A","date":"2018-03-29T02:04:04.000Z","volume":5000,"label":" ","price":9.52},{"type":"A","date":"2018-03-29T02:04:04.000Z","volume":5000,"label":" ","price":9.52},{"type":"A","date":"2018-03-29T02:04:04.000Z","volume":5000,"label":" ","price":9.52},{"type":"B","date":"2018-03-29T02:04:04.000Z","volume":3500,"label":" ","price":9.51},{"type":"A","date":"2018-03-29T02:04:05.000Z","volume":6000,"label":" ","price":9.52},{"type":"A","date":"2018-03-29T02:04:05.000Z","volume":13000,"label":" ","price":9.52},{"type":"A","date":"2018-03-29T02:04:05.000Z","volume":4000,"label":" ","price":9.53},{"type":"A","date":"2018-03-29T02:04:05.000Z","volume":13500,"label":" ","price":9.54},{"type":"A","date":"2018-03-29T02:04:05.000Z","volume":5500,"label":" ","price":9.54},{"type":"A","date":"2018-03-29T02:04:05.000Z","volume":16500,"label":" ","price":9.54},{"type":"B","date":"2018-03-29T02:04:05.000Z","volume":8500,"label":" ","price":9.52},{"type":"A","date":"2018-03-29T02:04:05.000Z","volume":5500,"label":" ","price":9.57},{"type":"A","date":"2018-03-29T02:04:06.000Z","volume":3500,"label":"Y","price":9.57},{"type":"A","date":"2018-03-29T02:04:06.000Z","volume":1000,"label":" ","price":9.57},{"type":"A","date":"2018-03-29T02:04:06.000Z","volume":18000,"label":" ","price":9.58},{"type":"A","date":"2018-03-29T02:04:06.000Z","volume":12000,"label":" ","price":9.58},{"type":"U","date":"2018-03-29T02:04:07.000Z","volume":3000,"label":"X","price":9.575},{"type":"U","date":"2018-03-29T02:04:07.000Z","volume":500,"label":"X","price":9.575},{"type":"B","date":"2018-03-29T02:04:07.000Z","volume":6000,"label":" ","price":9.57},{"type":"A","date":"2018-03-29T02:04:07.000Z","volume":9000,"label":" ","price":9.58},{"type":"U","date":"2018-03-29T02:04:08.000Z","volume":3000,"label":"X","price":9.575},{"type":"B","date":"2018-03-29T02:04:35.000Z","volume":3000,"label":" ","price":9.57},{"type":"B","date":"2018-03-29T02:04:35.000Z","volume":7500,"label":" ","price":9.57},{"type":"B","date":"2018-03-29T02:04:35.000Z","volume":8000,"label":" ","price":9.56},{"type":"B","date":"2018-03-29T02:04:35.000Z","volume":9500,"label":" ","price":9.55},{"type":"B","date":"2018-03-29T02:04:35.000Z","volume":1500,"label":" ","price":9.54},{"type":"B","date":"2018-03-29T02:04:35.000Z","volume":1500,"label":" ","price":9.53},{"type":"U","date":"2018-03-29T02:04:35.000Z","volume":2000,"label":" ","price":9.55},{"type":"U","date":"2018-03-29T02:04:35.000Z","volume":3500,"label":"X","price":9.53},{"type":"B","date":"2018-03-29T02:04:55.000Z","volume":14500,"label":" ","price":9.53},{"type":"B","date":"2018-03-29T02:04:55.000Z","volume":11500,"label":" ","price":9.52},{"type":"B","date":"2018-03-29T02:04:55.000Z","volume":2500,"label":" ","price":9.51},{"type":"B","date":"2018-03-29T02:04:55.000Z","volume":36000,"label":" ","price":9.51},{"type":"B","date":"2018-03-29T02:04:55.000Z","volume":5500,"label":" ","price":9.51},{"type":"B","date":"2018-03-29T02:04:55.000Z","volume":5500,"label":" ","price":9.51},{"type":"A","date":"2018-03-29T02:04:56.000Z","volume":1000,"label":" ","price":9.51},{"type":"U","date":"2018-03-29T02:05:00.000Z","volume":4000,"label":"X","price":9.51},{"type":"A","date":"2018-03-29T02:05:22.000Z","volume":500,"label":" ","price":9.51},{"type":"A","date":"2018-03-29T02:05:24.000Z","volume":5000,"label":" ","price":9.51},{"type":"A","date":"2018-03-29T02:06:00.000Z","volume":500,"label":" ","price":9.51},{"type":"A","date":"2018-03-29T02:06:40.000Z","volume":33500,"label":" ","price":9.51},{"type":"A","date":"2018-03-29T02:06:40.000Z","volume":500,"label":"Y","price":9.51},{"type":"A","date":"2018-03-29T02:06:40.000Z","volume":68500,"label":" ","price":9.51},{"type":"A","date":"2018-03-29T02:06:40.000Z","volume":17000,"label":" ","price":9.51},{"type":"A","date":"2018-03-29T02:06:40.000Z","volume":7500,"label":" ","price":9.52},{"type":"A","date":"2018-03-29T02:06:40.000Z","volume":14500,"label":" ","price":9.52},{"type":"B","date":"2018-03-29T02:06:41.000Z","volume":10500,"label":" ","price":9.53},{"type":"A","date":"2018-03-29T02:06:41.000Z","volume":9000,"label":"Y","price":9.56},{"type":"A","date":"2018-03-29T02:06:41.000Z","volume":1500,"label":" ","price":9.56},{"type":"U","date":"2018-03-29T02:06:43.000Z","volume":9000,"label":"X","price":9.54},{"type":"A","date":"2018-03-29T02:06:45.000Z","volume":3000,"label":"Y","price":9.58},{"type":"A","date":"2018-03-29T02:06:45.000Z","volume":500,"label":" ","price":9.58},{"type":"U","date":"2018-03-29T02:06:45.000Z","volume":3000,"label":"X","price":9.56},{"type":"A","date":"2018-03-29T02:06:48.000Z","volume":10500,"label":"Y","price":9.58},{"type":"B","date":"2018-03-29T02:07:33.000Z","volume":10000,"label":" ","price":9.56},{"type":"B","date":"2018-03-29T02:07:33.000Z","volume":14000,"label":" ","price":9.56},{"type":"U","date":"2018-03-29T02:07:33.000Z","volume":4000,"label":" ","price":9.56},{"type":"U","date":"2018-03-29T02:07:33.000Z","volume":3500,"label":"X","price":9.55},{"type":"A","date":"2018-03-29T02:08:53.000Z","volume":8500,"label":" ","price":9.58},{"type":"U","date":"2018-03-29T02:08:54.000Z","volume":3000,"label":"X","price":9.55},{"type":"U","date":"2018-03-29T02:10:48.000Z","volume":1500,"label":"X","price":9.56},{"type":"B","date":"2018-03-29T02:11:06.000Z","volume":25000,"label":" ","price":9.56},{"type":"B","date":"2018-03-29T02:11:06.000Z","volume":1000,"label":" ","price":9.55},{"type":"B","date":"2018-03-29T02:11:06.000Z","volume":8000,"label":" ","price":9.55},{"type":"B","date":"2018-03-29T02:11:06.000Z","volume":1500,"label":" ","price":9.55},{"type":"B","date":"2018-03-29T02:11:06.000Z","volume":1500,"label":" ","price":9.54},{"type":"B","date":"2018-03-29T02:11:06.000Z","volume":2500,"label":" ","price":9.54},{"type":"B","date":"2018-03-29T02:11:07.000Z","volume":6500,"label":" ","price":9.5},{"type":"B","date":"2018-03-29T02:11:15.000Z","volume":1000,"label":" ","price":9.52},{"type":"B","date":"2018-03-29T02:11:31.000Z","volume":1000,"label":" ","price":9.52},{"type":"B","date":"2018-03-29T02:11:55.000Z","volume":10000,"label":" ","price":9.52},{"type":"B","date":"2018-03-29T02:11:56.000Z","volume":2500,"label":" ","price":9.52},{"type":"B","date":"2018-03-29T02:11:56.000Z","volume":500,"label":" ","price":9.52},{"type":"B","date":"2018-03-29T02:11:57.000Z","volume":500,"label":" ","price":9.52},{"type":"U","date":"2018-03-29T02:11:57.000Z","volume":1000,"label":"X","price":9.52},{"type":"B","date":"2018-03-29T02:12:03.000Z","volume":2000,"label":" ","price":9.51},{"type":"B","date":"2018-03-29T02:12:08.000Z","volume":16000,"label":" ","price":9.51},{"type":"B","date":"2018-03-29T02:12:09.000Z","volume":4000,"label":" ","price":9.5},{"type":"B","date":"2018-03-29T02:12:16.000Z","volume":33500,"label":" ","price":9.5},{"type":"U","date":"2018-03-29T02:12:17.000Z","volume":4500,"label":"X","price":9.5},{"type":"B","date":"2018-03-29T02:12:17.000Z","volume":2500,"label":" ","price":9.5},{"type":"A","date":"2018-03-29T02:12:17.000Z","volume":1500,"label":"Y","price":9.53},{"type":"A","date":"2018-03-29T02:12:17.000Z","volume":1500,"label":" ","price":9.53},{"type":"B","date":"2018-03-29T02:12:34.000Z","volume":1000,"label":" ","price":9.5},{"type":"U","date":"2018-03-29T02:12:35.000Z","volume":3000,"label":"X","price":9.5},{"type":"U","date":"2018-03-29T02:13:07.000Z","volume":3000,"label":"X","price":9.515},{"type":"U","date":"2018-03-29T02:13:07.000Z","volume":1000,"label":"X","price":9.515},{"type":"B","date":"2018-03-29T02:13:40.000Z","volume":500,"label":" ","price":9.5},{"type":"B","date":"2018-03-29T02:13:46.000Z","volume":1500,"label":" ","price":9.5},{"type":"B","date":"2018-03-29T02:13:56.000Z","volume":1000,"label":"Y","price":9.5},{"type":"B","date":"2018-03-29T02:13:56.000Z","volume":500,"label":" ","price":9.5},{"type":"B","date":"2018-03-29T02:13:56.000Z","volume":7000,"label":" ","price":9.5},{"type":"B","date":"2018-03-29T02:13:56.000Z","volume":264000,"label":" ","price":9.5},{"type":"B","date":"2018-03-29T02:13:57.000Z","volume":31000,"label":" ","price":9.49},{"type":"B","date":"2018-03-29T02:13:57.000Z","volume":22000,"label":" ","price":9.48},{"type":"B","date":"2018-03-29T02:13:57.000Z","volume":1000,"label":" ","price":9.48},{"type":"B","date":"2018-03-29T02:13:57.000Z","volume":14000,"label":" ","price":9.47},{"type":"B","date":"2018-03-29T02:13:57.000Z","volume":4000,"label":" ","price":9.47},{"type":"B","date":"2018-03-29T02:13:57.000Z","volume":4000,"label":" ","price":9.47},{"type":"U","date":"2018-03-29T02:13:57.000Z","volume":2500,"label":"X","price":9.49},{"type":"U","date":"2018-03-29T02:13:57.000Z","volume":500,"label":" ","price":9.47},{"type":"B","date":"2018-03-29T02:13:57.000Z","volume":18000,"label":" ","price":9.46},{"type":"B","date":"2018-03-29T02:13:57.000Z","volume":6000,"label":" ","price":9.45},{"type":"A","date":"2018-03-29T02:13:57.000Z","volume":77500,"label":" ","price":9.49},{"type":"A","date":"2018-03-29T02:13:57.000Z","volume":25500,"label":" ","price":9.49},{"type":"A","date":"2018-03-29T02:13:57.000Z","volume":6000,"label":" ","price":9.5},{"type":"B","date":"2018-03-29T02:13:57.000Z","volume":4500,"label":" ","price":9.45},{"type":"A","date":"2018-03-29T02:13:57.000Z","volume":500,"label":" ","price":9.48},{"type":"A","date":"2018-03-29T02:13:57.000Z","volume":26000,"label":" ","price":9.5},{"type":"A","date":"2018-03-29T02:13:57.000Z","volume":5000,"label":" ","price":9.5},{"type":"A","date":"2018-03-29T02:13:57.000Z","volume":12500,"label":"Y","price":9.51},{"type":"A","date":"2018-03-29T02:13:57.000Z","volume":1000,"label":" ","price":9.51},{"type":"A","date":"2018-03-29T02:13:57.000Z","volume":1000,"label":" ","price":9.5},{"type":"A","date":"2018-03-29T02:13:58.000Z","volume":1000,"label":" ","price":9.5},{"type":"A","date":"2018-03-29T02:13:58.000Z","volume":7000,"label":" ","price":9.5},{"type":"A","date":"2018-03-29T02:13:58.000Z","volume":9000,"label":" ","price":9.5},{"type":"A","date":"2018-03-29T02:13:59.000Z","volume":2000,"label":" ","price":9.5},{"type":"A","date":"2018-03-29T02:13:59.000Z","volume":2000,"label":" ","price":9.51},{"type":"A","date":"2018-03-29T02:14:04.000Z","volume":16500,"label":" ","price":9.5},{"type":"A","date":"2018-03-29T02:14:04.000Z","volume":3000,"label":" ","price":9.5},{"type":"A","date":"2018-03-29T02:14:05.000Z","volume":4000,"label":" ","price":9.5},{"type":"U","date":"2018-03-29T02:14:07.000Z","volume":2500,"label":"X","price":9.475},{"type":"U","date":"2018-03-29T02:14:08.000Z","volume":2500,"label":"X","price":9.475},{"type":"A","date":"2018-03-29T02:14:28.000Z","volume":500,"label":" ","price":9.5},{"type":"A","date":"2018-03-29T02:14:34.000Z","volume":281000,"label":" ","price":9.5},{"type":"A","date":"2018-03-29T02:14:34.000Z","volume":14500,"label":" ","price":9.5},{"type":"B","date":"2018-03-29T02:14:35.000Z","volume":12500,"label":" ","price":9.49},{"type":"U","date":"2018-03-29T02:14:35.000Z","volume":4000,"label":"X","price":9.5},{"type":"U","date":"2018-03-29T02:14:35.000Z","volume":36500,"label":" ","price":9.5},{"type":"A","date":"2018-03-29T02:14:35.000Z","volume":10000,"label":" ","price":9.5},{"type":"B","date":"2018-03-29T02:14:35.000Z","volume":5000,"label":" ","price":9.5},{"type":"A","date":"2018-03-29T02:14:35.000Z","volume":41000,"label":"Y","price":9.51},{"type":"A","date":"2018-03-29T02:14:35.000Z","volume":7500,"label":" ","price":9.51},{"type":"U","date":"2018-03-29T02:14:37.000Z","volume":4000,"label":"X","price":9.5},{"type":"U","date":"2018-03-29T02:14:38.000Z","volume":3000,"label":"X","price":9.5},{"type":"A","date":"2018-03-29T02:14:39.000Z","volume":14500,"label":"Y","price":9.52},{"type":"A","date":"2018-03-29T02:14:39.000Z","volume":13000,"label":" ","price":9.52},{"type":"U","date":"2018-03-29T02:14:41.000Z","volume":4000,"label":"X","price":9.5},{"type":"U","date":"2018-03-29T02:14:41.000Z","volume":2500,"label":"X","price":9.51},{"type":"A","date":"2018-03-29T02:14:41.000Z","volume":1500,"label":" ","price":9.52},{"type":"A","date":"2018-03-29T02:14:43.000Z","volume":2500,"label":" ","price":9.52},{"type":"U","date":"2018-03-29T02:14:45.000Z","volume":3000,"label":"X","price":9.5},{"type":"A","date":"2018-03-29T02:17:51.000Z","volume":500,"label":" ","price":9.52},{"type":"A","date":"2018-03-29T02:18:18.000Z","volume":500,"label":" ","price":9.52},{"type":"A","date":"2018-03-29T02:18:19.000Z","volume":10000,"label":" ","price":9.52},{"type":"A","date":"2018-03-29T02:18:20.000Z","volume":5500,"label":" ","price":9.52},{"type":"A","date":"2018-03-29T02:19:01.000Z","volume":1000,"label":" ","price":9.52},{"type":"A","date":"2018-03-29T02:19:23.000Z","volume":500,"label":" ","price":9.52},{"type":"A","date":"2018-03-29T02:20:04.000Z","volume":2500,"label":" ","price":9.52},{"type":"A","date":"2018-03-29T02:20:04.000Z","volume":6500,"label":" ","price":9.52},{"type":"A","date":"2018-03-29T02:20:05.000Z","volume":3000,"label":" ","price":9.52},{"type":"A","date":"2018-03-29T02:20:21.000Z","volume":95000,"label":" ","price":9.52},{"type":"A","date":"2018-03-29T02:20:21.000Z","volume":500,"label":" ","price":9.53},{"type":"U","date":"2018-03-29T02:20:21.000Z","volume":500,"label":" ","price":9.52},{"type":"A","date":"2018-03-29T02:20:22.000Z","volume":29000,"label":" ","price":9.53},{"type":"U","date":"2018-03-29T02:20:23.000Z","volume":6000,"label":"X","price":9.51},{"type":"U","date":"2018-03-29T02:20:23.000Z","volume":2000,"label":"X","price":9.51},{"type":"U","date":"2018-03-29T02:20:23.000Z","volume":4500,"label":"X","price":9.525},{"type":"A","date":"2018-03-29T02:20:24.000Z","volume":4000,"label":"Y","price":9.54},{"type":"A","date":"2018-03-29T02:20:24.000Z","volume":6500,"label":" ","price":9.54},{"type":"U","date":"2018-03-29T02:20:25.000Z","volume":1500,"label":"X","price":9.525},{"type":"U","date":"2018-03-29T02:20:25.000Z","volume":1000,"label":"X","price":9.51},{"type":"B","date":"2018-03-29T02:20:25.000Z","volume":2500,"label":"Y","price":9.51},{"type":"B","date":"2018-03-29T02:20:25.000Z","volume":500,"label":" ","price":9.51},{"type":"U","date":"2018-03-29T02:20:25.000Z","volume":500,"label":"X","price":9.51},{"type":"U","date":"2018-03-29T02:20:26.000Z","volume":1500,"label":"X","price":9.53},{"type":"A","date":"2018-03-29T02:20:26.000Z","volume":4500,"label":" ","price":9.54},{"type":"A","date":"2018-03-29T02:20:29.000Z","volume":3500,"label":" ","price":9.54},{"type":"A","date":"2018-03-29T02:20:30.000Z","volume":2500,"label":" ","price":9.54},{"type":"A","date":"2018-03-29T02:20:36.000Z","volume":1000,"label":" ","price":9.54},{"type":"A","date":"2018-03-29T02:20:36.000Z","volume":500,"label":" ","price":9.54},{"type":"A","date":"2018-03-29T02:21:03.000Z","volume":500,"label":" ","price":9.54},{"type":"A","date":"2018-03-29T02:21:05.000Z","volume":4000,"label":" ","price":9.54},{"type":"B","date":"2018-03-29T02:21:37.000Z","volume":50000,"label":" ","price":9.53},{"type":"B","date":"2018-03-29T02:21:37.000Z","volume":25500,"label":" ","price":9.53},{"type":"B","date":"2018-03-29T02:21:37.000Z","volume":5000,"label":" ","price":9.53},{"type":"A","date":"2018-03-29T02:21:39.000Z","volume":5500,"label":"Y","price":9.53},{"type":"B","date":"2018-03-29T02:22:19.000Z","volume":1500,"label":" ","price":9.52},{"type":"A","date":"2018-03-29T02:23:23.000Z","volume":500,"label":" ","price":9.53},{"type":"A","date":"2018-03-29T02:23:58.000Z","volume":2000,"label":" ","price":9.53},{"type":"A","date":"2018-03-29T02:24:50.000Z","volume":2000,"label":" ","price":9.53},{"type":"B","date":"2018-03-29T02:25:01.000Z","volume":500,"label":" ","price":9.52},{"type":"A","date":"2018-03-29T02:25:29.000Z","volume":2000,"label":" ","price":9.53},{"type":"A","date":"2018-03-29T02:26:07.000Z","volume":500,"label":" ","price":9.53},{"type":"A","date":"2018-03-29T02:26:18.000Z","volume":500,"label":" ","price":9.53},{"type":"A","date":"2018-03-29T02:26:21.000Z","volume":2000,"label":" ","price":9.53},{"type":"A","date":"2018-03-29T02:26:23.000Z","volume":500,"label":" ","price":9.53},{"type":"A","date":"2018-03-29T02:26:53.000Z","volume":500,"label":" ","price":9.53},{"type":"B","date":"2018-03-29T02:27:03.000Z","volume":37500,"label":" ","price":9.52},{"type":"B","date":"2018-03-29T02:27:03.000Z","volume":500,"label":" ","price":9.52},{"type":"B","date":"2018-03-29T02:27:03.000Z","volume":10500,"label":" ","price":9.51},{"type":"B","date":"2018-03-29T02:27:03.000Z","volume":15000,"label":" ","price":9.5},{"type":"A","date":"2018-03-29T02:27:03.000Z","volume":1500,"label":" ","price":9.52},{"type":"B","date":"2018-03-29T02:27:03.000Z","volume":58000,"label":" ","price":9.5},{"type":"U","date":"2018-03-29T02:27:03.000Z","volume":500,"label":"X","price":9.51},{"type":"B","date":"2018-03-29T02:27:05.000Z","volume":10000,"label":" ","price":9.5},{"type":"B","date":"2018-03-29T02:27:05.000Z","volume":31500,"label":" ","price":9.5},{"type":"B","date":"2018-03-29T02:27:06.000Z","volume":9500,"label":" ","price":9.5},{"type":"B","date":"2018-03-29T02:27:06.000Z","volume":57000,"label":" ","price":9.5},{"type":"B","date":"2018-03-29T02:27:07.000Z","volume":14000,"label":" ","price":9.5},{"type":"B","date":"2018-03-29T02:27:07.000Z","volume":1500,"label":"Y","price":9.5},{"type":"B","date":"2018-03-29T02:27:07.000Z","volume":43000,"label":" ","price":9.5},{"type":"B","date":"2018-03-29T02:27:08.000Z","volume":9000,"label":" ","price":9.5},{"type":"B","date":"2018-03-29T02:27:08.000Z","volume":2500,"label":" ","price":9.5},{"type":"U","date":"2018-03-29T02:27:08.000Z","volume":4000,"label":"X","price":9.5},{"type":"B","date":"2018-03-29T02:27:18.000Z","volume":4000,"label":" ","price":9.5},{"type":"B","date":"2018-03-29T02:27:19.000Z","volume":32000,"label":" ","price":9.5},{"type":"B","date":"2018-03-29T02:27:19.000Z","volume":10500,"label":" ","price":9.5},{"type":"B","date":"2018-03-29T02:27:19.000Z","volume":500,"label":" ","price":9.49},{"type":"U","date":"2018-03-29T02:27:19.000Z","volume":1000,"label":"X","price":9.505},{"type":"B","date":"2018-03-29T02:27:19.000Z","volume":1500,"label":" ","price":9.5},{"type":"B","date":"2018-03-29T02:27:19.000Z","volume":26000,"label":" ","price":9.5},{"type":"B","date":"2018-03-29T02:27:19.000Z","volume":3500,"label":" ","price":9.49},{"type":"B","date":"2018-03-29T02:27:20.000Z","volume":17000,"label":" ","price":9.5},{"type":"B","date":"2018-03-29T02:27:20.000Z","volume":13000,"label":" ","price":9.5},{"type":"B","date":"2018-03-29T02:27:21.000Z","volume":3500,"label":" ","price":9.5},{"type":"U","date":"2018-03-29T02:27:21.000Z","volume":1000,"label":"X","price":9.505},{"type":"B","date":"2018-03-29T02:27:23.000Z","volume":3000,"label":" ","price":9.5},{"type":"B","date":"2018-03-29T02:27:34.000Z","volume":500,"label":" ","price":9.5},{"type":"B","date":"2018-03-29T02:28:06.000Z","volume":5000,"label":" ","price":9.5},{"type":"B","date":"2018-03-29T02:28:57.000Z","volume":500,"label":" ","price":9.5},{"type":"U","date":"2018-03-29T02:28:59.000Z","volume":1000,"label":"X","price":9.505},{"type":"B","date":"2018-03-29T02:28:59.000Z","volume":1500,"label":" ","price":9.5},{"type":"B","date":"2018-03-29T02:29:09.000Z","volume":5000,"label":"Y","price":9.5},{"type":"B","date":"2018-03-29T02:29:09.000Z","volume":3000,"label":" ","price":9.5},{"type":"A","date":"2018-03-29T02:29:17.000Z","volume":500,"label":" ","price":9.51},{"type":"B","date":"2018-03-29T02:29:40.000Z","volume":1000,"label":"Y","price":9.5},{"type":"U","date":"2018-03-29T02:29:41.000Z","volume":1500,"label":"X","price":9.505},{"type":"B","date":"2018-03-29T02:29:41.000Z","volume":1000,"label":" ","price":9.5},{"type":"B","date":"2018-03-29T02:29:53.000Z","volume":29000,"label":" ","price":9.5},{"type":"A","date":"2018-03-29T02:29:53.000Z","volume":5500,"label":" ","price":9.5},{"type":"A","date":"2018-03-29T02:29:53.000Z","volume":500,"label":" ","price":9.5},{"type":"A","date":"2018-03-29T02:29:53.000Z","volume":17500,"label":" ","price":9.5},{"type":"A","date":"2018-03-29T02:29:53.000Z","volume":3000,"label":" ","price":9.5},{"type":"B","date":"2018-03-29T02:30:11.000Z","volume":6000,"label":" ","price":9.46},{"type":"B","date":"2018-03-29T02:30:50.000Z","volume":2000,"label":" ","price":9.46},{"type":"A","date":"2018-03-29T02:30:50.000Z","volume":11000,"label":" ","price":9.48},{"type":"U","date":"2018-03-29T02:30:51.000Z","volume":1500,"label":"X","price":9.47},{"type":"B","date":"2018-03-29T02:30:51.000Z","volume":2000,"label":" ","price":9.46},{"type":"U","date":"2018-03-29T02:30:56.000Z","volume":500,"label":"X","price":9.47},{"type":"A","date":"2018-03-29T02:31:04.000Z","volume":20000,"label":" ","price":9.48},{"type":"A","date":"2018-03-29T02:31:04.000Z","volume":26500,"label":" ","price":9.48},{"type":"A","date":"2018-03-29T02:31:05.000Z","volume":4500,"label":" ","price":9.48},{"type":"A","date":"2018-03-29T02:31:05.000Z","volume":3500,"label":" ","price":9.48},{"type":"U","date":"2018-03-29T02:31:22.000Z","volume":3500,"label":"X","price":9.485},{"type":"A","date":"2018-03-29T02:31:22.000Z","volume":49000,"label":" ","price":9.49},{"type":"A","date":"2018-03-29T02:31:22.000Z","volume":25000,"label":" ","price":9.5},{"type":"A","date":"2018-03-29T02:31:22.000Z","volume":122500,"label":" ","price":9.5},{"type":"A","date":"2018-03-29T02:31:22.000Z","volume":29000,"label":" ","price":9.51},{"type":"A","date":"2018-03-29T02:31:22.000Z","volume":6000,"label":" ","price":9.52},{"type":"U","date":"2018-03-29T02:31:22.000Z","volume":13500,"label":" ","price":9.5},{"type":"U","date":"2018-03-29T02:31:22.000Z","volume":12000,"label":" ","price":9.5},{"type":"U","date":"2018-03-29T02:31:22.000Z","volume":62000,"label":" ","price":9.51},{"type":"B","date":"2018-03-29T02:31:23.000Z","volume":7500,"label":" ","price":9.5},{"type":"B","date":"2018-03-29T02:31:26.000Z","volume":13000,"label":" ","price":9.5},{"type":"B","date":"2018-03-29T02:31:26.000Z","volume":2500,"label":" ","price":9.5},{"type":"B","date":"2018-03-29T02:31:26.000Z","volume":9000,"label":" ","price":9.5},{"type":"A","date":"2018-03-29T02:31:57.000Z","volume":11000,"label":" ","price":9.51},{"type":"A","date":"2018-03-29T02:32:00.000Z","volume":20000,"label":" ","price":9.51},{"type":"A","date":"2018-03-29T02:33:30.000Z","volume":2500,"label":" ","price":9.51},{"type":"B","date":"2018-03-29T02:33:31.000Z","volume":27000,"label":" ","price":9.5},{"type":"B","date":"2018-03-29T02:33:59.000Z","volume":2000,"label":"Y","price":9.5},{"type":"B","date":"2018-03-29T02:33:59.000Z","volume":2000,"label":" ","price":9.5},{"type":"U","date":"2018-03-29T02:33:59.000Z","volume":1500,"label":"X","price":9.505},{"type":"U","date":"2018-03-29T02:34:02.000Z","volume":6000,"label":"X","price":9.505},{"type":"A","date":"2018-03-29T02:34:36.000Z","volume":500,"label":" ","price":9.51},{"type":"A","date":"2018-03-29T02:36:04.000Z","volume":6000,"label":" ","price":9.51},{"type":"A","date":"2018-03-29T02:36:58.000Z","volume":2000,"label":" ","price":9.51},{"type":"U","date":"2018-03-29T02:37:10.000Z","volume":500,"label":"X","price":9.505},{"type":"A","date":"2018-03-29T02:37:18.000Z","volume":500,"label":" ","price":9.51},{"type":"A","date":"2018-03-29T02:37:18.000Z","volume":9000,"label":" ","price":9.51},{"type":"A","date":"2018-03-29T02:37:18.000Z","volume":75500,"label":" ","price":9.51},{"type":"B","date":"2018-03-29T02:37:19.000Z","volume":5000,"label":" ","price":9.51},{"type":"U","date":"2018-03-29T02:37:19.000Z","volume":1500,"label":"X","price":9.51},{"type":"A","date":"2018-03-29T02:37:24.000Z","volume":2500,"label":" ","price":9.52},{"type":"A","date":"2018-03-29T02:38:00.000Z","volume":2500,"label":" ","price":9.52},{"type":"A","date":"2018-03-29T02:38:35.000Z","volume":1000,"label":" ","price":9.52},{"type":"A","date":"2018-03-29T02:39:00.000Z","volume":500,"label":" ","price":9.52},{"type":"A","date":"2018-03-29T02:39:20.000Z","volume":500,"label":" ","price":9.52},{"type":"A","date":"2018-03-29T02:39:26.000Z","volume":1000,"label":" ","price":9.52},{"type":"A","date":"2018-03-29T02:39:34.000Z","volume":2000,"label":" ","price":9.52},{"type":"A","date":"2018-03-29T02:39:34.000Z","volume":3000,"label":" ","price":9.52},{"type":"A","date":"2018-03-29T02:39:40.000Z","volume":500,"label":" ","price":9.52},{"type":"A","date":"2018-03-29T02:40:00.000Z","volume":500,"label":" ","price":9.52},{"type":"A","date":"2018-03-29T02:40:00.000Z","volume":97500,"label":" ","price":9.52},{"type":"A","date":"2018-03-29T02:40:00.000Z","volume":500,"label":" ","price":9.53},{"type":"A","date":"2018-03-29T02:40:00.000Z","volume":44500,"label":" ","price":9.53},{"type":"B","date":"2018-03-29T02:40:00.000Z","volume":500,"label":"Y","price":9.52},{"type":"B","date":"2018-03-29T02:40:00.000Z","volume":11500,"label":" ","price":9.52},{"type":"U","date":"2018-03-29T02:40:00.000Z","volume":41000,"label":" ","price":9.53},{"type":"U","date":"2018-03-29T02:40:00.000Z","volume":3000,"label":" ","price":9.53},{"type":"U","date":"2018-03-29T02:40:00.000Z","volume":500,"label":" ","price":9.53},{"type":"B","date":"2018-03-29T02:40:01.000Z","volume":20000,"label":" ","price":9.52},{"type":"B","date":"2018-03-29T02:40:01.000Z","volume":3500,"label":" ","price":9.52},{"type":"B","date":"2018-03-29T02:40:03.000Z","volume":10500,"label":" ","price":9.52},{"type":"U","date":"2018-03-29T02:40:03.000Z","volume":8000,"label":" ","price":9.52},{"type":"B","date":"2018-03-29T02:40:04.000Z","volume":11000,"label":" ","price":9.51},{"type":"B","date":"2018-03-29T02:40:04.000Z","volume":3500,"label":" ","price":9.51},{"type":"U","date":"2018-03-29T02:40:04.000Z","volume":1000,"label":"X","price":9.51},{"type":"B","date":"2018-03-29T02:40:08.000Z","volume":5000,"label":" ","price":9.5},{"type":"U","date":"2018-03-29T02:40:08.000Z","volume":5000,"label":"X","price":9.51},{"type":"A","date":"2018-03-29T02:41:31.000Z","volume":2000,"label":" ","price":9.53},{"type":"B","date":"2018-03-29T02:42:17.000Z","volume":30500,"label":" ","price":9.51},{"type":"B","date":"2018-03-29T02:42:17.000Z","volume":500,"label":" ","price":9.51},{"type":"B","date":"2018-03-29T02:42:17.000Z","volume":1000,"label":" ","price":9.51},{"type":"B","date":"2018-03-29T02:42:17.000Z","volume":11000,"label":" ","price":9.5},{"type":"U","date":"2018-03-29T02:42:18.000Z","volume":10000,"label":" ","price":9.5},{"type":"B","date":"2018-03-29T02:42:18.000Z","volume":10000,"label":" ","price":9.5},{"type":"A","date":"2018-03-29T02:42:21.000Z","volume":500,"label":" ","price":9.52},{"type":"B","date":"2018-03-29T02:42:59.000Z","volume":20500,"label":" ","price":9.5},{"type":"B","date":"2018-03-29T02:43:28.000Z","volume":16500,"label":" ","price":9.5},{"type":"B","date":"2018-03-29T02:43:29.000Z","volume":1000,"label":"Y","price":9.5},{"type":"B","date":"2018-03-29T02:43:29.000Z","volume":6000,"label":" ","price":9.5},{"type":"U","date":"2018-03-29T02:43:54.000Z","volume":2500,"label":" ","price":9.51},{"type":"A","date":"2018-03-29T02:43:57.000Z","volume":1000,"label":" ","price":9.52},{"type":"A","date":"2018-03-29T02:44:24.000Z","volume":10000,"label":" ","price":9.51},{"type":"A","date":"2018-03-29T02:44:34.000Z","volume":10000,"label":" ","price":9.51},{"type":"A","date":"2018-03-29T02:45:30.000Z","volume":2500,"label":" ","price":9.51},{"type":"B","date":"2018-03-29T02:45:38.000Z","volume":500,"label":" ","price":9.5},{"type":"A","date":"2018-03-29T02:46:00.000Z","volume":2500,"label":" ","price":9.51},{"type":"A","date":"2018-03-29T02:46:56.000Z","volume":2000,"label":" ","price":9.51},{"type":"A","date":"2018-03-29T02:46:57.000Z","volume":13500,"label":" ","price":9.51},{"type":"A","date":"2018-03-29T02:47:00.000Z","volume":500,"label":" ","price":9.51},{"type":"A","date":"2018-03-29T02:47:30.000Z","volume":500,"label":" ","price":9.51},{"type":"A","date":"2018-03-29T02:47:30.000Z","volume":4500,"label":" ","price":9.51},{"type":"B","date":"2018-03-29T02:47:32.000Z","volume":4500,"label":" ","price":9.5},{"type":"A","date":"2018-03-29T02:48:08.000Z","volume":1000,"label":" ","price":9.51},{"type":"U","date":"2018-03-29T02:48:30.000Z","volume":500,"label":"X","price":9.505},{"type":"U","date":"2018-03-29T02:48:30.000Z","volume":500,"label":"X","price":9.505},{"type":"A","date":"2018-03-29T02:48:31.000Z","volume":500,"label":" ","price":9.51},{"type":"A","date":"2018-03-29T02:48:31.000Z","volume":3500,"label":" ","price":9.51},{"type":"A","date":"2018-03-29T02:48:35.000Z","volume":500,"label":" ","price":9.51},{"type":"A","date":"2018-03-29T02:48:40.000Z","volume":500,"label":" ","price":9.51},{"type":"U","date":"2018-03-29T02:48:50.000Z","volume":2500,"label":"X","price":9.505},{"type":"A","date":"2018-03-29T02:49:05.000Z","volume":500,"label":" ","price":9.51},{"type":"A","date":"2018-03-29T02:49:23.000Z","volume":8000,"label":" ","price":9.51},{"type":"A","date":"2018-03-29T02:49:24.000Z","volume":500,"label":" ","price":9.51},{"type":"U","date":"2018-03-29T02:49:25.000Z","volume":500,"label":"X","price":9.505},{"type":"U","date":"2018-03-29T02:49:25.000Z","volume":1000,"label":"X","price":9.505},{"type":"U","date":"2018-03-29T02:49:25.000Z","volume":2500,"label":"X","price":9.5},{"type":"A","date":"2018-03-29T02:49:33.000Z","volume":500,"label":" ","price":9.51},{"type":"A","date":"2018-03-29T02:49:45.000Z","volume":500,"label":" ","price":9.51},{"type":"A","date":"2018-03-29T02:49:45.000Z","volume":3500,"label":" ","price":9.51},{"type":"A","date":"2018-03-29T02:49:45.000Z","volume":2000,"label":" ","price":9.51},{"type":"U","date":"2018-03-29T02:49:47.000Z","volume":2500,"label":"X","price":9.5},{"type":"A","date":"2018-03-29T02:50:00.000Z","volume":500,"label":" ","price":9.51},{"type":"A","date":"2018-03-29T02:50:05.000Z","volume":500,"label":" ","price":9.51},{"type":"A","date":"2018-03-29T02:50:08.000Z","volume":10000,"label":" ","price":9.51},{"type":"U","date":"2018-03-29T02:50:09.000Z","volume":3000,"label":"X","price":9.5},{"type":"B","date":"2018-03-29T02:50:09.000Z","volume":500,"label":" ","price":9.5},{"type":"A","date":"2018-03-29T02:50:09.000Z","volume":500,"label":" ","price":9.51},{"type":"U","date":"2018-03-29T02:50:15.000Z","volume":500,"label":"X","price":9.51},{"type":"A","date":"2018-03-29T02:50:16.000Z","volume":500,"label":" ","price":9.51},{"type":"A","date":"2018-03-29T02:50:22.000Z","volume":80000,"label":" ","price":9.51},{"type":"A","date":"2018-03-29T02:50:22.000Z","volume":48000,"label":" ","price":9.51},{"type":"B","date":"2018-03-29T02:50:23.000Z","volume":5500,"label":" ","price":9.5},{"type":"A","date":"2018-03-29T02:50:24.000Z","volume":2000,"label":" ","price":9.52},{"type":"U","date":"2018-03-29T02:50:34.000Z","volume":2000,"label":" ","price":9.51},{"type":"A","date":"2018-03-29T02:50:42.000Z","volume":500,"label":" ","price":9.51},{"type":"A","date":"2018-03-29T02:51:00.000Z","volume":500,"label":" ","price":9.51},{"type":"A","date":"2018-03-29T02:51:00.000Z","volume":500,"label":" ","price":9.51},{"type":"A","date":"2018-03-29T02:51:16.000Z","volume":2500,"label":" ","price":9.51},{"type":"A","date":"2018-03-29T02:51:25.000Z","volume":500,"label":" ","price":9.51},{"type":"A","date":"2018-03-29T02:51:36.000Z","volume":4000,"label":" ","price":9.51},{"type":"U","date":"2018-03-29T02:51:41.000Z","volume":1000,"label":"X","price":9.51},{"type":"A","date":"2018-03-29T02:51:42.000Z","volume":2500,"label":" ","price":9.51},{"type":"U","date":"2018-03-29T02:51:43.000Z","volume":1500,"label":"X","price":9.505},{"type":"B","date":"2018-03-29T02:51:43.000Z","volume":1000,"label":" ","price":9.5},{"type":"A","date":"2018-03-29T02:51:49.000Z","volume":500,"label":" ","price":9.51},{"type":"A","date":"2018-03-29T02:51:58.000Z","volume":500,"label":" ","price":9.51},{"type":"A","date":"2018-03-29T02:52:05.000Z","volume":27000,"label":" ","price":9.51},{"type":"A","date":"2018-03-29T02:52:08.000Z","volume":500,"label":" ","price":9.51},{"type":"A","date":"2018-03-29T02:52:23.000Z","volume":1000,"label":" ","price":9.51},{"type":"A","date":"2018-03-29T02:52:32.000Z","volume":500,"label":" ","price":9.51},{"type":"A","date":"2018-03-29T02:52:34.000Z","volume":2000,"label":" ","price":9.51},{"type":"A","date":"2018-03-29T02:52:40.000Z","volume":500,"label":" ","price":9.51},{"type":"A","date":"2018-03-29T02:52:55.000Z","volume":54500,"label":" ","price":9.51},{"type":"A","date":"2018-03-29T02:52:55.000Z","volume":7500,"label":" ","price":9.51},{"type":"A","date":"2018-03-29T02:52:55.000Z","volume":500,"label":" ","price":9.51},{"type":"B","date":"2018-03-29T02:52:55.000Z","volume":9000,"label":" ","price":9.5},{"type":"B","date":"2018-03-29T02:52:56.000Z","volume":4000,"label":" ","price":9.5},{"type":"B","date":"2018-03-29T02:52:57.000Z","volume":3500,"label":" ","price":9.5},{"type":"U","date":"2018-03-29T02:52:59.000Z","volume":5500,"label":"X","price":9.51},{"type":"A","date":"2018-03-29T02:52:59.000Z","volume":4500,"label":" ","price":9.51},{"type":"A","date":"2018-03-29T02:53:08.000Z","volume":500,"label":" ","price":9.51},{"type":"A","date":"2018-03-29T02:53:12.000Z","volume":500,"label":" ","price":9.51},{"type":"U","date":"2018-03-29T02:53:25.000Z","volume":500,"label":"X","price":9.505},{"type":"A","date":"2018-03-29T02:53:27.000Z","volume":1000,"label":" ","price":9.51},{"type":"U","date":"2018-03-29T02:53:28.000Z","volume":1500,"label":"X","price":9.505},{"type":"U","date":"2018-03-29T02:53:29.000Z","volume":3500,"label":"X","price":9.505},{"type":"A","date":"2018-03-29T02:53:35.000Z","volume":500,"label":" ","price":9.51},{"type":"A","date":"2018-03-29T02:53:48.000Z","volume":1000,"label":" ","price":9.51},{"type":"A","date":"2018-03-29T02:53:53.000Z","volume":500,"label":" ","price":9.51},{"type":"A","date":"2018-03-29T02:53:54.000Z","volume":500,"label":" ","price":9.51},{"type":"A","date":"2018-03-29T02:54:02.000Z","volume":3500,"label":" ","price":9.51},{"type":"A","date":"2018-03-29T02:54:05.000Z","volume":2000,"label":" ","price":9.51},{"type":"A","date":"2018-03-29T02:54:15.000Z","volume":500,"label":" ","price":9.51},{"type":"U","date":"2018-03-29T02:54:31.000Z","volume":2000,"label":"X","price":9.51},{"type":"A","date":"2018-03-29T02:54:37.000Z","volume":500,"label":" ","price":9.51},{"type":"A","date":"2018-03-29T02:54:48.000Z","volume":500,"label":" ","price":9.51},{"type":"U","date":"2018-03-29T02:54:50.000Z","volume":1000,"label":"X","price":9.505},{"type":"U","date":"2018-03-29T02:54:54.000Z","volume":1500,"label":"X","price":9.505},{"type":"A","date":"2018-03-29T02:54:57.000Z","volume":2000,"label":" ","price":9.51},{"type":"A","date":"2018-03-29T02:55:00.000Z","volume":500,"label":" ","price":9.51},{"type":"A","date":"2018-03-29T02:55:16.000Z","volume":59500,"label":" ","price":9.51},{"type":"A","date":"2018-03-29T02:55:16.000Z","volume":1000,"label":" ","price":9.51},{"type":"A","date":"2018-03-29T02:55:16.000Z","volume":500,"label":" ","price":9.51},{"type":"A","date":"2018-03-29T02:55:16.000Z","volume":500,"label":" ","price":9.51},{"type":"U","date":"2018-03-29T02:55:29.000Z","volume":2500,"label":"X","price":9.505},{"type":"A","date":"2018-03-29T02:55:29.000Z","volume":500,"label":" ","price":9.51},{"type":"A","date":"2018-03-29T02:55:35.000Z","volume":500,"label":" ","price":9.51},{"type":"A","date":"2018-03-29T02:55:49.000Z","volume":2500,"label":" ","price":9.51},{"type":"A","date":"2018-03-29T02:55:55.000Z","volume":1000,"label":" ","price":9.51},{"type":"A","date":"2018-03-29T02:56:08.000Z","volume":500,"label":" ","price":9.51},{"type":"A","date":"2018-03-29T02:56:12.000Z","volume":1000,"label":" ","price":9.51},{"type":"A","date":"2018-03-29T02:56:12.000Z","volume":500,"label":" ","price":9.51},{"type":"B","date":"2018-03-29T02:56:25.000Z","volume":2000,"label":" ","price":9.5},{"type":"A","date":"2018-03-29T02:56:34.000Z","volume":500,"label":" ","price":9.51},{"type":"A","date":"2018-03-29T02:56:37.000Z","volume":9500,"label":" ","price":9.51},{"type":"A","date":"2018-03-29T02:56:37.000Z","volume":500,"label":" ","price":9.51},{"type":"A","date":"2018-03-29T02:56:48.000Z","volume":4500,"label":" ","price":9.51},{"type":"U","date":"2018-03-29T02:56:48.000Z","volume":1500,"label":"X","price":9.505},{"type":"A","date":"2018-03-29T02:56:53.000Z","volume":500,"label":" ","price":9.51},{"type":"A","date":"2018-03-29T02:56:53.000Z","volume":500,"label":" ","price":9.51},{"type":"A","date":"2018-03-29T02:56:54.000Z","volume":2500,"label":" ","price":9.51},{"type":"A","date":"2018-03-29T02:56:57.000Z","volume":40500,"label":" ","price":9.51},{"type":"A","date":"2018-03-29T02:57:13.000Z","volume":10000,"label":" ","price":9.51},{"type":"A","date":"2018-03-29T02:57:15.000Z","volume":500,"label":" ","price":9.51},{"type":"A","date":"2018-03-29T02:57:20.000Z","volume":82000,"label":" ","price":9.51},{"type":"U","date":"2018-03-29T02:57:21.000Z","volume":2500,"label":"X","price":9.51},{"type":"U","date":"2018-03-29T02:57:33.000Z","volume":500,"label":"X","price":9.51},{"type":"B","date":"2018-03-29T02:57:45.000Z","volume":119500,"label":" ","price":9.5},{"type":"B","date":"2018-03-29T02:57:45.000Z","volume":500,"label":" ","price":9.5},{"type":"B","date":"2018-03-29T02:57:45.000Z","volume":24000,"label":" ","price":9.5},{"type":"B","date":"2018-03-29T02:57:45.000Z","volume":1000,"label":" ","price":9.5},{"type":"B","date":"2018-03-29T02:57:45.000Z","volume":10500,"label":" ","price":9.49},{"type":"B","date":"2018-03-29T02:57:45.000Z","volume":9000,"label":" ","price":9.5},{"type":"B","date":"2018-03-29T02:57:45.000Z","volume":11000,"label":" ","price":9.5},{"type":"B","date":"2018-03-29T02:57:45.000Z","volume":1000,"label":" ","price":9.5},{"type":"U","date":"2018-03-29T02:57:45.000Z","volume":1500,"label":"X","price":9.5},{"type":"B","date":"2018-03-29T02:57:45.000Z","volume":24500,"label":" ","price":9.48},{"type":"B","date":"2018-03-29T02:57:45.000Z","volume":2000,"label":" ","price":9.5},{"type":"B","date":"2018-03-29T02:57:45.000Z","volume":21500,"label":" ","price":9.5},{"type":"U","date":"2018-03-29T02:57:45.000Z","volume":2000,"label":" ","price":9.5},{"type":"B","date":"2018-03-29T02:57:45.000Z","volume":1500,"label":" ","price":9.47},{"type":"B","date":"2018-03-29T02:57:45.000Z","volume":21500,"label":" ","price":9.46},{"type":"U","date":"2018-03-29T02:57:45.000Z","volume":6000,"label":" ","price":9.49},{"type":"U","date":"2018-03-29T02:57:45.000Z","volume":5500,"label":" ","price":9.5},{"type":"B","date":"2018-03-29T02:57:45.000Z","volume":27000,"label":" ","price":9.45},{"type":"B","date":"2018-03-29T02:57:45.000Z","volume":13000,"label":" ","price":9.45},{"type":"B","date":"2018-03-29T02:57:45.000Z","volume":500,"label":" ","price":9.43},{"type":"A","date":"2018-03-29T02:57:45.000Z","volume":1500,"label":"Y","price":9.46},{"type":"U","date":"2018-03-29T02:57:45.000Z","volume":1000,"label":" ","price":9.44},{"type":"A","date":"2018-03-29T02:57:52.000Z","volume":1000,"label":" ","price":9.46},{"type":"A","date":"2018-03-29T02:58:15.000Z","volume":1000,"label":" ","price":9.46},{"type":"A","date":"2018-03-29T02:58:36.000Z","volume":500,"label":" ","price":9.46},{"type":"B","date":"2018-03-29T02:59:02.000Z","volume":1500,"label":" ","price":9.45},{"type":"U","date":"2018-03-29T02:59:19.000Z","volume":500,"label":"X","price":9.455},{"type":"A","date":"2018-03-29T02:59:30.000Z","volume":2500,"label":" ","price":9.46},{"type":"A","date":"2018-03-29T03:00:05.000Z","volume":5000,"label":" ","price":9.46},{"type":"A","date":"2018-03-29T03:00:22.000Z","volume":3000,"label":" ","price":9.46},{"type":"B","date":"2018-03-29T03:00:37.000Z","volume":500,"label":" ","price":9.45},{"type":"A","date":"2018-03-29T03:01:00.000Z","volume":3000,"label":" ","price":9.46},{"type":"A","date":"2018-03-29T03:01:31.000Z","volume":2000,"label":" ","price":9.46},{"type":"U","date":"2018-03-29T03:01:33.000Z","volume":1000,"label":"X","price":9.455},{"type":"U","date":"2018-03-29T03:01:34.000Z","volume":3000,"label":"X","price":9.455},{"type":"A","date":"2018-03-29T03:01:53.000Z","volume":2500,"label":" ","price":9.46},{"type":"B","date":"2018-03-29T03:02:02.000Z","volume":1000,"label":" ","price":9.45},{"type":"B","date":"2018-03-29T03:02:20.000Z","volume":500,"label":" ","price":9.45},{"type":"A","date":"2018-03-29T03:02:24.000Z","volume":20000,"label":" ","price":9.46},{"type":"U","date":"2018-03-29T03:02:25.000Z","volume":3500,"label":"X","price":9.45},{"type":"A","date":"2018-03-29T03:02:26.000Z","volume":500,"label":" ","price":9.46},{"type":"A","date":"2018-03-29T03:02:26.000Z","volume":4500,"label":"Y","price":9.46},{"type":"A","date":"2018-03-29T03:02:26.000Z","volume":2500,"label":" ","price":9.46},{"type":"U","date":"2018-03-29T03:02:27.000Z","volume":3500,"label":"X","price":9.45},{"type":"U","date":"2018-03-29T03:02:37.000Z","volume":1000,"label":"X","price":9.455},{"type":"U","date":"2018-03-29T03:02:37.000Z","volume":1500,"label":"X","price":9.455},{"type":"A","date":"2018-03-29T03:03:28.000Z","volume":2500,"label":" ","price":9.46},{"type":"U","date":"2018-03-29T03:03:30.000Z","volume":500,"label":"X","price":9.46},{"type":"A","date":"2018-03-29T03:03:33.000Z","volume":500,"label":" ","price":9.46},{"type":"U","date":"2018-03-29T03:03:33.000Z","volume":500,"label":"X","price":9.455},{"type":"U","date":"2018-03-29T03:03:33.000Z","volume":1000,"label":"X","price":9.455},{"type":"U","date":"2018-03-29T03:03:34.000Z","volume":3000,"label":"X","price":9.455},{"type":"A","date":"2018-03-29T03:03:37.000Z","volume":2500,"label":" ","price":9.46},{"type":"A","date":"2018-03-29T03:03:46.000Z","volume":500,"label":" ","price":9.46},{"type":"A","date":"2018-03-29T03:03:46.000Z","volume":500,"label":" ","price":9.46},{"type":"A","date":"2018-03-29T03:03:50.000Z","volume":1000,"label":" ","price":9.46},{"type":"A","date":"2018-03-29T03:03:59.000Z","volume":2000,"label":" ","price":9.46},{"type":"A","date":"2018-03-29T03:04:08.000Z","volume":1000,"label":" ","price":9.46},{"type":"B","date":"2018-03-29T03:04:13.000Z","volume":40000,"label":" ","price":9.45},{"type":"B","date":"2018-03-29T03:04:13.000Z","volume":13000,"label":" ","price":9.45},{"type":"U","date":"2018-03-29T03:04:13.000Z","volume":500,"label":" ","price":9.45},{"type":"B","date":"2018-03-29T03:04:13.000Z","volume":16500,"label":" ","price":9.44},{"type":"B","date":"2018-03-29T03:04:13.000Z","volume":500,"label":" ","price":9.44},{"type":"B","date":"2018-03-29T03:04:13.000Z","volume":500,"label":" ","price":9.43},{"type":"B","date":"2018-03-29T03:04:13.000Z","volume":25000,"label":" ","price":9.43},{"type":"A","date":"2018-03-29T03:04:13.000Z","volume":2000,"label":" ","price":9.45},{"type":"B","date":"2018-03-29T03:04:15.000Z","volume":2500,"label":" ","price":9.42},{"type":"U","date":"2018-03-29T03:04:15.000Z","volume":6500,"label":"X","price":9.42},{"type":"U","date":"2018-03-29T03:04:15.000Z","volume":5000,"label":"X","price":9.42},{"type":"B","date":"2018-03-29T03:04:15.000Z","volume":1500,"label":" ","price":9.41},{"type":"B","date":"2018-03-29T03:04:15.000Z","volume":17000,"label":" ","price":9.41},{"type":"U","date":"2018-03-29T03:04:18.000Z","volume":1500,"label":"X","price":9.4},{"type":"B","date":"2018-03-29T03:04:18.000Z","volume":3500,"label":" ","price":9.4},{"type":"U","date":"2018-03-29T03:04:18.000Z","volume":6000,"label":"X","price":9.4},{"type":"U","date":"2018-03-29T03:04:29.000Z","volume":2000,"label":" ","price":9.42},{"type":"B","date":"2018-03-29T03:04:37.000Z","volume":1000,"label":" ","price":9.4},{"type":"A","date":"2018-03-29T03:06:26.000Z","volume":2500,"label":" ","price":9.44},{"type":"B","date":"2018-03-29T03:06:29.000Z","volume":21000,"label":" ","price":9.43},{"type":"B","date":"2018-03-29T03:06:29.000Z","volume":7000,"label":" ","price":9.42},{"type":"A","date":"2018-03-29T03:06:29.000Z","volume":500,"label":" ","price":9.43},{"type":"B","date":"2018-03-29T03:06:30.000Z","volume":17500,"label":" ","price":9.41},{"type":"B","date":"2018-03-29T03:06:30.000Z","volume":1500,"label":" ","price":9.4},{"type":"B","date":"2018-03-29T03:06:30.000Z","volume":10000,"label":" ","price":9.4},{"type":"B","date":"2018-03-29T03:06:31.000Z","volume":7000,"label":" ","price":9.4},{"type":"B","date":"2018-03-29T03:06:34.000Z","volume":6500,"label":" ","price":9.4},{"type":"U","date":"2018-03-29T03:06:52.000Z","volume":500,"label":"X","price":9.405},{"type":"U","date":"2018-03-29T03:06:52.000Z","volume":500,"label":"X","price":9.405},{"type":"U","date":"2018-03-29T03:06:52.000Z","volume":1500,"label":"X","price":9.405},{"type":"B","date":"2018-03-29T03:06:53.000Z","volume":2000,"label":" ","price":9.4},{"type":"B","date":"2018-03-29T03:06:57.000Z","volume":1000,"label":"Y","price":9.4},{"type":"B","date":"2018-03-29T03:06:57.000Z","volume":2500,"label":" ","price":9.4},{"type":"B","date":"2018-03-29T03:06:57.000Z","volume":500,"label":" ","price":9.4},{"type":"B","date":"2018-03-29T03:06:59.000Z","volume":2500,"label":" ","price":9.4},{"type":"B","date":"2018-03-29T03:07:14.000Z","volume":500,"label":" ","price":9.39},{"type":"B","date":"2018-03-29T03:07:27.000Z","volume":3000,"label":" ","price":9.39},{"type":"B","date":"2018-03-29T03:07:40.000Z","volume":500,"label":"Y","price":9.39},{"type":"B","date":"2018-03-29T03:07:40.000Z","volume":2500,"label":" ","price":9.39},{"type":"U","date":"2018-03-29T03:07:41.000Z","volume":2500,"label":"X","price":9.39},{"type":"B","date":"2018-03-29T03:07:47.000Z","volume":9000,"label":" ","price":9.39},{"type":"U","date":"2018-03-29T03:07:49.000Z","volume":2500,"label":"X","price":9.38},{"type":"A","date":"2018-03-29T03:07:57.000Z","volume":1500,"label":" ","price":9.39},{"type":"B","date":"2018-03-29T03:08:34.000Z","volume":2000,"label":"Y","price":9.38},{"type":"B","date":"2018-03-29T03:08:34.000Z","volume":2000,"label":" ","price":9.38},{"type":"A","date":"2018-03-29T03:09:20.000Z","volume":2000,"label":" ","price":9.39},{"type":"A","date":"2018-03-29T03:09:26.000Z","volume":8000,"label":" ","price":9.39},{"type":"U","date":"2018-03-29T03:09:26.000Z","volume":500,"label":"X","price":9.385},{"type":"U","date":"2018-03-29T03:09:27.000Z","volume":1500,"label":"X","price":9.385},{"type":"U","date":"2018-03-29T03:09:27.000Z","volume":1000,"label":"X","price":9.38},{"type":"U","date":"2018-03-29T03:09:27.000Z","volume":500,"label":"X","price":9.38},{"type":"A","date":"2018-03-29T03:09:40.000Z","volume":2500,"label":" ","price":9.39},{"type":"A","date":"2018-03-29T03:09:40.000Z","volume":99000,"label":" ","price":9.39},{"type":"U","date":"2018-03-29T03:09:40.000Z","volume":1500,"label":"X","price":9.39},{"type":"A","date":"2018-03-29T03:09:40.000Z","volume":1500,"label":" ","price":9.39},{"type":"A","date":"2018-03-29T03:09:41.000Z","volume":7000,"label":" ","price":9.39},{"type":"A","date":"2018-03-29T03:09:41.000Z","volume":25000,"label":" ","price":9.4},{"type":"A","date":"2018-03-29T03:09:41.000Z","volume":17000,"label":" ","price":9.41},{"type":"A","date":"2018-03-29T03:09:43.000Z","volume":13000,"label":" ","price":9.42},{"type":"A","date":"2018-03-29T03:09:45.000Z","volume":25000,"label":" ","price":9.43},{"type":"A","date":"2018-03-29T03:09:45.000Z","volume":6500,"label":" ","price":9.43},{"type":"A","date":"2018-03-29T03:09:46.000Z","volume":8000,"label":" ","price":9.43},{"type":"B","date":"2018-03-29T03:09:47.000Z","volume":6500,"label":" ","price":9.42},{"type":"A","date":"2018-03-29T03:09:48.000Z","volume":1500,"label":" ","price":9.43},{"type":"B","date":"2018-03-29T03:09:48.000Z","volume":8000,"label":" ","price":9.42},{"type":"B","date":"2018-03-29T03:09:50.000Z","volume":9000,"label":" ","price":9.42},{"type":"B","date":"2018-03-29T03:09:51.000Z","volume":3000,"label":" ","price":9.41},{"type":"B","date":"2018-03-29T03:10:08.000Z","volume":10500,"label":" ","price":9.42},{"type":"B","date":"2018-03-29T03:10:09.000Z","volume":2500,"label":" ","price":9.41},{"type":"B","date":"2018-03-29T03:10:09.000Z","volume":500,"label":" ","price":9.41},{"type":"A","date":"2018-03-29T03:10:09.000Z","volume":1000,"label":" ","price":9.42},{"type":"B","date":"2018-03-29T03:10:22.000Z","volume":500,"label":" ","price":9.41},{"type":"A","date":"2018-03-29T03:10:31.000Z","volume":1500,"label":" ","price":9.42},{"type":"A","date":"2018-03-29T03:10:32.000Z","volume":500,"label":"Y","price":9.42},{"type":"A","date":"2018-03-29T03:10:32.000Z","volume":8000,"label":" ","price":9.42},{"type":"A","date":"2018-03-29T03:10:38.000Z","volume":15500,"label":" ","price":9.43},{"type":"U","date":"2018-03-29T03:10:38.000Z","volume":3500,"label":" ","price":9.43},{"type":"B","date":"2018-03-29T03:10:39.000Z","volume":1000,"label":" ","price":9.42},{"type":"B","date":"2018-03-29T03:10:39.000Z","volume":5000,"label":" ","price":9.42},{"type":"A","date":"2018-03-29T03:10:48.000Z","volume":9500,"label":" ","price":9.44},{"type":"A","date":"2018-03-29T03:10:48.000Z","volume":500,"label":" ","price":9.44},{"type":"U","date":"2018-03-29T03:11:16.000Z","volume":500,"label":"X","price":9.435},{"type":"U","date":"2018-03-29T03:11:16.000Z","volume":1000,"label":"X","price":9.435},{"type":"A","date":"2018-03-29T03:11:40.000Z","volume":500,"label":" ","price":9.45},{"type":"B","date":"2018-03-29T03:12:03.000Z","volume":1500,"label":" ","price":9.43},{"type":"A","date":"2018-03-29T03:12:07.000Z","volume":2000,"label":" ","price":9.45},{"type":"B","date":"2018-03-29T03:12:12.000Z","volume":500,"label":" ","price":9.44},{"type":"B","date":"2018-03-29T03:12:28.000Z","volume":10500,"label":" ","price":9.44},{"type":"U","date":"2018-03-29T03:12:28.000Z","volume":3000,"label":" ","price":9.44},{"type":"B","date":"2018-03-29T03:12:28.000Z","volume":2000,"label":" ","price":9.43},{"type":"A","date":"2018-03-29T03:12:28.000Z","volume":1500,"label":" ","price":9.44},{"type":"B","date":"2018-03-29T03:12:28.000Z","volume":6000,"label":" ","price":9.43},{"type":"B","date":"2018-03-29T03:12:29.000Z","volume":1000,"label":" ","price":9.43},{"type":"B","date":"2018-03-29T03:12:30.000Z","volume":2000,"label":" ","price":9.43},{"type":"A","date":"2018-03-29T03:13:04.000Z","volume":500,"label":" ","price":9.44},{"type":"B","date":"2018-03-29T03:13:18.000Z","volume":10000,"label":" ","price":9.43},{"type":"U","date":"2018-03-29T03:13:19.000Z","volume":1500,"label":"X","price":9.435},{"type":"B","date":"2018-03-29T03:13:19.000Z","volume":1000,"label":" ","price":9.43},{"type":"U","date":"2018-03-29T03:13:21.000Z","volume":2000,"label":"X","price":9.435},{"type":"A","date":"2018-03-29T03:13:51.000Z","volume":2000,"label":"Y","price":9.44},{"type":"A","date":"2018-03-29T03:13:51.000Z","volume":8000,"label":" ","price":9.44},{"type":"A","date":"2018-03-29T03:14:26.000Z","volume":20000,"label":" ","price":9.44},{"type":"A","date":"2018-03-29T03:14:26.000Z","volume":17000,"label":" ","price":9.44},{"type":"A","date":"2018-03-29T03:14:35.000Z","volume":71000,"label":" ","price":9.45},{"type":"A","date":"2018-03-29T03:14:35.000Z","volume":28000,"label":" ","price":9.46},{"type":"A","date":"2018-03-29T03:14:35.000Z","volume":2000,"label":" ","price":9.46},{"type":"B","date":"2018-03-29T03:14:35.000Z","volume":7500,"label":" ","price":9.45},{"type":"A","date":"2018-03-29T03:14:35.000Z","volume":19000,"label":" ","price":9.46},{"type":"U","date":"2018-03-29T03:14:35.000Z","volume":6500,"label":" ","price":9.46},{"type":"B","date":"2018-03-29T03:14:36.000Z","volume":10000,"label":" ","price":9.45},{"type":"B","date":"2018-03-29T03:14:42.000Z","volume":222500,"label":" ","price":9.45},{"type":"B","date":"2018-03-29T03:14:42.000Z","volume":2500,"label":" ","price":9.45},{"type":"B","date":"2018-03-29T03:14:44.000Z","volume":500,"label":" ","price":9.44},{"type":"B","date":"2018-03-29T03:14:44.000Z","volume":3000,"label":" ","price":9.44},{"type":"B","date":"2018-03-29T03:14:44.000Z","volume":3000,"label":" ","price":9.43},{"type":"B","date":"2018-03-29T03:15:30.000Z","volume":1000,"label":" ","price":9.43},{"type":"B","date":"2018-03-29T03:15:32.000Z","volume":5000,"label":" ","price":9.43},{"type":"B","date":"2018-03-29T03:15:32.000Z","volume":1000,"label":" ","price":9.43},{"type":"U","date":"2018-03-29T03:15:35.000Z","volume":500,"label":"X","price":9.43},{"type":"B","date":"2018-03-29T03:16:01.000Z","volume":1000,"label":" ","price":9.43},{"type":"B","date":"2018-03-29T03:17:09.000Z","volume":10000,"label":" ","price":9.43},{"type":"B","date":"2018-03-29T03:17:09.000Z","volume":1000,"label":" ","price":9.43},{"type":"B","date":"2018-03-29T03:17:26.000Z","volume":2000,"label":"Y","price":9.43},{"type":"A","date":"2018-03-29T03:17:44.000Z","volume":40000,"label":" ","price":9.44},{"type":"U","date":"2018-03-29T03:17:45.000Z","volume":3000,"label":"X","price":9.43},{"type":"B","date":"2018-03-29T03:17:45.000Z","volume":500,"label":" ","price":9.43},{"type":"A","date":"2018-03-29T03:18:34.000Z","volume":2000,"label":" ","price":9.44},{"type":"U","date":"2018-03-29T03:18:59.000Z","volume":1500,"label":"X","price":9.435},{"type":"B","date":"2018-03-29T03:19:01.000Z","volume":500,"label":" ","price":9.43},{"type":"U","date":"2018-03-29T03:19:05.000Z","volume":3000,"label":"X","price":9.435},{"type":"U","date":"2018-03-29T03:19:07.000Z","volume":500,"label":"X","price":9.435},{"type":"A","date":"2018-03-29T03:19:26.000Z","volume":2500,"label":" ","price":9.44},{"type":"A","date":"2018-03-29T03:19:30.000Z","volume":1000,"label":" ","price":9.44},{"type":"U","date":"2018-03-29T03:19:58.000Z","volume":500,"label":"X","price":9.435},{"type":"B","date":"2018-03-29T03:20:03.000Z","volume":500,"label":" ","price":9.43},{"type":"B","date":"2018-03-29T03:20:25.000Z","volume":33000,"label":" ","price":9.43},{"type":"A","date":"2018-03-29T03:21:20.000Z","volume":500,"label":" ","price":9.44},{"type":"U","date":"2018-03-29T03:21:47.000Z","volume":500,"label":"X","price":9.435},{"type":"B","date":"2018-03-29T03:21:47.000Z","volume":2500,"label":" ","price":9.43},{"type":"B","date":"2018-03-29T03:22:16.000Z","volume":500,"label":" ","price":9.43},{"type":"U","date":"2018-03-29T03:22:46.000Z","volume":500,"label":"X","price":9.435},{"type":"B","date":"2018-03-29T03:22:47.000Z","volume":500,"label":" ","price":9.43},{"type":"B","date":"2018-03-29T03:23:02.000Z","volume":20000,"label":" ","price":9.43},{"type":"B","date":"2018-03-29T03:23:02.000Z","volume":2000,"label":" ","price":9.43},{"type":"B","date":"2018-03-29T03:23:42.000Z","volume":2000,"label":"Y","price":9.43},{"type":"B","date":"2018-03-29T03:23:42.000Z","volume":1500,"label":" ","price":9.43},{"type":"B","date":"2018-03-29T03:23:45.000Z","volume":1500,"label":"Y","price":9.43},{"type":"B","date":"2018-03-29T03:23:45.000Z","volume":9000,"label":" ","price":9.43},{"type":"U","date":"2018-03-29T03:23:45.000Z","volume":1500,"label":"X","price":9.435},{"type":"U","date":"2018-03-29T03:24:18.000Z","volume":1500,"label":"X","price":9.435},{"type":"B","date":"2018-03-29T03:24:18.000Z","volume":500,"label":" ","price":9.43},{"type":"B","date":"2018-03-29T03:24:45.000Z","volume":2000,"label":" ","price":9.43},{"type":"A","date":"2018-03-29T03:25:04.000Z","volume":14000,"label":" ","price":9.44},{"type":"A","date":"2018-03-29T03:25:06.000Z","volume":39000,"label":" ","price":9.44},{"type":"A","date":"2018-03-29T03:25:06.000Z","volume":6500,"label":" ","price":9.44},{"type":"A","date":"2018-03-29T03:25:06.000Z","volume":500,"label":" ","price":9.44},{"type":"A","date":"2018-03-29T03:25:09.000Z","volume":10000,"label":" ","price":9.45},{"type":"A","date":"2018-03-29T03:25:09.000Z","volume":19000,"label":" ","price":9.45},{"type":"A","date":"2018-03-29T03:26:00.000Z","volume":2000,"label":" ","price":9.46},{"type":"U","date":"2018-03-29T03:26:07.000Z","volume":500,"label":"X","price":9.45},{"type":"B","date":"2018-03-29T03:26:23.000Z","volume":4000,"label":" ","price":9.44},{"type":"B","date":"2018-03-29T03:26:28.000Z","volume":1000,"label":" ","price":9.45},{"type":"A","date":"2018-03-29T03:26:48.000Z","volume":2000,"label":" ","price":9.46},{"type":"A","date":"2018-03-29T03:26:59.000Z","volume":49000,"label":" ","price":9.46},{"type":"A","date":"2018-03-29T03:27:08.000Z","volume":1000,"label":" ","price":9.47},{"type":"A","date":"2018-03-29T03:27:15.000Z","volume":30000,"label":" ","price":9.47},{"type":"A","date":"2018-03-29T03:27:15.000Z","volume":2500,"label":" ","price":9.47},{"type":"A","date":"2018-03-29T03:27:27.000Z","volume":2000,"label":" ","price":9.48},{"type":"A","date":"2018-03-29T03:27:27.000Z","volume":4500,"label":" ","price":9.48},{"type":"A","date":"2018-03-29T03:27:27.000Z","volume":3000,"label":" ","price":9.48},{"type":"A","date":"2018-03-29T03:27:27.000Z","volume":11000,"label":" ","price":9.48},{"type":"A","date":"2018-03-29T03:27:34.000Z","volume":13500,"label":" ","price":9.49},{"type":"A","date":"2018-03-29T03:27:43.000Z","volume":500,"label":" ","price":9.49},{"type":"A","date":"2018-03-29T03:27:54.000Z","volume":13500,"label":" ","price":9.49},{"type":"A","date":"2018-03-29T03:27:59.000Z","volume":2500,"label":"Y","price":9.5},{"type":"A","date":"2018-03-29T03:28:19.000Z","volume":2000,"label":" ","price":9.5},{"type":"A","date":"2018-03-29T03:28:34.000Z","volume":4000,"label":"Y","price":9.5},{"type":"A","date":"2018-03-29T03:28:51.000Z","volume":1000,"label":"Y","price":9.5},{"type":"A","date":"2018-03-29T03:28:51.000Z","volume":32500,"label":" ","price":9.5},{"type":"A","date":"2018-03-29T03:29:04.000Z","volume":2000,"label":" ","price":9.51},{"type":"A","date":"2018-03-29T03:29:04.000Z","volume":6000,"label":" ","price":9.51},{"type":"A","date":"2018-03-29T03:29:04.000Z","volume":4000,"label":" ","price":9.51},{"type":"A","date":"2018-03-29T03:29:23.000Z","volume":1000,"label":" ","price":9.52},{"type":"A","date":"2018-03-29T03:29:24.000Z","volume":1000,"label":" ","price":9.52},{"type":"A","date":"2018-03-29T03:29:30.000Z","volume":2000,"label":" ","price":9.52},{"type":"A","date":"2018-03-29T03:29:30.000Z","volume":500,"label":" ","price":9.52},{"type":"B","date":"2018-03-29T03:29:46.000Z","volume":500,"label":" ","price":9.51},{"type":"A","date":"2018-03-29T03:29:50.000Z","volume":2000,"label":" ","price":9.52},{"type":"A","date":"2018-03-29T03:29:58.000Z","volume":1000,"label":" ","price":9.52},{"type":"A","date":"2018-03-29T03:29:59.000Z","volume":1000,"label":" ","price":9.52},{"type":"A","date":"2018-03-29T03:29:59.000Z","volume":500,"label":" ","price":9.52},{"type":"A","date":"2018-03-29T03:30:14.000Z","volume":500,"label":" ","price":9.52},{"type":"A","date":"2018-03-29T03:30:45.000Z","volume":1000,"label":" ","price":9.52},{"type":"B","date":"2018-03-29T03:30:47.000Z","volume":20000,"label":" ","price":9.51},{"type":"A","date":"2018-03-29T03:30:55.000Z","volume":1000,"label":" ","price":9.52},{"type":"B","date":"2018-03-29T03:31:12.000Z","volume":25500,"label":" ","price":9.51},{"type":"B","date":"2018-03-29T03:31:12.000Z","volume":14500,"label":" ","price":9.51},{"type":"A","date":"2018-03-29T03:31:12.000Z","volume":500,"label":" ","price":9.51},{"type":"B","date":"2018-03-29T03:31:14.000Z","volume":21500,"label":" ","price":9.5},{"type":"U","date":"2018-03-29T03:31:15.000Z","volume":500,"label":"X","price":9.5},{"type":"U","date":"2018-03-29T03:31:15.000Z","volume":500,"label":"X","price":9.5},{"type":"B","date":"2018-03-29T03:31:41.000Z","volume":8000,"label":" ","price":9.49},{"type":"B","date":"2018-03-29T03:32:26.000Z","volume":1500,"label":" ","price":9.48},{"type":"U","date":"2018-03-29T03:32:30.000Z","volume":500,"label":"X","price":9.49},{"type":"B","date":"2018-03-29T03:32:38.000Z","volume":9000,"label":" ","price":9.48},{"type":"A","date":"2018-03-29T03:32:44.000Z","volume":500,"label":" ","price":9.5},{"type":"B","date":"2018-03-29T03:32:51.000Z","volume":2000,"label":" ","price":9.49},{"type":"A","date":"2018-03-29T03:34:34.000Z","volume":2000,"label":" ","price":9.5},{"type":"A","date":"2018-03-29T03:34:36.000Z","volume":2500,"label":" ","price":9.5},{"type":"A","date":"2018-03-29T03:34:53.000Z","volume":2000,"label":" ","price":9.5},{"type":"A","date":"2018-03-29T03:35:00.000Z","volume":2000,"label":" ","price":9.5},{"type":"A","date":"2018-03-29T03:35:11.000Z","volume":1000,"label":" ","price":9.5},{"type":"A","date":"2018-03-29T03:35:33.000Z","volume":500,"label":" ","price":9.5},{"type":"A","date":"2018-03-29T03:35:54.000Z","volume":2500,"label":" ","price":9.5},{"type":"A","date":"2018-03-29T03:35:58.000Z","volume":1500,"label":" ","price":9.5},{"type":"A","date":"2018-03-29T03:36:59.000Z","volume":2500,"label":" ","price":9.5},{"type":"U","date":"2018-03-29T03:37:02.000Z","volume":500,"label":"X","price":9.495},{"type":"B","date":"2018-03-29T03:37:06.000Z","volume":500,"label":" ","price":9.49},{"type":"B","date":"2018-03-29T03:37:17.000Z","volume":2500,"label":" ","price":9.49},{"type":"A","date":"2018-03-29T03:37:18.000Z","volume":500,"label":" ","price":9.5},{"type":"A","date":"2018-03-29T03:37:21.000Z","volume":1000,"label":" ","price":9.5},{"type":"A","date":"2018-03-29T03:37:22.000Z","volume":6500,"label":" ","price":9.5},{"type":"A","date":"2018-03-29T03:37:24.000Z","volume":1000,"label":" ","price":9.5},{"type":"A","date":"2018-03-29T03:37:26.000Z","volume":2500,"label":" ","price":9.5},{"type":"A","date":"2018-03-29T03:37:28.000Z","volume":500,"label":" ","price":9.5},{"type":"A","date":"2018-03-29T03:37:42.000Z","volume":1000,"label":" ","price":9.5},{"type":"A","date":"2018-03-29T03:37:45.000Z","volume":500,"label":" ","price":9.5},{"type":"B","date":"2018-03-29T03:37:49.000Z","volume":500,"label":" ","price":9.49},{"type":"A","date":"2018-03-29T03:37:50.000Z","volume":500,"label":" ","price":9.5},{"type":"A","date":"2018-03-29T03:37:51.000Z","volume":2000,"label":" ","price":9.5},{"type":"A","date":"2018-03-29T03:38:12.000Z","volume":500,"label":" ","price":9.5},{"type":"A","date":"2018-03-29T03:38:30.000Z","volume":2000,"label":" ","price":9.5},{"type":"A","date":"2018-03-29T03:38:30.000Z","volume":500,"label":" ","price":9.5},{"type":"A","date":"2018-03-29T03:38:32.000Z","volume":1000,"label":" ","price":9.5},{"type":"A","date":"2018-03-29T03:38:33.000Z","volume":96000,"label":" ","price":9.5},{"type":"A","date":"2018-03-29T03:39:02.000Z","volume":26000,"label":" ","price":9.51},{"type":"A","date":"2018-03-29T03:39:10.000Z","volume":19500,"label":" ","price":9.52},{"type":"A","date":"2018-03-29T03:39:11.000Z","volume":1000,"label":" ","price":9.52},{"type":"A","date":"2018-03-29T03:39:12.000Z","volume":31500,"label":" ","price":9.52},{"type":"A","date":"2018-03-29T03:39:22.000Z","volume":2000,"label":" ","price":9.53},{"type":"B","date":"2018-03-29T03:39:50.000Z","volume":5000,"label":" ","price":9.52},{"type":"A","date":"2018-03-29T03:40:16.000Z","volume":500,"label":" ","price":9.53},{"type":"B","date":"2018-03-29T03:40:34.000Z","volume":500,"label":" ","price":9.52},{"type":"A","date":"2018-03-29T03:40:40.000Z","volume":2500,"label":" ","price":9.53},{"type":"A","date":"2018-03-29T03:41:07.000Z","volume":1000,"label":" ","price":9.53},{"type":"A","date":"2018-03-29T03:41:07.000Z","volume":500,"label":" ","price":9.53},{"type":"U","date":"2018-03-29T03:41:19.000Z","volume":4000,"label":"X","price":9.525},{"type":"B","date":"2018-03-29T03:41:34.000Z","volume":1000,"label":" ","price":9.52},{"type":"A","date":"2018-03-29T03:41:34.000Z","volume":1000,"label":" ","price":9.53},{"type":"U","date":"2018-03-29T03:41:35.000Z","volume":500,"label":"X","price":9.525},{"type":"U","date":"2018-03-29T03:41:36.000Z","volume":3500,"label":"X","price":9.525},{"type":"U","date":"2018-03-29T03:41:37.000Z","volume":500,"label":"X","price":9.525},{"type":"U","date":"2018-03-29T03:42:05.000Z","volume":2000,"label":"X","price":9.53},{"type":"A","date":"2018-03-29T03:42:11.000Z","volume":2000,"label":" ","price":9.53},{"type":"A","date":"2018-03-29T03:42:21.000Z","volume":3000,"label":" ","price":9.53},{"type":"A","date":"2018-03-29T03:42:21.000Z","volume":1000,"label":" ","price":9.53},{"type":"A","date":"2018-03-29T03:42:38.000Z","volume":500,"label":" ","price":9.53},{"type":"A","date":"2018-03-29T03:43:00.000Z","volume":2000,"label":" ","price":9.53},{"type":"A","date":"2018-03-29T03:43:12.000Z","volume":1000,"label":" ","price":9.53},{"type":"B","date":"2018-03-29T03:43:16.000Z","volume":500,"label":" ","price":9.52},{"type":"B","date":"2018-03-29T03:43:25.000Z","volume":1500,"label":" ","price":9.52},{"type":"A","date":"2018-03-29T03:43:29.000Z","volume":2500,"label":" ","price":9.53},{"type":"A","date":"2018-03-29T03:43:36.000Z","volume":10000,"label":" ","price":9.53},{"type":"A","date":"2018-03-29T03:43:36.000Z","volume":15000,"label":" ","price":9.53},{"type":"A","date":"2018-03-29T03:43:36.000Z","volume":500,"label":" ","price":9.53},{"type":"A","date":"2018-03-29T03:43:54.000Z","volume":500,"label":" ","price":9.54},{"type":"A","date":"2018-03-29T03:43:55.000Z","volume":2000,"label":" ","price":9.54},{"type":"A","date":"2018-03-29T03:44:29.000Z","volume":1000,"label":" ","price":9.54},{"type":"A","date":"2018-03-29T03:44:34.000Z","volume":2000,"label":" ","price":9.54},{"type":"B","date":"2018-03-29T03:44:43.000Z","volume":18500,"label":" ","price":9.53},{"type":"A","date":"2018-03-29T03:44:53.000Z","volume":1000,"label":" ","price":9.54},{"type":"A","date":"2018-03-29T03:44:53.000Z","volume":2500,"label":" ","price":9.54},{"type":"U","date":"2018-03-29T03:44:56.000Z","volume":2000,"label":"X","price":9.54},{"type":"B","date":"2018-03-29T03:44:59.000Z","volume":500,"label":"Y","price":9.53},{"type":"U","date":"2018-03-29T03:44:59.000Z","volume":500,"label":"X","price":9.535},{"type":"A","date":"2018-03-29T03:45:08.000Z","volume":500,"label":" ","price":9.54},{"type":"A","date":"2018-03-29T03:45:26.000Z","volume":2000,"label":" ","price":9.54},{"type":"B","date":"2018-03-29T03:45:50.000Z","volume":500,"label":"Y","price":9.53},{"type":"A","date":"2018-03-29T03:45:59.000Z","volume":1000,"label":" ","price":9.54},{"type":"A","date":"2018-03-29T03:46:03.000Z","volume":15000,"label":" ","price":9.54},{"type":"A","date":"2018-03-29T03:46:05.000Z","volume":2000,"label":"Y","price":9.54},{"type":"A","date":"2018-03-29T03:46:05.000Z","volume":1500,"label":" ","price":9.54},{"type":"U","date":"2018-03-29T03:46:05.000Z","volume":3500,"label":"X","price":9.54},{"type":"A","date":"2018-03-29T03:46:19.000Z","volume":1000,"label":" ","price":9.54},{"type":"A","date":"2018-03-29T03:46:32.000Z","volume":1000,"label":" ","price":9.54},{"type":"B","date":"2018-03-29T03:46:40.000Z","volume":500,"label":"Y","price":9.53},{"type":"A","date":"2018-03-29T03:46:44.000Z","volume":2500,"label":" ","price":9.54},{"type":"A","date":"2018-03-29T03:46:44.000Z","volume":500,"label":" ","price":9.54},{"type":"A","date":"2018-03-29T03:46:57.000Z","volume":500,"label":" ","price":9.54},{"type":"A","date":"2018-03-29T03:47:29.000Z","volume":1000,"label":" ","price":9.54},{"type":"A","date":"2018-03-29T03:47:29.000Z","volume":1500,"label":" ","price":9.54},{"type":"A","date":"2018-03-29T03:47:31.000Z","volume":500,"label":" ","price":9.54},{"type":"B","date":"2018-03-29T03:47:37.000Z","volume":1000,"label":"Y","price":9.53},{"type":"A","date":"2018-03-29T03:47:39.000Z","volume":1000,"label":" ","price":9.54},{"type":"A","date":"2018-03-29T03:47:43.000Z","volume":10000,"label":" ","price":9.54},{"type":"A","date":"2018-03-29T03:47:43.000Z","volume":500,"label":" ","price":9.54},{"type":"A","date":"2018-03-29T03:47:43.000Z","volume":500,"label":" ","price":9.54},{"type":"A","date":"2018-03-29T03:47:43.000Z","volume":2000,"label":" ","price":9.54},{"type":"U","date":"2018-03-29T03:47:46.000Z","volume":1500,"label":"X","price":9.54},{"type":"A","date":"2018-03-29T03:47:48.000Z","volume":500,"label":" ","price":9.54},{"type":"A","date":"2018-03-29T03:47:51.000Z","volume":3500,"label":" ","price":9.54},{"type":"A","date":"2018-03-29T03:47:51.000Z","volume":500,"label":" ","price":9.54},{"type":"A","date":"2018-03-29T03:48:41.000Z","volume":2000,"label":" ","price":9.54},{"type":"A","date":"2018-03-29T03:48:42.000Z","volume":500,"label":" ","price":9.54},{"type":"A","date":"2018-03-29T03:48:43.000Z","volume":3000,"label":" ","price":9.54},{"type":"A","date":"2018-03-29T03:48:44.000Z","volume":500,"label":" ","price":9.54},{"type":"A","date":"2018-03-29T03:48:45.000Z","volume":1000,"label":" ","price":9.54},{"type":"B","date":"2018-03-29T03:48:46.000Z","volume":5000,"label":" ","price":9.53},{"type":"A","date":"2018-03-29T03:48:46.000Z","volume":1000,"label":" ","price":9.54},{"type":"A","date":"2018-03-29T03:48:47.000Z","volume":2000,"label":" ","price":9.54},{"type":"A","date":"2018-03-29T03:48:48.000Z","volume":500,"label":" ","price":9.54},{"type":"A","date":"2018-03-29T03:48:59.000Z","volume":1000,"label":" ","price":9.54},{"type":"A","date":"2018-03-29T03:49:19.000Z","volume":1500,"label":" ","price":9.54},{"type":"B","date":"2018-03-29T03:49:22.000Z","volume":500,"label":" ","price":9.53},{"type":"A","date":"2018-03-29T03:49:22.000Z","volume":2000,"label":" ","price":9.54},{"type":"A","date":"2018-03-29T03:49:23.000Z","volume":500,"label":" ","price":9.54},{"type":"U","date":"2018-03-29T03:49:35.000Z","volume":500,"label":"X","price":9.535},{"type":"A","date":"2018-03-29T03:49:50.000Z","volume":1000,"label":" ","price":9.54},{"type":"A","date":"2018-03-29T03:49:52.000Z","volume":500,"label":" ","price":9.54},{"type":"U","date":"2018-03-29T03:50:08.000Z","volume":1000,"label":"X","price":9.54},{"type":"B","date":"2018-03-29T03:50:13.000Z","volume":500,"label":" ","price":9.53},{"type":"A","date":"2018-03-29T03:50:29.000Z","volume":1000,"label":" ","price":9.54},{"type":"A","date":"2018-03-29T03:50:49.000Z","volume":500,"label":" ","price":9.54},{"type":"A","date":"2018-03-29T03:50:51.000Z","volume":2500,"label":" ","price":9.54},{"type":"A","date":"2018-03-29T03:50:51.000Z","volume":1000,"label":" ","price":9.54},{"type":"A","date":"2018-03-29T03:50:51.000Z","volume":500,"label":" ","price":9.54},{"type":"A","date":"2018-03-29T03:51:01.000Z","volume":3000,"label":" ","price":9.54},{"type":"A","date":"2018-03-29T03:51:01.000Z","volume":500,"label":" ","price":9.54},{"type":"A","date":"2018-03-29T03:51:03.000Z","volume":10000,"label":" ","price":9.54},{"type":"A","date":"2018-03-29T03:51:03.000Z","volume":500,"label":" ","price":9.54},{"type":"A","date":"2018-03-29T03:51:03.000Z","volume":500,"label":" ","price":9.54},{"type":"A","date":"2018-03-29T03:51:03.000Z","volume":2000,"label":" ","price":9.54},{"type":"A","date":"2018-03-29T03:51:16.000Z","volume":2500,"label":" ","price":9.54},{"type":"A","date":"2018-03-29T03:51:16.000Z","volume":500,"label":" ","price":9.54},{"type":"A","date":"2018-03-29T03:51:26.000Z","volume":1000,"label":" ","price":9.54},{"type":"A","date":"2018-03-29T03:51:30.000Z","volume":20000,"label":" ","price":9.54},{"type":"A","date":"2018-03-29T03:51:30.000Z","volume":500,"label":" ","price":9.54},{"type":"A","date":"2018-03-29T03:51:31.000Z","volume":500,"label":" ","price":9.54},{"type":"A","date":"2018-03-29T03:51:32.000Z","volume":3000,"label":" ","price":9.54},{"type":"A","date":"2018-03-29T03:51:36.000Z","volume":1500,"label":" ","price":9.54},{"type":"A","date":"2018-03-29T03:51:36.000Z","volume":500,"label":" ","price":9.54},{"type":"A","date":"2018-03-29T03:51:40.000Z","volume":4500,"label":" ","price":9.54},{"type":"A","date":"2018-03-29T03:51:40.000Z","volume":500,"label":" ","price":9.54},{"type":"B","date":"2018-03-29T03:51:48.000Z","volume":500,"label":" ","price":9.53},{"type":"A","date":"2018-03-29T03:51:58.000Z","volume":1000,"label":" ","price":9.54},{"type":"A","date":"2018-03-29T03:51:58.000Z","volume":500,"label":" ","price":9.54},{"type":"A","date":"2018-03-29T03:52:04.000Z","volume":1000,"label":" ","price":9.54},{"type":"A","date":"2018-03-29T03:52:19.000Z","volume":500,"label":" ","price":9.54},{"type":"U","date":"2018-03-29T03:52:30.000Z","volume":1500,"label":"X","price":9.54},{"type":"A","date":"2018-03-29T03:52:47.000Z","volume":1000,"label":" ","price":9.54},{"type":"A","date":"2018-03-29T03:52:47.000Z","volume":500,"label":" ","price":9.54},{"type":"A","date":"2018-03-29T03:53:00.000Z","volume":2500,"label":" ","price":9.54},{"type":"A","date":"2018-03-29T03:53:00.000Z","volume":500,"label":" ","price":9.54},{"type":"A","date":"2018-03-29T03:53:02.000Z","volume":500,"label":" ","price":9.54},{"type":"A","date":"2018-03-29T03:53:07.000Z","volume":1500,"label":" ","price":9.54},{"type":"A","date":"2018-03-29T03:53:34.000Z","volume":1000,"label":" ","price":9.54},{"type":"A","date":"2018-03-29T03:53:35.000Z","volume":500,"label":"Y","price":9.54},{"type":"A","date":"2018-03-29T03:53:36.000Z","volume":500,"label":" ","price":9.54},{"type":"B","date":"2018-03-29T03:53:46.000Z","volume":1000,"label":" ","price":9.53},{"type":"U","date":"2018-03-29T03:53:54.000Z","volume":500,"label":"X","price":9.535},{"type":"A","date":"2018-03-29T03:54:26.000Z","volume":500,"label":" ","price":9.54},{"type":"A","date":"2018-03-29T03:54:27.000Z","volume":1500,"label":" ","price":9.54},{"type":"A","date":"2018-03-29T03:54:28.000Z","volume":500,"label":" ","price":9.54},{"type":"A","date":"2018-03-29T03:54:32.000Z","volume":2000,"label":" ","price":9.54},{"type":"A","date":"2018-03-29T03:54:36.000Z","volume":1000,"label":" ","price":9.54},{"type":"A","date":"2018-03-29T03:54:38.000Z","volume":500,"label":" ","price":9.54},{"type":"A","date":"2018-03-29T03:55:04.000Z","volume":1000,"label":" ","price":9.54},{"type":"A","date":"2018-03-29T03:55:04.000Z","volume":500,"label":" ","price":9.54},{"type":"A","date":"2018-03-29T03:55:12.000Z","volume":500,"label":" ","price":9.54},{"type":"U","date":"2018-03-29T03:55:20.000Z","volume":1000,"label":"X","price":9.54},{"type":"A","date":"2018-03-29T03:55:49.000Z","volume":1000,"label":" ","price":9.54},{"type":"A","date":"2018-03-29T03:55:50.000Z","volume":500,"label":" ","price":9.54},{"type":"U","date":"2018-03-29T03:56:01.000Z","volume":500,"label":"X","price":9.535},{"type":"A","date":"2018-03-29T03:56:09.000Z","volume":500,"label":" ","price":9.54},{"type":"B","date":"2018-03-29T03:56:17.000Z","volume":1000,"label":" ","price":9.53},{"type":"A","date":"2018-03-29T03:56:27.000Z","volume":500,"label":" ","price":9.54},{"type":"A","date":"2018-03-29T03:56:29.000Z","volume":2000,"label":" ","price":9.54},{"type":"A","date":"2018-03-29T03:56:29.000Z","volume":500,"label":" ","price":9.54},{"type":"A","date":"2018-03-29T03:56:31.000Z","volume":1500,"label":" ","price":9.54},{"type":"A","date":"2018-03-29T03:56:31.000Z","volume":1000,"label":" ","price":9.54},{"type":"A","date":"2018-03-29T03:56:31.000Z","volume":500,"label":" ","price":9.54},{"type":"U","date":"2018-03-29T03:57:06.000Z","volume":13000,"label":"X","price":9.539},{"type":"B","date":"2018-03-29T03:57:28.000Z","volume":500,"label":" ","price":9.53},{"type":"B","date":"2018-03-29T03:57:33.000Z","volume":500,"label":" ","price":9.53},{"type":"A","date":"2018-03-29T03:57:44.000Z","volume":1000,"label":" ","price":9.54},{"type":"A","date":"2018-03-29T03:57:46.000Z","volume":500,"label":" ","price":9.54},{"type":"A","date":"2018-03-29T03:57:47.000Z","volume":500,"label":" ","price":9.54},{"type":"B","date":"2018-03-29T03:57:53.000Z","volume":2000,"label":" ","price":9.53}