[{"type":"A","date":"2018-03-29T01:30:16.000Z","volume":8000,"label":" ","price":0.84},{"type":"A","date":"2018-03-29T01:30:33.000Z","volume":60000,"label":" ","price":0.86},{"type":"A","date":"2018-03-29T01:31:01.000Z","volume":36000,"label":" ","price":0.87},{"type":"A","date":"2018-03-29T01:31:52.000Z","volume":40000,"label":" ","price":0.87},{"type":"A","date":"2018-03-29T01:33:50.000Z","volume":20000,"label":" ","price":0.87},{"type":"A","date":"2018-03-29T01:36:31.000Z","volume":20000,"label":" ","price":0.86},{"type":"A","date":"2018-03-29T01:39:25.000Z","volume":20000,"label":" ","price":0.86},{"type":"A","date":"2018-03-29T01:44:02.000Z","volume":28000,"label":" ","price":0.86},{"type":"A","date":"2018-03-29T01:44:34.000Z","volume":16000,"label":" ","price":0.87},{"type":"A","date":"2018-03-29T01:53:09.000Z","volume":20000,"label":" ","price":0.86},{"type":"A","date":"2018-03-29T01:54:21.000Z","volume":12000,"label":" ","price":0.86},{"type":"B","date":"2018-03-29T02:06:50.000Z","volume":4000,"label":" ","price":0.83},{"type":"A","date":"2018-03-29T02:08:03.000Z","volume":20000,"label":" ","price":0.86},{"type":"A","date":"2018-03-29T02:36:49.000Z","volume":40000,"label":"Y","price":0.84},{"type":"A","date":"2018-03-29T02:47:20.000Z","volume":20000,"label":" ","price":0.84},{"type":"A","date":"2018-03-29T02:51:12.000Z","volume":108000,"label":" ","price":0.85},{"type":"B","date":"2018-03-29T02:51:21.000Z","volume":12000,"label":" ","price":0.85},{"type":"A","date":"2018-03-29T02:55:41.000Z","volume":60000,"label":" ","price":0.85},{"type":"A","date":"2018-03-29T02:55:41.000Z","volume":28000,"label":" ","price":0.85},{"type":"A","date":"2018-03-29T03:14:18.000Z","volume":100000,"label":" ","price":0.85},{"type":"A","date":"2018-03-29T03:15:06.000Z","volume":120000,"label":" ","price":0.85},{"type":"B","date":"2018-03-29T03:17:32.000Z","volume":60000,"label":" ","price":0.85},{"type":"A","date":"2018-03-29T03:24:42.000Z","volume":40000,"label":" ","price":0.85},{"type":"B","date":"2018-03-29T03:29:22.000Z","volume":80000,"label":" ","price":0.85},{"type":"B","date":"2018-03-29T05:00:10.000Z","volume":28000,"label":" ","price":0.84},{"type":"B","date":"2018-03-29T05:00:10.000Z","volume":32000,"label":" ","price":0.83},{"type":"B","date":"2018-03-29T05:06:37.000Z","volume":36000,"label":" ","price":0.84},{"type":"B","date":"2018-03-29T05:25:02.000Z","volume":20000,"label":" ","price":0.84},{"type":"A","date":"2018-03-29T05:26:04.000Z","volume":20000,"label":" ","price":0.84},{"type":"A","date":"2018-03-29T05:58:39.000Z","volume":100000,"label":" ","price":0.85},{"type":"A","date":"2018-03-29T05:59:12.000Z","volume":40000,"label":" ","price":0.85},{"type":"A","date":"2018-03-29T06:31:54.000Z","volume":32000,"label":" ","price":0.85},{"type":"A","date":"2018-03-29T06:32:08.000Z","volume":40000,"label":" ","price":0.85},{"type":"A","date":"2018-03-29T06:34:11.000Z","volume":28000,"label":" ","price":0.85},{"type":"A","date":"2018-03-29T06:42:18.000Z","volume":28000,"label":" ","price":0.86},{"type":"A","date":"2018-03-29T06:42:18.000Z","volume":4000,"label":" ","price":0.86},{"type":"A","date":"2018-03-29T07:00:50.000Z","volume":24000,"label":" ","price":0.87},{"type":"B","date":"2018-03-29T07:09:57.000Z","volume":24000,"label":" ","price":0.87},{"type":"A","date":"2018-03-29T07:10:24.000Z","volume":8000,"label":" ","price":0.87},{"type":"A","date":"2018-03-29T07:11:13.000Z","volume":4000,"label":" ","price":0.87},{"type":"A","date":"2018-03-29T07:11:34.000Z","volume":4000,"label":" ","price":0.87},{"type":"A","date":"2018-03-29T07:14:24.000Z","volume":24000,"label":"Y","price":0.88},{"type":"A","date":"2018-03-29T07:14:24.000Z","volume":72000,"label":" ","price":0.88},{"type":"A","date":"2018-03-29T07:15:28.000Z","volume":4000,"label":" ","price":0.88},{"type":"A","date":"2018-03-29T07:16:08.000Z","volume":4000,"label":" ","price":0.88},{"type":"A","date":"2018-03-29T07:18:19.000Z","volume":4000,"label":" ","price":0.88},{"type":"A","date":"2018-03-29T07:18:20.000Z","volume":4000,"label":" ","price":0.88},{"type":"A","date":"2018-03-29T07:18:31.000Z","volume":4000,"label":" ","price":0.88},{"type":"A","date":"2018-03-29T07:19:06.000Z","volume":4000,"label":" ","price":0.88},{"type":"A","date":"2018-03-29T07:19:53.000Z","volume":4000,"label":" ","price":0.88},{"type":"A","date":"2018-03-29T07:20:18.000Z","volume":4000,"label":" ","price":0.88},{"type":"B","date":"2018-03-29T07:21:31.000Z","volume":20000,"label":" ","price":0.87},{"type":"A","date":"2018-03-29T07:23:11.000Z","volume":20000,"label":" ","price":0.88},{"type":"A","date":"2018-03-29T07:26:35.000Z","volume":4000,"label":" ","price":0.88},{"type":"B","date":"2018-03-29T07:27:17.000Z","volume":20000,"label":" ","price":0.87},{"type":"B","date":"2018-03-29T07:27:20.000Z","volume":12000,"label":" ","price":0.87},{"type":"A","date":"2018-03-29T07:27:31.000Z","volume":4000,"label":" ","price":0.87},{"type":"A","date":"2018-03-29T07:28:42.000Z","volume":16000,"label":" ","price":0.87},{"type":"B","date":"2018-03-29T07:32:19.000Z","volume":28000,"label":" ","price":0.87},{"type":"A","date":"2018-03-29T07:35:00.000Z","volume":8000,"label":" ","price":0.88},{"type":"A","date":"2018-03-29T07:35:24.000Z","volume":4000,"label":" ","price":0.88},{"type":"B","date":"2018-03-29T07:36:16.000Z","volume":20000,"label":" ","price":0.87},{"type":"B","date":"2018-03-29T07:37:07.000Z","volume":28000,"label":" ","price":0.86},{"type":"A","date":"2018-03-29T07:41:51.000Z","volume":4000,"label":" ","price":0.87},{"type":"A","date":"2018-03-29T07:41:56.000Z","volume":16000,"label":" ","price":0.87},{"type":"B","date":"2018-03-29T07:41:56.000Z","volume":4000,"label":" ","price":0.87},{"type":"A","date":"2018-03-29T07:43:40.000Z","volume":60000,"label":" ","price":0.88},{"type":"B","date":"2018-03-29T07:45:28.000Z","volume":16000,"label":" ","price":0.87},{"type":"A","date":"2018-03-29T07:46:33.000Z","volume":4000,"label":" ","price":0.87},{"type":"A","date":"2018-03-29T07:47:43.000Z","volume":4000,"label":" ","price":0.87},{"type":"B","date":"2018-03-29T07:49:46.000Z","volume":36000,"label":" ","price":0.86},{"type":"A","date":"2018-03-29T07:51:35.000Z","volume":40000,"label":" ","price":0.87},{"type":"A","date":"2018-03-29T07:54:30.000Z","volume":12000,"label":"Y","price":0.88},{"type":"A","date":"2018-03-29T07:54:30.000Z","volume":116000,"label":" ","price":0.88},{"type":"A","date":"2018-03-29T07:56:42.000Z","volume":60000,"label":" ","price":0.89},{"type":"A","date":"2018-03-29T07:57:21.000Z","volume":4000,"label":" ","price":0.9},{"type":"A","date":"2018-03-29T07:58:11.000Z","volume":4000,"label":" ","price":0.9},{"type":"A","date":"2018-03-29T07:58:43.000Z","volume":4000,"label":" ","price":0.9},{"type":"A","date":"2018-03-29T07:59:16.000Z","volume":4000,"label":" ","price":0.9},{"type":"A","date":"2018-03-29T07:59:28.000Z","volume":40000,"label":" ","price":0.9}]