[{"type":"U","date":"2018-03-20T01:20:00.000Z","volume":10000,"label":"U","price":6.22},{"type":"A","date":"2018-03-20T01:31:01.000Z","volume":2000,"label":" ","price":6.22},{"type":"A","date":"2018-03-20T01:34:05.000Z","volume":2000,"label":" ","price":6.27},{"type":"A","date":"2018-03-20T01:40:38.000Z","volume":36000,"label":" ","price":6.3},{"type":"A","date":"2018-03-20T01:40:38.000Z","volume":2000,"label":" ","price":6.31},{"type":"A","date":"2018-03-20T01:40:38.000Z","volume":2000,"label":" ","price":6.34},{"type":"A","date":"2018-03-20T01:40:38.000Z","volume":4000,"label":" ","price":6.3},{"type":"A","date":"2018-03-20T01:40:39.000Z","volume":10000,"label":" ","price":6.34},{"type":"B","date":"2018-03-20T01:40:42.000Z","volume":2000,"label":" ","price":6.3},{"type":"A","date":"2018-03-20T01:41:19.000Z","volume":8000,"label":" ","price":6.34},{"type":"A","date":"2018-03-20T01:41:19.000Z","volume":4000,"label":" ","price":6.34},{"type":"A","date":"2018-03-20T01:41:20.000Z","volume":2000,"label":" ","price":6.34},{"type":"A","date":"2018-03-20T01:41:20.000Z","volume":2000,"label":" ","price":6.34},{"type":"A","date":"2018-03-20T01:41:47.000Z","volume":2000,"label":" ","price":6.34},{"type":"U","date":"2018-03-20T01:41:51.000Z","volume":2000,"label":"Y","price":6.34},{"type":"U","date":"2018-03-20T01:41:51.000Z","volume":2000,"label":" ","price":6.34},{"type":"A","date":"2018-03-20T01:42:02.000Z","volume":2000,"label":" ","price":6.35},{"type":"A","date":"2018-03-20T01:45:00.000Z","volume":2000,"label":" ","price":6.34},{"type":"A","date":"2018-03-20T01:48:56.000Z","volume":4000,"label":" ","price":6.34},{"type":"A","date":"2018-03-20T01:50:01.000Z","volume":2000,"label":" ","price":6.34},{"type":"B","date":"2018-03-20T01:50:02.000Z","volume":12000,"label":" ","price":6.33},{"type":"A","date":"2018-03-20T01:50:17.000Z","volume":2000,"label":" ","price":6.34},{"type":"B","date":"2018-03-20T01:50:21.000Z","volume":2000,"label":" ","price":6.33},{"type":"B","date":"2018-03-20T01:50:42.000Z","volume":6000,"label":"Y","price":6.32},{"type":"B","date":"2018-03-20T01:50:58.000Z","volume":2000,"label":" ","price":6.31},{"type":"B","date":"2018-03-20T01:51:08.000Z","volume":4000,"label":" ","price":6.31},{"type":"B","date":"2018-03-20T01:51:08.000Z","volume":2000,"label":" ","price":6.31},{"type":"B","date":"2018-03-20T01:55:13.000Z","volume":2000,"label":" ","price":6.27},{"type":"A","date":"2018-03-20T01:59:24.000Z","volume":10000,"label":" ","price":6.29},{"type":"A","date":"2018-03-20T01:59:24.000Z","volume":2000,"label":" ","price":6.29},{"type":"A","date":"2018-03-20T01:59:24.000Z","volume":2000,"label":"Y","price":6.29},{"type":"A","date":"2018-03-20T01:59:24.000Z","volume":6000,"label":" ","price":6.29},{"type":"A","date":"2018-03-20T01:59:25.000Z","volume":2000,"label":" ","price":6.3},{"type":"A","date":"2018-03-20T01:59:28.000Z","volume":4000,"label":" ","price":6.3},{"type":"A","date":"2018-03-20T01:59:32.000Z","volume":4000,"label":" ","price":6.3},{"type":"A","date":"2018-03-20T01:59:32.000Z","volume":2000,"label":" ","price":6.3},{"type":"A","date":"2018-03-20T01:59:36.000Z","volume":4000,"label":" ","price":6.3},{"type":"U","date":"2018-03-20T02:00:00.000Z","volume":6000,"label":"X","price":6.29},{"type":"A","date":"2018-03-20T02:00:10.000Z","volume":4000,"label":" ","price":6.3},{"type":"A","date":"2018-03-20T02:00:41.000Z","volume":30000,"label":" ","price":6.3},{"type":"A","date":"2018-03-20T02:00:41.000Z","volume":38000,"label":" ","price":6.3},{"type":"A","date":"2018-03-20T02:00:41.000Z","volume":4000,"label":" ","price":6.31},{"type":"A","date":"2018-03-20T02:00:41.000Z","volume":4000,"label":" ","price":6.31},{"type":"A","date":"2018-03-20T02:00:42.000Z","volume":4000,"label":" ","price":6.32},{"type":"A","date":"2018-03-20T02:00:42.000Z","volume":2000,"label":" ","price":6.32},{"type":"A","date":"2018-03-20T02:00:47.000Z","volume":10000,"label":" ","price":6.32},{"type":"A","date":"2018-03-20T02:00:47.000Z","volume":2000,"label":" ","price":6.32},{"type":"A","date":"2018-03-20T02:00:47.000Z","volume":2000,"label":" ","price":6.32},{"type":"A","date":"2018-03-20T02:01:33.000Z","volume":2000,"label":" ","price":6.32},{"type":"A","date":"2018-03-20T02:01:33.000Z","volume":2000,"label":" ","price":6.32},{"type":"A","date":"2018-03-20T02:02:19.000Z","volume":2000,"label":" ","price":6.32},{"type":"A","date":"2018-03-20T02:02:19.000Z","volume":2000,"label":" ","price":6.32},{"type":"B","date":"2018-03-20T02:03:01.000Z","volume":26000,"label":" ","price":6.32},{"type":"A","date":"2018-03-20T02:03:02.000Z","volume":2000,"label":" ","price":6.32},{"type":"A","date":"2018-03-20T02:03:02.000Z","volume":2000,"label":" ","price":6.32},{"type":"A","date":"2018-03-20T02:04:28.000Z","volume":2000,"label":" ","price":6.32},{"type":"B","date":"2018-03-20T02:06:21.000Z","volume":6000,"label":" ","price":6.32},{"type":"A","date":"2018-03-20T02:06:23.000Z","volume":10000,"label":" ","price":6.33},{"type":"A","date":"2018-03-20T02:06:41.000Z","volume":2000,"label":" ","price":6.33},{"type":"A","date":"2018-03-20T02:06:42.000Z","volume":2000,"label":" ","price":6.33},{"type":"B","date":"2018-03-20T02:07:00.000Z","volume":2000,"label":"Y","price":6.32},{"type":"B","date":"2018-03-20T02:07:00.000Z","volume":16000,"label":" ","price":6.32},{"type":"U","date":"2018-03-20T02:08:37.000Z","volume":4000,"label":"X","price":6.31},{"type":"A","date":"2018-03-20T02:08:56.000Z","volume":10000,"label":" ","price":6.33},{"type":"A","date":"2018-03-20T02:10:44.000Z","volume":2000,"label":" ","price":6.32},{"type":"U","date":"2018-03-20T02:13:50.000Z","volume":2000,"label":"X","price":6.31},{"type":"A","date":"2018-03-20T02:14:03.000Z","volume":2000,"label":" ","price":6.33},{"type":"U","date":"2018-03-20T02:14:23.000Z","volume":2000,"label":" ","price":6.32},{"type":"U","date":"2018-03-20T02:14:23.000Z","volume":2000,"label":" ","price":6.32},{"type":"U","date":"2018-03-20T02:15:24.000Z","volume":4000,"label":"X","price":6.32},{"type":"B","date":"2018-03-20T02:15:30.000Z","volume":2000,"label":" ","price":6.32},{"type":"B","date":"2018-03-20T02:16:36.000Z","volume":2000,"label":" ","price":6.32},{"type":"U","date":"2018-03-20T02:16:40.000Z","volume":2000,"label":"X","price":6.32},{"type":"B","date":"2018-03-20T02:17:40.000Z","volume":6000,"label":" ","price":6.32},{"type":"B","date":"2018-03-20T02:18:18.000Z","volume":80000,"label":" ","price":6.3},{"type":"B","date":"2018-03-20T02:20:15.000Z","volume":2000,"label":" ","price":6.3},{"type":"U","date":"2018-03-20T02:21:56.000Z","volume":2000,"label":"X","price":6.31},{"type":"A","date":"2018-03-20T02:22:37.000Z","volume":2000,"label":" ","price":6.33},{"type":"A","date":"2018-03-20T02:23:19.000Z","volume":2000,"label":" ","price":6.33},{"type":"A","date":"2018-03-20T02:23:36.000Z","volume":74000,"label":" ","price":6.33},{"type":"A","date":"2018-03-20T02:23:36.000Z","volume":96000,"label":" ","price":6.33},{"type":"A","date":"2018-03-20T02:23:36.000Z","volume":8000,"label":" ","price":6.33},{"type":"A","date":"2018-03-20T02:23:36.000Z","volume":22000,"label":" ","price":6.33},{"type":"A","date":"2018-03-20T02:23:36.000Z","volume":34000,"label":" ","price":6.33},{"type":"A","date":"2018-03-20T02:23:48.000Z","volume":54000,"label":" ","price":6.34},{"type":"A","date":"2018-03-20T02:23:48.000Z","volume":4000,"label":" ","price":6.34},{"type":"A","date":"2018-03-20T02:23:48.000Z","volume":10000,"label":"Y","price":6.35},{"type":"A","date":"2018-03-20T02:24:03.000Z","volume":40000,"label":" ","price":6.35},{"type":"A","date":"2018-03-20T02:24:04.000Z","volume":2000,"label":"Y","price":6.35},{"type":"A","date":"2018-03-20T02:24:04.000Z","volume":2000,"label":" ","price":6.35},{"type":"B","date":"2018-03-20T02:24:04.000Z","volume":2000,"label":"Y","price":6.35},{"type":"B","date":"2018-03-20T02:24:04.000Z","volume":2000,"label":" ","price":6.35},{"type":"A","date":"2018-03-20T02:24:10.000Z","volume":20000,"label":" ","price":6.35},{"type":"A","date":"2018-03-20T02:24:22.000Z","volume":10000,"label":" ","price":6.35},{"type":"A","date":"2018-03-20T02:24:38.000Z","volume":18000,"label":" ","price":6.35},{"type":"B","date":"2018-03-20T02:24:38.000Z","volume":2000,"label":" ","price":6.35},{"type":"A","date":"2018-03-20T02:25:00.000Z","volume":50000,"label":" ","price":6.35},{"type":"B","date":"2018-03-20T02:25:00.000Z","volume":6000,"label":" ","price":6.35},{"type":"A","date":"2018-03-20T02:25:03.000Z","volume":2000,"label":" ","price":6.35},{"type":"A","date":"2018-03-20T02:25:19.000Z","volume":44000,"label":" ","price":6.35},{"type":"A","date":"2018-03-20T02:25:19.000Z","volume":6000,"label":" ","price":6.36},{"type":"B","date":"2018-03-20T02:25:20.000Z","volume":8000,"label":" ","price":6.35},{"type":"A","date":"2018-03-20T02:25:26.000Z","volume":12000,"label":" ","price":6.35},{"type":"A","date":"2018-03-20T02:25:26.000Z","volume":2000,"label":" ","price":6.35},{"type":"A","date":"2018-03-20T02:25:31.000Z","volume":20000,"label":" ","price":6.35},{"type":"A","date":"2018-03-20T02:25:31.000Z","volume":4000,"label":" ","price":6.35},{"type":"A","date":"2018-03-20T02:25:31.000Z","volume":2000,"label":" ","price":6.35},{"type":"A","date":"2018-03-20T02:25:31.000Z","volume":4000,"label":" ","price":6.35},{"type":"B","date":"2018-03-20T02:25:32.000Z","volume":2000,"label":" ","price":6.35},{"type":"A","date":"2018-03-20T02:25:32.000Z","volume":4000,"label":" ","price":6.35},{"type":"A","date":"2018-03-20T02:26:01.000Z","volume":10000,"label":" ","price":6.35},{"type":"A","date":"2018-03-20T02:26:01.000Z","volume":2000,"label":" ","price":6.35},{"type":"A","date":"2018-03-20T02:26:07.000Z","volume":2000,"label":" ","price":6.35},{"type":"B","date":"2018-03-20T02:27:23.000Z","volume":40000,"label":" ","price":6.34},{"type":"B","date":"2018-03-20T02:27:23.000Z","volume":14000,"label":" ","price":6.34},{"type":"B","date":"2018-03-20T02:27:23.000Z","volume":12000,"label":" ","price":6.34},{"type":"A","date":"2018-03-20T02:27:24.000Z","volume":2000,"label":" ","price":6.35},{"type":"B","date":"2018-03-20T02:27:24.000Z","volume":6000,"label":"Y","price":6.33},{"type":"B","date":"2018-03-20T02:27:58.000Z","volume":6000,"label":" ","price":6.33},{"type":"A","date":"2018-03-20T02:29:30.000Z","volume":4000,"label":" ","price":6.33},{"type":"A","date":"2018-03-20T02:29:33.000Z","volume":2000,"label":" ","price":6.33},{"type":"A","date":"2018-03-20T02:29:34.000Z","volume":2000,"label":" ","price":6.33},{"type":"A","date":"2018-03-20T02:29:57.000Z","volume":2000,"label":" ","price":6.35},{"type":"A","date":"2018-03-20T02:30:39.000Z","volume":6000,"label":" ","price":6.35},{"type":"A","date":"2018-03-20T02:30:58.000Z","volume":8000,"label":" ","price":6.35},{"type":"A","date":"2018-03-20T02:31:37.000Z","volume":6000,"label":" ","price":6.35},{"type":"U","date":"2018-03-20T02:32:12.000Z","volume":2000,"label":"X","price":6.33},{"type":"A","date":"2018-03-20T02:34:43.000Z","volume":8000,"label":" ","price":6.35},{"type":"B","date":"2018-03-20T02:35:06.000Z","volume":20000,"label":" ","price":6.34},{"type":"B","date":"2018-03-20T02:36:17.000Z","volume":16000,"label":" ","price":6.34},{"type":"B","date":"2018-03-20T02:36:17.000Z","volume":6000,"label":"Y","price":6.33},{"type":"U","date":"2018-03-20T02:36:19.000Z","volume":2000,"label":" ","price":6.34},{"type":"A","date":"2018-03-20T02:37:15.000Z","volume":4000,"label":" ","price":6.34},{"type":"B","date":"2018-03-20T02:37:15.000Z","volume":2000,"label":" ","price":6.34},{"type":"U","date":"2018-03-20T02:37:34.000Z","volume":2000,"label":"X","price":6.34},{"type":"A","date":"2018-03-20T02:38:30.000Z","volume":2000,"label":" ","price":6.35},{"type":"B","date":"2018-03-20T02:38:30.000Z","volume":2000,"label":"Y","price":6.34},{"type":"B","date":"2018-03-20T02:38:30.000Z","volume":2000,"label":" ","price":6.34},{"type":"B","date":"2018-03-20T02:38:49.000Z","volume":10000,"label":" ","price":6.33},{"type":"A","date":"2018-03-20T02:41:49.000Z","volume":10000,"label":" ","price":6.33},{"type":"B","date":"2018-03-20T02:43:09.000Z","volume":2000,"label":" ","price":6.33},{"type":"B","date":"2018-03-20T02:44:42.000Z","volume":6000,"label":" ","price":6.33},{"type":"B","date":"2018-03-20T02:44:52.000Z","volume":10000,"label":" ","price":6.33},{"type":"B","date":"2018-03-20T02:44:53.000Z","volume":10000,"label":" ","price":6.33},{"type":"B","date":"2018-03-20T02:45:30.000Z","volume":10000,"label":" ","price":6.33},{"type":"B","date":"2018-03-20T02:45:35.000Z","volume":2000,"label":" ","price":6.32},{"type":"U","date":"2018-03-20T02:45:48.000Z","volume":2000,"label":"X","price":6.31},{"type":"U","date":"2018-03-20T02:49:09.000Z","volume":2000,"label":"X","price":6.32},{"type":"B","date":"2018-03-20T02:52:06.000Z","volume":2000,"label":"Y","price":6.32},{"type":"B","date":"2018-03-20T02:52:06.000Z","volume":6000,"label":" ","price":6.32},{"type":"U","date":"2018-03-20T02:55:03.000Z","volume":2000,"label":"X","price":6.32},{"type":"B","date":"2018-03-20T02:59:59.000Z","volume":18000,"label":" ","price":6.32},{"type":"A","date":"2018-03-20T02:59:59.000Z","volume":2000,"label":" ","price":6.32},{"type":"B","date":"2018-03-20T03:03:48.000Z","volume":8000,"label":" ","price":6.31},{"type":"A","date":"2018-03-20T03:04:01.000Z","volume":14000,"label":" ","price":6.31},{"type":"A","date":"2018-03-20T03:04:01.000Z","volume":2000,"label":" ","price":6.32},{"type":"U","date":"2018-03-20T03:04:03.000Z","volume":2000,"label":"X","price":6.31},{"type":"B","date":"2018-03-20T03:04:25.000Z","volume":2000,"label":" ","price":6.31},{"type":"B","date":"2018-03-20T03:04:39.000Z","volume":2000,"label":"Y","price":6.31},{"type":"B","date":"2018-03-20T03:04:39.000Z","volume":2000,"label":" ","price":6.31},{"type":"B","date":"2018-03-20T03:07:58.000Z","volume":26000,"label":" ","price":6.3},{"type":"B","date":"2018-03-20T03:07:58.000Z","volume":26000,"label":" ","price":6.28},{"type":"A","date":"2018-03-20T03:07:59.000Z","volume":2000,"label":" ","price":6.31},{"type":"A","date":"2018-03-20T03:08:14.000Z","volume":4000,"label":"Y","price":6.31},{"type":"A","date":"2018-03-20T03:17:12.000Z","volume":2000,"label":"Y","price":6.31},{"type":"A","date":"2018-03-20T03:18:06.000Z","volume":2000,"label":" ","price":6.3},{"type":"A","date":"2018-03-20T03:24:00.000Z","volume":10000,"label":" ","price":6.3},{"type":"A","date":"2018-03-20T03:24:00.000Z","volume":6000,"label":" ","price":6.3},{"type":"A","date":"2018-03-20T03:24:00.000Z","volume":2000,"label":" ","price":6.31},{"type":"B","date":"2018-03-20T03:26:23.000Z","volume":26000,"label":" ","price":6.3},{"type":"A","date":"2018-03-20T03:26:23.000Z","volume":2000,"label":" ","price":6.31},{"type":"B","date":"2018-03-20T03:28:04.000Z","volume":24000,"label":" ","price":6.3},{"type":"A","date":"2018-03-20T03:30:48.000Z","volume":10000,"label":" ","price":6.31},{"type":"B","date":"2018-03-20T03:31:39.000Z","volume":18000,"label":" ","price":6.3},{"type":"B","date":"2018-03-20T03:32:00.000Z","volume":8000,"label":" ","price":6.3},{"type":"B","date":"2018-03-20T03:35:21.000Z","volume":2000,"label":" ","price":6.3},{"type":"U","date":"2018-03-20T03:36:06.000Z","volume":4000,"label":"X","price":6.3},{"type":"B","date":"2018-03-20T03:36:10.000Z","volume":2000,"label":" ","price":6.3},{"type":"B","date":"2018-03-20T03:36:34.000Z","volume":8000,"label":" ","price":6.3},{"type":"B","date":"2018-03-20T03:36:34.000Z","volume":2000,"label":" ","price":6.3},{"type":"A","date":"2018-03-20T03:38:23.000Z","volume":8000,"label":" ","price":6.32},{"type":"B","date":"2018-03-20T03:40:05.000Z","volume":48000,"label":" ","price":6.3},{"type":"B","date":"2018-03-20T03:40:05.000Z","volume":6000,"label":" ","price":6.3},{"type":"U","date":"2018-03-20T03:40:06.000Z","volume":2000,"label":"X","price":6.3},{"type":"A","date":"2018-03-20T03:43:35.000Z","volume":50000,"label":" ","price":6.32},{"type":"A","date":"2018-03-20T03:43:35.000Z","volume":10000,"label":" ","price":6.32},{"type":"A","date":"2018-03-20T03:43:36.000Z","volume":28000,"label":" ","price":6.33},{"type":"A","date":"2018-03-20T03:43:36.000Z","volume":6000,"label":" ","price":6.33},{"type":"A","date":"2018-03-20T03:44:08.000Z","volume":4000,"label":" ","price":6.33},{"type":"A","date":"2018-03-20T03:46:45.000Z","volume":4000,"label":" ","price":6.33},{"type":"A","date":"2018-03-20T03:47:01.000Z","volume":2000,"label":" ","price":6.33},{"type":"A","date":"2018-03-20T03:48:37.000Z","volume":2000,"label":" ","price":6.33},{"type":"A","date":"2018-03-20T03:49:24.000Z","volume":6000,"label":" ","price":6.33},{"type":"A","date":"2018-03-20T03:49:24.000Z","volume":22000,"label":" ","price":6.33},{"type":"A","date":"2018-03-20T03:49:58.000Z","volume":6000,"label":" ","price":6.34},{"type":"A","date":"2018-03-20T03:50:18.000Z","volume":50000,"label":" ","price":6.34},{"type":"A","date":"2018-03-20T03:50:18.000Z","volume":20000,"label":" ","price":6.34},{"type":"A","date":"2018-03-20T03:50:18.000Z","volume":60000,"label":" ","price":6.34},{"type":"A","date":"2018-03-20T03:50:20.000Z","volume":20000,"label":" ","price":6.35},{"type":"A","date":"2018-03-20T03:50:20.000Z","volume":38000,"label":" ","price":6.35},{"type":"A","date":"2018-03-20T03:50:20.000Z","volume":4000,"label":" ","price":6.35},{"type":"A","date":"2018-03-20T03:50:21.000Z","volume":4000,"label":" ","price":6.35},{"type":"A","date":"2018-03-20T03:50:21.000Z","volume":2000,"label":" ","price":6.35},{"type":"A","date":"2018-03-20T03:51:06.000Z","volume":8000,"label":" ","price":6.35},{"type":"A","date":"2018-03-20T03:51:37.000Z","volume":16000,"label":" ","price":6.35},{"type":"A","date":"2018-03-20T03:51:37.000Z","volume":4000,"label":" ","price":6.35},{"type":"A","date":"2018-03-20T03:51:37.000Z","volume":2000,"label":" ","price":6.35},{"type":"A","date":"2018-03-20T03:51:59.000Z","volume":4000,"label":" ","price":6.35},{"type":"A","date":"2018-03-20T03:52:01.000Z","volume":10000,"label":" ","price":6.35},{"type":"A","date":"2018-03-20T03:52:09.000Z","volume":20000,"label":" ","price":6.35},{"type":"A","date":"2018-03-20T03:52:09.000Z","volume":8000,"label":" ","price":6.35},{"type":"A","date":"2018-03-20T03:52:15.000Z","volume":2000,"label":" ","price":6.35},{"type":"A","date":"2018-03-20T03:52:34.000Z","volume":22000,"label":" ","price":6.35},{"type":"B","date":"2018-03-20T03:52:50.000Z","volume":2000,"label":" ","price":6.34},{"type":"A","date":"2018-03-20T03:52:55.000Z","volume":10000,"label":" ","price":6.35},{"type":"A","date":"2018-03-20T03:53:25.000Z","volume":10000,"label":" ","price":6.35},{"type":"A","date":"2018-03-20T03:53:49.000Z","volume":2000,"label":" ","price":6.35},{"type":"A","date":"2018-03-20T03:54:31.000Z","volume":10000,"label":" ","price":6.35},{"type":"A","date":"2018-03-20T03:55:16.000Z","volume":4000,"label":" ","price":6.35},{"type":"A","date":"2018-03-20T03:55:30.000Z","volume":6000,"label":" ","price":6.35},{"type":"A","date":"2018-03-20T03:56:16.000Z","volume":4000,"label":" ","price":6.35},{"type":"A","date":"2018-03-20T03:56:21.000Z","volume":6000,"label":" ","price":6.35},{"type":"A","date":"2018-03-20T03:56:38.000Z","volume":2000,"label":" ","price":6.35},{"type":"A","date":"2018-03-20T03:57:37.000Z","volume":10000,"label":" ","price":6.35},{"type":"A","date":"2018-03-20T03:57:40.000Z","volume":10000,"label":" ","price":6.35},{"type":"A","date":"2018-03-20T03:57:59.000Z","volume":10000,"label":" ","price":6.35},{"type":"A","date":"2018-03-20T03:58:54.000Z","volume":4000,"label":" ","price":6.35},{"type":"U","date":"2018-03-20T03:59:07.000Z","volume":2000,"label":"X","price":6.34},{"type":"A","date":"2018-03-20T03:59:43.000Z","volume":10000,"label":" ","price":6.35},{"type":"B","date":"2018-03-20T03:59:50.000Z","volume":16000,"label":" ","price":6.34},{"type":"A","date":"2018-03-20T05:00:06.000Z","volume":4000,"label":" ","price":6.34},{"type":"B","date":"2018-03-20T05:00:11.000Z","volume":2000,"label":" ","price":6.32},{"type":"A","date":"2018-03-20T05:00:30.000Z","volume":2000,"label":" ","price":6.34},{"type":"U","date":"2018-03-20T05:01:08.000Z","volume":2000,"label":"X","price":6.32},{"type":"A","date":"2018-03-20T05:01:11.000Z","volume":10000,"label":" ","price":6.34},{"type":"A","date":"2018-03-20T05:01:11.000Z","volume":16000,"label":" ","price":6.34},{"type":"A","date":"2018-03-20T05:02:51.000Z","volume":12000,"label":" ","price":6.35},{"type":"A","date":"2018-03-20T05:03:44.000Z","volume":2000,"label":" ","price":6.35},{"type":"A","date":"2018-03-20T05:03:50.000Z","volume":60000,"label":" ","price":6.35},{"type":"A","date":"2018-03-20T05:03:50.000Z","volume":6000,"label":" ","price":6.35},{"type":"U","date":"2018-03-20T05:03:50.000Z","volume":28000,"label":" ","price":6.35},{"type":"A","date":"2018-03-20T05:04:12.000Z","volume":6000,"label":" ","price":6.35},{"type":"A","date":"2018-03-20T05:04:26.000Z","volume":18000,"label":" ","price":6.35},{"type":"A","date":"2018-03-20T05:04:41.000Z","volume":54000,"label":" ","price":6.35},{"type":"A","date":"2018-03-20T05:04:41.000Z","volume":12000,"label":" ","price":6.35},{"type":"A","date":"2018-03-20T05:04:41.000Z","volume":2000,"label":" ","price":6.35},{"type":"B","date":"2018-03-20T05:05:18.000Z","volume":28000,"label":" ","price":6.34},{"type":"A","date":"2018-03-20T05:05:44.000Z","volume":10000,"label":"Y","price":6.36},{"type":"A","date":"2018-03-20T05:05:44.000Z","volume":28000,"label":" ","price":6.36},{"type":"A","date":"2018-03-20T05:05:58.000Z","volume":24000,"label":" ","price":6.37},{"type":"A","date":"2018-03-20T05:05:58.000Z","volume":46000,"label":" ","price":6.38},{"type":"A","date":"2018-03-20T05:06:12.000Z","volume":4000,"label":" ","price":6.38},{"type":"A","date":"2018-03-20T05:06:24.000Z","volume":4000,"label":" ","price":6.39},{"type":"A","date":"2018-03-20T05:06:31.000Z","volume":4000,"label":" ","price":6.39},{"type":"A","date":"2018-03-20T05:07:14.000Z","volume":10000,"label":" ","price":6.39},{"type":"A","date":"2018-03-20T05:07:18.000Z","volume":8000,"label":" ","price":6.39},{"type":"A","date":"2018-03-20T05:07:18.000Z","volume":10000,"label":" ","price":6.39},{"type":"A","date":"2018-03-20T05:07:18.000Z","volume":6000,"label":" ","price":6.39},{"type":"A","date":"2018-03-20T05:07:31.000Z","volume":6000,"label":" ","price":6.4},{"type":"A","date":"2018-03-20T05:07:31.000Z","volume":6000,"label":" ","price":6.4},{"type":"A","date":"2018-03-20T05:07:34.000Z","volume":4000,"label":" ","price":6.4},{"type":"A","date":"2018-03-20T05:08:04.000Z","volume":2000,"label":" ","price":6.4},{"type":"A","date":"2018-03-20T05:08:04.000Z","volume":4000,"label":" ","price":6.4},{"type":"B","date":"2018-03-20T05:08:16.000Z","volume":8000,"label":" ","price":6.39},{"type":"A","date":"2018-03-20T05:08:17.000Z","volume":2000,"label":" ","price":6.4},{"type":"A","date":"2018-03-20T05:08:28.000Z","volume":10000,"label":" ","price":6.4},{"type":"B","date":"2018-03-20T05:08:46.000Z","volume":18000,"label":" ","price":6.38},{"type":"A","date":"2018-03-20T05:09:00.000Z","volume":4000,"label":" ","price":6.4},{"type":"A","date":"2018-03-20T05:10:02.000Z","volume":4000,"label":" ","price":6.4},{"type":"B","date":"2018-03-20T05:10:15.000Z","volume":6000,"label":" ","price":6.39},{"type":"B","date":"2018-03-20T05:10:31.000Z","volume":4000,"label":" ","price":6.39},{"type":"B","date":"2018-03-20T05:10:31.000Z","volume":42000,"label":" ","price":6.38},{"type":"B","date":"2018-03-20T05:10:39.000Z","volume":16000,"label":" ","price":6.39},{"type":"A","date":"2018-03-20T05:10:49.000Z","volume":20000,"label":" ","price":6.4},{"type":"A","date":"2018-03-20T05:11:36.000Z","volume":6000,"label":" ","price":6.4},{"type":"A","date":"2018-03-20T05:12:24.000Z","volume":2000,"label":" ","price":6.4},{"type":"A","date":"2018-03-20T05:12:29.000Z","volume":30000,"label":" ","price":6.4},{"type":"A","date":"2018-03-20T05:12:30.000Z","volume":2000,"label":" ","price":6.4},{"type":"A","date":"2018-03-20T05:12:30.000Z","volume":10000,"label":" ","price":6.4},{"type":"B","date":"2018-03-20T05:12:55.000Z","volume":22000,"label":" ","price":6.4},{"type":"A","date":"2018-03-20T05:13:21.000Z","volume":4000,"label":" ","price":6.42},{"type":"B","date":"2018-03-20T05:13:21.000Z","volume":2000,"label":" ","price":6.42},{"type":"A","date":"2018-03-20T05:13:51.000Z","volume":2000,"label":" ","price":6.43},{"type":"A","date":"2018-03-20T05:13:56.000Z","volume":2000,"label":" ","price":6.43},{"type":"A","date":"2018-03-20T05:14:03.000Z","volume":2000,"label":" ","price":6.43},{"type":"B","date":"2018-03-20T05:14:17.000Z","volume":16000,"label":" ","price":6.42},{"type":"B","date":"2018-03-20T05:14:17.000Z","volume":2000,"label":" ","price":6.4},{"type":"B","date":"2018-03-20T05:14:17.000Z","volume":10000,"label":" ","price":6.39},{"type":"B","date":"2018-03-20T05:14:39.000Z","volume":2000,"label":" ","price":6.38},{"type":"A","date":"2018-03-20T05:14:45.000Z","volume":4000,"label":" ","price":6.39},{"type":"A","date":"2018-03-20T05:15:11.000Z","volume":22000,"label":" ","price":6.39},{"type":"B","date":"2018-03-20T05:15:11.000Z","volume":8000,"label":" ","price":6.38},{"type":"B","date":"2018-03-20T05:15:11.000Z","volume":6000,"label":" ","price":6.38},{"type":"A","date":"2018-03-20T05:15:22.000Z","volume":4000,"label":" ","price":6.39},{"type":"B","date":"2018-03-20T05:18:00.000Z","volume":6000,"label":" ","price":6.38},{"type":"B","date":"2018-03-20T05:22:55.000Z","volume":36000,"label":" ","price":6.36},{"type":"U","date":"2018-03-20T05:23:24.000Z","volume":1360,"label":"D","price":6.29},{"type":"B","date":"2018-03-20T05:23:51.000Z","volume":12000,"label":" ","price":6.36},{"type":"B","date":"2018-03-20T05:23:51.000Z","volume":38000,"label":" ","price":6.35},{"type":"B","date":"2018-03-20T05:29:30.000Z","volume":30000,"label":" ","price":6.36},{"type":"B","date":"2018-03-20T05:31:28.000Z","volume":20000,"label":" ","price":6.36},{"type":"U","date":"2018-03-20T05:33:35.000Z","volume":2000,"label":"X","price":6.35},{"type":"U","date":"2018-03-20T05:35:35.000Z","volume":2000,"label":"X","price":6.37},{"type":"B","date":"2018-03-20T05:35:47.000Z","volume":4000,"label":" ","price":6.37},{"type":"B","date":"2018-03-20T05:35:47.000Z","volume":20000,"label":" ","price":6.36},{"type":"A","date":"2018-03-20T05:35:47.000Z","volume":2000,"label":" ","price":6.36},{"type":"A","date":"2018-03-20T05:35:48.000Z","volume":10000,"label":"Y","price":6.38},{"type":"B","date":"2018-03-20T05:37:35.000Z","volume":2000,"label":" ","price":6.36},{"type":"A","date":"2018-03-20T05:39:03.000Z","volume":2000,"label":" ","price":6.37},{"type":"A","date":"2018-03-20T05:39:09.000Z","volume":4000,"label":" ","price":6.37},{"type":"U","date":"2018-03-20T05:39:36.000Z","volume":2000,"label":"X","price":6.36},{"type":"B","date":"2018-03-20T05:43:57.000Z","volume":6000,"label":" ","price":6.37},{"type":"B","date":"2018-03-20T05:44:02.000Z","volume":10000,"label":" ","price":6.37},{"type":"U","date":"2018-03-20T05:44:06.000Z","volume":2000,"label":"X","price":6.36},{"type":"B","date":"2018-03-20T05:47:04.000Z","volume":12000,"label":" ","price":6.37},{"type":"B","date":"2018-03-20T05:47:04.000Z","volume":4000,"label":" ","price":6.36},{"type":"B","date":"2018-03-20T05:47:50.000Z","volume":14000,"label":" ","price":6.36},{"type":"B","date":"2018-03-20T05:48:47.000Z","volume":8000,"label":" ","price":6.36},{"type":"A","date":"2018-03-20T05:48:57.000Z","volume":6000,"label":" ","price":6.36},{"type":"B","date":"2018-03-20T05:49:10.000Z","volume":20000,"label":" ","price":6.35},{"type":"B","date":"2018-03-20T05:51:09.000Z","volume":28000,"label":" ","price":6.34},{"type":"B","date":"2018-03-20T05:51:09.000Z","volume":38000,"label":" ","price":6.33},{"type":"B","date":"2018-03-20T05:51:09.000Z","volume":20000,"label":" ","price":6.32},{"type":"B","date":"2018-03-20T05:51:09.000Z","volume":92000,"label":" ","price":6.31},{"type":"B","date":"2018-03-20T05:51:09.000Z","volume":6000,"label":"Y","price":6.3},{"type":"B","date":"2018-03-20T05:51:09.000Z","volume":112000,"label":" ","price":6.3},{"type":"B","date":"2018-03-20T05:51:09.000Z","volume":4000,"label":" ","price":6.3},{"type":"A","date":"2018-03-20T05:51:21.000Z","volume":10000,"label":" ","price":6.34},{"type":"A","date":"2018-03-20T05:52:08.000Z","volume":2000,"label":" ","price":6.34},{"type":"A","date":"2018-03-20T05:55:01.000Z","volume":2000,"label":" ","price":6.35},{"type":"A","date":"2018-03-20T05:55:09.000Z","volume":2000,"label":" ","price":6.35},{"type":"U","date":"2018-03-20T05:55:36.000Z","volume":2000,"label":"X","price":6.35},{"type":"U","date":"2018-03-20T05:57:06.000Z","volume":2000,"label":"X","price":6.35},{"type":"A","date":"2018-03-20T05:58:21.000Z","volume":4000,"label":" ","price":6.36},{"type":"B","date":"2018-03-20T05:59:25.000Z","volume":30000,"label":" ","price":6.35},{"type":"B","date":"2018-03-20T05:59:25.000Z","volume":18000,"label":" ","price":6.34},{"type":"B","date":"2018-03-20T05:59:25.000Z","volume":6000,"label":" ","price":6.33},{"type":"B","date":"2018-03-20T05:59:25.000Z","volume":30000,"label":" ","price":6.32},{"type":"B","date":"2018-03-20T05:59:25.000Z","volume":16000,"label":" ","price":6.32},{"type":"B","date":"2018-03-20T05:59:25.000Z","volume":2000,"label":" ","price":6.32},{"type":"A","date":"2018-03-20T05:59:56.000Z","volume":2000,"label":" ","price":6.36},{"type":"A","date":"2018-03-20T06:03:11.000Z","volume":10000,"label":" ","price":6.36},{"type":"U","date":"2018-03-20T06:03:34.000Z","volume":2000,"label":"X","price":6.35},{"type":"A","date":"2018-03-20T06:05:22.000Z","volume":8000,"label":" ","price":6.36},{"type":"A","date":"2018-03-20T06:05:37.000Z","volume":56000,"label":" ","price":6.36},{"type":"A","date":"2018-03-20T06:05:37.000Z","volume":54000,"label":" ","price":6.36},{"type":"A","date":"2018-03-20T06:05:41.000Z","volume":38000,"label":" ","price":6.36},{"type":"A","date":"2018-03-20T06:05:41.000Z","volume":10000,"label":" ","price":6.36},{"type":"A","date":"2018-03-20T06:05:42.000Z","volume":12000,"label":" ","price":6.36},{"type":"A","date":"2018-03-20T06:07:03.000Z","volume":50000,"label":" ","price":6.38},{"type":"A","date":"2018-03-20T06:08:10.000Z","volume":2000,"label":" ","price":6.38},{"type":"B","date":"2018-03-20T06:08:34.000Z","volume":10000,"label":" ","price":6.37},{"type":"A","date":"2018-03-20T06:08:34.000Z","volume":2000,"label":" ","price":6.38},{"type":"A","date":"2018-03-20T06:09:13.000Z","volume":18000,"label":" ","price":6.38},{"type":"U","date":"2018-03-20T06:10:04.000Z","volume":2000,"label":"X","price":6.37},{"type":"B","date":"2018-03-20T06:12:03.000Z","volume":30000,"label":" ","price":6.37},{"type":"B","date":"2018-03-20T06:12:39.000Z","volume":20000,"label":" ","price":6.36},{"type":"B","date":"2018-03-20T06:13:14.000Z","volume":6000,"label":" ","price":6.36},{"type":"A","date":"2018-03-20T06:14:59.000Z","volume":8000,"label":" ","price":6.37},{"type":"B","date":"2018-03-20T06:15:05.000Z","volume":10000,"label":" ","price":6.36},{"type":"A","date":"2018-03-20T06:15:21.000Z","volume":10000,"label":" ","price":6.36},{"type":"B","date":"2018-03-20T06:16:03.000Z","volume":16000,"label":" ","price":6.35},{"type":"A","date":"2018-03-20T06:16:06.000Z","volume":30000,"label":" ","price":6.36},{"type":"A","date":"2018-03-20T06:16:06.000Z","volume":40000,"label":" ","price":6.37},{"type":"A","date":"2018-03-20T06:16:15.000Z","volume":2000,"label":" ","price":6.38},{"type":"B","date":"2018-03-20T06:17:17.000Z","volume":140000,"label":" ","price":6.37},{"type":"U","date":"2018-03-20T06:17:26.000Z","volume":2000,"label":"X","price":6.37},{"type":"B","date":"2018-03-20T06:18:18.000Z","volume":18000,"label":" ","price":6.37},{"type":"B","date":"2018-03-20T06:18:38.000Z","volume":12000,"label":" ","price":6.37},{"type":"B","date":"2018-03-20T06:19:07.000Z","volume":18000,"label":" ","price":6.36},{"type":"B","date":"2018-03-20T06:19:15.000Z","volume":10000,"label":" ","price":6.36},{"type":"B","date":"2018-03-20T06:20:43.000Z","volume":20000,"label":" ","price":6.35},{"type":"A","date":"2018-03-20T06:22:40.000Z","volume":14000,"label":" ","price":6.37},{"type":"B","date":"2018-03-20T06:22:57.000Z","volume":22000,"label":" ","price":6.35},{"type":"A","date":"2018-03-20T06:23:51.000Z","volume":6000,"label":" ","price":6.35},{"type":"A","date":"2018-03-20T06:24:48.000Z","volume":4000,"label":" ","price":6.35},{"type":"B","date":"2018-03-20T06:25:49.000Z","volume":2000,"label":" ","price":6.35},{"type":"B","date":"2018-03-20T06:27:43.000Z","volume":20000,"label":" ","price":6.35},{"type":"A","date":"2018-03-20T06:27:44.000Z","volume":20000,"label":"Y","price":6.36},{"type":"U","date":"2018-03-20T06:28:38.000Z","volume":2000,"label":"X","price":6.35},{"type":"B","date":"2018-03-20T06:29:40.000Z","volume":4000,"label":" ","price":6.35},{"type":"A","date":"2018-03-20T06:29:46.000Z","volume":8000,"label":" ","price":6.35},{"type":"B","date":"2018-03-20T06:32:08.000Z","volume":18000,"label":" ","price":6.35},{"type":"B","date":"2018-03-20T06:33:49.000Z","volume":20000,"label":" ","price":6.35},{"type":"B","date":"2018-03-20T06:34:11.000Z","volume":2000,"label":" ","price":6.34},{"type":"A","date":"2018-03-20T06:36:38.000Z","volume":6000,"label":" ","price":6.36},{"type":"A","date":"2018-03-20T06:37:00.000Z","volume":4000,"label":" ","price":6.36},{"type":"B","date":"2018-03-20T06:37:14.000Z","volume":10000,"label":" ","price":6.36},{"type":"B","date":"2018-03-20T06:37:14.000Z","volume":16000,"label":" ","price":6.35},{"type":"U","date":"2018-03-20T06:37:28.000Z","volume":2000,"label":"X","price":6.35},{"type":"B","date":"2018-03-20T06:38:03.000Z","volume":12000,"label":" ","price":6.35},{"type":"B","date":"2018-03-20T06:40:22.000Z","volume":24000,"label":" ","price":6.35},{"type":"U","date":"2018-03-20T06:40:55.000Z","volume":2000,"label":"X","price":6.35},{"type":"B","date":"2018-03-20T06:41:32.000Z","volume":12000,"label":" ","price":6.35},{"type":"A","date":"2018-03-20T06:45:37.000Z","volume":20000,"label":" ","price":6.35},{"type":"A","date":"2018-03-20T06:45:37.000Z","volume":2000,"label":" ","price":6.36},{"type":"A","date":"2018-03-20T06:45:45.000Z","volume":20000,"label":" ","price":6.37},{"type":"A","date":"2018-03-20T06:46:01.000Z","volume":4000,"label":" ","price":6.36},{"type":"A","date":"2018-03-20T06:46:01.000Z","volume":2000,"label":" ","price":6.36},{"type":"B","date":"2018-03-20T06:46:31.000Z","volume":18000,"label":" ","price":6.35},{"type":"B","date":"2018-03-20T06:47:11.000Z","volume":42000,"label":" ","price":6.35},{"type":"U","date":"2018-03-20T06:47:25.000Z","volume":2000,"label":"X","price":6.35},{"type":"A","date":"2018-03-20T06:47:27.000Z","volume":10000,"label":"Y","price":6.36},{"type":"B","date":"2018-03-20T06:48:05.000Z","volume":2000,"label":" ","price":6.35},{"type":"B","date":"2018-03-20T06:48:09.000Z","volume":36000,"label":" ","price":6.35},{"type":"B","date":"2018-03-20T06:48:09.000Z","volume":2000,"label":" ","price":6.35},{"type":"B","date":"2018-03-20T06:52:01.000Z","volume":16000,"label":" ","price":6.35},{"type":"B","date":"2018-03-20T06:52:24.000Z","volume":10000,"label":" ","price":6.35},{"type":"A","date":"2018-03-20T06:52:33.000Z","volume":10000,"label":" ","price":6.35},{"type":"A","date":"2018-03-20T06:52:39.000Z","volume":10000,"label":" ","price":6.35},{"type":"A","date":"2018-03-20T06:52:39.000Z","volume":2000,"label":" ","price":6.35},{"type":"B","date":"2018-03-20T06:54:39.000Z","volume":14000,"label":" ","price":6.35},{"type":"U","date":"2018-03-20T06:54:55.000Z","volume":2000,"label":"X","price":6.36},{"type":"B","date":"2018-03-20T06:55:16.000Z","volume":4000,"label":" ","price":6.36},{"type":"B","date":"2018-03-20T06:55:57.000Z","volume":2000,"label":" ","price":6.36},{"type":"A","date":"2018-03-20T06:57:16.000Z","volume":48000,"label":" ","price":6.37},{"type":"A","date":"2018-03-20T06:57:16.000Z","volume":30000,"label":" ","price":6.38},{"type":"A","date":"2018-03-20T06:57:43.000Z","volume":2000,"label":" ","price":6.38},{"type":"B","date":"2018-03-20T06:58:03.000Z","volume":20000,"label":" ","price":6.36},{"type":"B","date":"2018-03-20T06:58:39.000Z","volume":32000,"label":" ","price":6.36},{"type":"B","date":"2018-03-20T06:59:58.000Z","volume":18000,"label":" ","price":6.35},{"type":"B","date":"2018-03-20T07:03:11.000Z","volume":8000,"label":" ","price":6.35},{"type":"B","date":"2018-03-20T07:03:25.000Z","volume":20000,"label":" ","price":6.35},{"type":"A","date":"2018-03-20T07:03:39.000Z","volume":8000,"label":" ","price":6.35},{"type":"B","date":"2018-03-20T07:08:29.000Z","volume":48000,"label":" ","price":6.35},{"type":"B","date":"2018-03-20T07:11:17.000Z","volume":36000,"label":" ","price":6.35},{"type":"A","date":"2018-03-20T07:18:43.000Z","volume":2000,"label":" ","price":6.36},{"type":"A","date":"2018-03-20T07:19:26.000Z","volume":10000,"label":" ","price":6.36},{"type":"B","date":"2018-03-20T07:19:32.000Z","volume":32000,"label":" ","price":6.35},{"type":"U","date":"2018-03-20T07:21:00.000Z","volume":2000,"label":"X","price":6.35},{"type":"U","date":"2018-03-20T07:22:14.000Z","volume":2000,"label":"X","price":6.35},{"type":"U","date":"2018-03-20T07:22:56.000Z","volume":4000,"label":"X","price":6.35},{"type":"B","date":"2018-03-20T07:23:09.000Z","volume":2000,"label":" ","price":6.35},{"type":"U","date":"2018-03-20T07:23:27.000Z","volume":2000,"label":"X","price":6.35},{"type":"U","date":"2018-03-20T07:24:58.000Z","volume":2000,"label":"X","price":6.35},{"type":"A","date":"2018-03-20T07:28:28.000Z","volume":8000,"label":"Y","price":6.36},{"type":"A","date":"2018-03-20T07:28:28.000Z","volume":16000,"label":" ","price":6.36},{"type":"B","date":"2018-03-20T07:28:45.000Z","volume":4000,"label":" ","price":6.36},{"type":"B","date":"2018-03-20T07:29:58.000Z","volume":2000,"label":" ","price":6.36},{"type":"U","date":"2018-03-20T07:29:58.000Z","volume":2000,"label":"X","price":6.36},{"type":"B","date":"2018-03-20T07:31:22.000Z","volume":2000,"label":" ","price":6.36},{"type":"B","date":"2018-03-20T07:32:40.000Z","volume":4000,"label":" ","price":6.36},{"type":"B","date":"2018-03-20T07:37:27.000Z","volume":76000,"label":" ","price":6.36},{"type":"U","date":"2018-03-20T07:38:07.000Z","volume":2000,"label":"X","price":6.36},{"type":"U","date":"2018-03-20T07:38:59.000Z","volume":2000,"label":"X","price":6.36},{"type":"B","date":"2018-03-20T07:39:57.000Z","volume":6000,"label":" ","price":6.36},{"type":"A","date":"2018-03-20T07:40:02.000Z","volume":6000,"label":" ","price":6.36},{"type":"A","date":"2018-03-20T07:40:06.000Z","volume":4000,"label":" ","price":6.36},{"type":"B","date":"2018-03-20T07:40:15.000Z","volume":52000,"label":" ","price":6.35},{"type":"A","date":"2018-03-20T07:41:33.000Z","volume":8000,"label":" ","price":6.35},{"type":"A","date":"2018-03-20T07:41:47.000Z","volume":2000,"label":" ","price":6.35},{"type":"B","date":"2018-03-20T07:42:27.000Z","volume":2000,"label":" ","price":6.35},{"type":"B","date":"2018-03-20T07:42:56.000Z","volume":38000,"label":" ","price":6.34},{"type":"A","date":"2018-03-20T07:42:57.000Z","volume":14000,"label":" ","price":6.34},{"type":"A","date":"2018-03-20T07:43:02.000Z","volume":52000,"label":" ","price":6.34},{"type":"A","date":"2018-03-20T07:43:02.000Z","volume":40000,"label":" ","price":6.34},{"type":"A","date":"2018-03-20T07:43:02.000Z","volume":18000,"label":" ","price":6.34},{"type":"A","date":"2018-03-20T07:43:22.000Z","volume":6000,"label":" ","price":6.35},{"type":"B","date":"2018-03-20T07:49:47.000Z","volume":2000,"label":" ","price":6.35},{"type":"A","date":"2018-03-20T07:52:08.000Z","volume":2000,"label":" ","price":6.36},{"type":"A","date":"2018-03-20T07:52:08.000Z","volume":4000,"label":" ","price":6.37},{"type":"A","date":"2018-03-20T07:52:25.000Z","volume":2000,"label":" ","price":6.37},{"type":"B","date":"2018-03-20T07:53:16.000Z","volume":2000,"label":" ","price":6.35},{"type":"A","date":"2018-03-20T07:55:05.000Z","volume":4000,"label":" ","price":6.37},{"type":"A","date":"2018-03-20T07:55:45.000Z","volume":2000,"label":" ","price":6.37},{"type":"A","date":"2018-03-20T07:56:21.000Z","volume":10000,"label":"Y","price":6.37},{"type":"A","date":"2018-03-20T07:57:04.000Z","volume":6000,"label":" ","price":6.37},{"type":"B","date":"2018-03-20T07:57:44.000Z","volume":22000,"label":" ","price":6.36},{"type":"A","date":"2018-03-20T07:58:21.000Z","volume":2000,"label":" ","price":6.37},{"type":"A","date":"2018-03-20T07:58:51.000Z","volume":2000,"label":" ","price":6.37},{"type":"A","date":"2018-03-20T07:59:02.000Z","volume":2000,"label":" ","price":6.37},{"type":"A","date":"2018-03-20T07:59:09.000Z","volume":6000,"label":" ","price":6.37},{"type":"B","date":"2018-03-20T07:59:40.000Z","volume":18000,"label":" ","price":6.36},{"type":"B","date":"2018-03-20T07:59:55.000Z","volume":2000,"label":" ","price":6.35},{"type":"U","date":"2018-03-20T08:08:31.000Z","volume":34000,"label":"U","price":6.38}]