[{"type":"B","date":"2018-04-16T02:01:30.000Z","volume":2000,"label":" ","price":1.37},{"type":"B","date":"2018-04-16T02:12:47.000Z","volume":14000,"label":" ","price":1.37},{"type":"A","date":"2018-04-16T02:17:22.000Z","volume":54000,"label":" ","price":1.37},{"type":"B","date":"2018-04-16T02:32:34.000Z","volume":36000,"label":" ","price":1.37},{"type":"B","date":"2018-04-16T02:35:40.000Z","volume":10000,"label":" ","price":1.36},{"type":"B","date":"2018-04-16T03:09:51.000Z","volume":30000,"label":" ","price":1.37},{"type":"A","date":"2018-04-16T03:24:19.000Z","volume":14000,"label":" ","price":1.39},{"type":"B","date":"2018-04-16T03:24:57.000Z","volume":32000,"label":" ","price":1.39},{"type":"B","date":"2018-04-16T03:34:29.000Z","volume":80000,"label":" ","price":1.39},{"type":"B","date":"2018-04-16T03:47:45.000Z","volume":10000,"label":" ","price":1.39},{"type":"B","date":"2018-04-16T03:59:17.000Z","volume":4000,"label":" ","price":1.39},{"type":"B","date":"2018-04-16T05:11:55.000Z","volume":8000,"label":" ","price":1.39},{"type":"B","date":"2018-04-16T05:21:47.000Z","volume":2000,"label":" ","price":1.39},{"type":"B","date":"2018-04-16T05:43:11.000Z","volume":10000,"label":" ","price":1.38},{"type":"B","date":"2018-04-16T05:55:48.000Z","volume":6000,"label":" ","price":1.38},{"type":"A","date":"2018-04-16T06:04:24.000Z","volume":48000,"label":" ","price":1.4},{"type":"B","date":"2018-04-16T06:29:27.000Z","volume":14000,"label":" ","price":1.4},{"type":"B","date":"2018-04-16T06:34:40.000Z","volume":12000,"label":" ","price":1.4},{"type":"B","date":"2018-04-16T06:56:35.000Z","volume":4000,"label":" ","price":1.4},{"type":"B","date":"2018-04-16T07:16:55.000Z","volume":20000,"label":" ","price":1.4},{"type":"B","date":"2018-04-16T07:18:19.000Z","volume":20000,"label":" ","price":1.4},{"type":"B","date":"2018-04-16T07:21:22.000Z","volume":10000,"label":" ","price":1.4},{"type":"B","date":"2018-04-16T07:30:07.000Z","volume":20000,"label":" ","price":1.4},{"type":"B","date":"2018-04-16T07:47:19.000Z","volume":10000,"label":" ","price":1.4},{"type":"B","date":"2018-04-16T07:48:24.000Z","volume":30000,"label":" ","price":1.4},{"type":"B","date":"2018-04-16T07:52:35.000Z","volume":20000,"label":" ","price":1.4}]