[{"type":"A","date":"2018-04-09T01:32:17.000Z","volume":4000,"label":" ","price":11.28},{"type":"A","date":"2018-04-09T01:32:17.000Z","volume":1000,"label":" ","price":11.28},{"type":"A","date":"2018-04-09T01:32:17.000Z","volume":5000,"label":" ","price":11.28},{"type":"A","date":"2018-04-09T01:32:40.000Z","volume":22000,"label":" ","price":11.28},{"type":"A","date":"2018-04-09T01:32:40.000Z","volume":11000,"label":" ","price":11.3},{"type":"A","date":"2018-04-09T01:32:47.000Z","volume":2000,"label":" ","price":11.36},{"type":"A","date":"2018-04-09T01:32:47.000Z","volume":1000,"label":" ","price":11.36},{"type":"B","date":"2018-04-09T01:32:54.000Z","volume":3000,"label":" ","price":11.38},{"type":"B","date":"2018-04-09T01:33:01.000Z","volume":4000,"label":" ","price":11.38},{"type":"B","date":"2018-04-09T01:33:01.000Z","volume":1000,"label":" ","price":11.38},{"type":"B","date":"2018-04-09T01:33:01.000Z","volume":1000,"label":" ","price":11.38},{"type":"B","date":"2018-04-09T01:33:01.000Z","volume":1000,"label":" ","price":11.38},{"type":"B","date":"2018-04-09T01:33:02.000Z","volume":2000,"label":" ","price":11.38},{"type":"B","date":"2018-04-09T01:33:31.000Z","volume":4000,"label":" ","price":11.3},{"type":"A","date":"2018-04-09T01:33:39.000Z","volume":19000,"label":" ","price":11.36},{"type":"A","date":"2018-04-09T01:33:46.000Z","volume":1000,"label":" ","price":11.36},{"type":"A","date":"2018-04-09T01:34:02.000Z","volume":2000,"label":" ","price":11.36},{"type":"A","date":"2018-04-09T01:34:05.000Z","volume":25000,"label":" ","price":11.36},{"type":"B","date":"2018-04-09T01:34:05.000Z","volume":2000,"label":" ","price":11.34},{"type":"A","date":"2018-04-09T01:34:05.000Z","volume":3000,"label":" ","price":11.36},{"type":"B","date":"2018-04-09T01:34:07.000Z","volume":2000,"label":" ","price":11.36},{"type":"A","date":"2018-04-09T01:34:14.000Z","volume":21000,"label":" ","price":11.36},{"type":"A","date":"2018-04-09T01:34:16.000Z","volume":3000,"label":" ","price":11.36},{"type":"B","date":"2018-04-09T01:34:16.000Z","volume":2000,"label":" ","price":11.34},{"type":"B","date":"2018-04-09T01:34:20.000Z","volume":15000,"label":" ","price":11.34},{"type":"A","date":"2018-04-09T01:34:24.000Z","volume":4000,"label":" ","price":11.34},{"type":"A","date":"2018-04-09T01:34:26.000Z","volume":1000,"label":" ","price":11.34},{"type":"A","date":"2018-04-09T01:34:57.000Z","volume":13000,"label":" ","price":11.34},{"type":"A","date":"2018-04-09T01:34:57.000Z","volume":1000,"label":" ","price":11.34},{"type":"B","date":"2018-04-09T01:35:06.000Z","volume":3000,"label":" ","price":11.34},{"type":"B","date":"2018-04-09T01:35:07.000Z","volume":4000,"label":" ","price":11.34},{"type":"B","date":"2018-04-09T01:35:07.000Z","volume":1000,"label":" ","price":11.34},{"type":"B","date":"2018-04-09T01:35:07.000Z","volume":4000,"label":" ","price":11.34},{"type":"B","date":"2018-04-09T01:35:11.000Z","volume":5000,"label":" ","price":11.34},{"type":"B","date":"2018-04-09T01:35:13.000Z","volume":3000,"label":" ","price":11.34},{"type":"B","date":"2018-04-09T01:35:13.000Z","volume":17000,"label":" ","price":11.32},{"type":"B","date":"2018-04-09T01:35:14.000Z","volume":1000,"label":" ","price":11.3},{"type":"B","date":"2018-04-09T01:35:16.000Z","volume":1000,"label":" ","price":11.28},{"type":"B","date":"2018-04-09T01:35:24.000Z","volume":5000,"label":" ","price":11.28},{"type":"B","date":"2018-04-09T01:35:34.000Z","volume":3000,"label":" ","price":11.26},{"type":"B","date":"2018-04-09T01:35:34.000Z","volume":11000,"label":" ","price":11.24},{"type":"A","date":"2018-04-09T01:35:37.000Z","volume":27000,"label":" ","price":11.26},{"type":"A","date":"2018-04-09T01:35:37.000Z","volume":3000,"label":" ","price":11.26},{"type":"A","date":"2018-04-09T01:35:48.000Z","volume":5000,"label":" ","price":11.32},{"type":"A","date":"2018-04-09T01:35:48.000Z","volume":25000,"label":" ","price":11.32},{"type":"A","date":"2018-04-09T01:35:50.000Z","volume":21000,"label":" ","price":11.32},{"type":"B","date":"2018-04-09T01:35:57.000Z","volume":17000,"label":" ","price":11.24},{"type":"B","date":"2018-04-09T01:35:59.000Z","volume":1000,"label":" ","price":11.22},{"type":"B","date":"2018-04-09T01:35:59.000Z","volume":1000,"label":" ","price":11.2},{"type":"B","date":"2018-04-09T01:36:08.000Z","volume":1000,"label":" ","price":11.18},{"type":"B","date":"2018-04-09T01:36:08.000Z","volume":1000,"label":" ","price":11.14},{"type":"B","date":"2018-04-09T01:36:10.000Z","volume":1000,"label":" ","price":10.98},{"type":"B","date":"2018-04-09T01:36:26.000Z","volume":2000,"label":" ","price":10.5},{"type":"B","date":"2018-04-09T01:36:26.000Z","volume":3000,"label":" ","price":10.5},{"type":"B","date":"2018-04-09T01:36:26.000Z","volume":2000,"label":" ","price":10.48},{"type":"A","date":"2018-04-09T01:36:27.000Z","volume":4000,"label":" ","price":11},{"type":"A","date":"2018-04-09T01:36:27.000Z","volume":1000,"label":" ","price":11.26},{"type":"B","date":"2018-04-09T01:37:02.000Z","volume":4000,"label":" ","price":11.04},{"type":"A","date":"2018-04-09T01:37:10.000Z","volume":2000,"label":" ","price":11.04},{"type":"A","date":"2018-04-09T01:37:32.000Z","volume":2000,"label":" ","price":11.2},{"type":"A","date":"2018-04-09T01:38:02.000Z","volume":3000,"label":" ","price":11.18},{"type":"A","date":"2018-04-09T01:38:02.000Z","volume":3000,"label":" ","price":11.18},{"type":"A","date":"2018-04-09T01:38:42.000Z","volume":20000,"label":" ","price":11.16},{"type":"A","date":"2018-04-09T01:38:47.000Z","volume":2000,"label":" ","price":11.16},{"type":"A","date":"2018-04-09T01:38:47.000Z","volume":3000,"label":" ","price":11.16},{"type":"A","date":"2018-04-09T01:39:29.000Z","volume":40000,"label":" ","price":11.1},{"type":"A","date":"2018-04-09T01:39:32.000Z","volume":2000,"label":" ","price":11.1},{"type":"A","date":"2018-04-09T01:39:32.000Z","volume":3000,"label":" ","price":11.1},{"type":"B","date":"2018-04-09T01:40:04.000Z","volume":10000,"label":" ","price":11.06},{"type":"A","date":"2018-04-09T01:40:16.000Z","volume":18000,"label":" ","price":11.12},{"type":"A","date":"2018-04-09T01:40:25.000Z","volume":20000,"label":" ","price":11.08},{"type":"A","date":"2018-04-09T01:40:32.000Z","volume":2000,"label":" ","price":11.1},{"type":"A","date":"2018-04-09T01:40:32.000Z","volume":2000,"label":" ","price":11.1},{"type":"B","date":"2018-04-09T01:40:37.000Z","volume":1000,"label":" ","price":11.04},{"type":"B","date":"2018-04-09T01:40:37.000Z","volume":1000,"label":" ","price":11.02},{"type":"U","date":"2018-04-09T01:40:42.000Z","volume":2000,"label":" ","price":11.08},{"type":"A","date":"2018-04-09T01:40:42.000Z","volume":22000,"label":" ","price":11.1},{"type":"A","date":"2018-04-09T01:40:42.000Z","volume":2000,"label":" ","price":11.12},{"type":"A","date":"2018-04-09T01:41:02.000Z","volume":30000,"label":" ","price":11.12},{"type":"A","date":"2018-04-09T01:41:08.000Z","volume":10000,"label":" ","price":11.1},{"type":"A","date":"2018-04-09T01:41:21.000Z","volume":20000,"label":" ","price":11.08},{"type":"B","date":"2018-04-09T01:41:22.000Z","volume":20000,"label":" ","price":11.06},{"type":"B","date":"2018-04-09T01:41:22.000Z","volume":2000,"label":" ","price":11.06},{"type":"U","date":"2018-04-09T01:41:22.000Z","volume":1000,"label":" ","price":11.06},{"type":"A","date":"2018-04-09T01:41:37.000Z","volume":4000,"label":" ","price":11.1},{"type":"B","date":"2018-04-09T01:41:38.000Z","volume":4000,"label":" ","price":11.04},{"type":"A","date":"2018-04-09T01:41:39.000Z","volume":5000,"label":" ","price":11.08},{"type":"A","date":"2018-04-09T01:42:10.000Z","volume":5000,"label":" ","price":11.06},{"type":"A","date":"2018-04-09T01:42:12.000Z","volume":9000,"label":" ","price":11.08},{"type":"B","date":"2018-04-09T01:43:03.000Z","volume":1000,"label":" ","price":11.02},{"type":"B","date":"2018-04-09T01:43:16.000Z","volume":1000,"label":" ","price":11},{"type":"B","date":"2018-04-09T01:43:16.000Z","volume":8000,"label":" ","price":11},{"type":"B","date":"2018-04-09T01:43:29.000Z","volume":1000,"label":" ","price":10.98},{"type":"A","date":"2018-04-09T01:43:47.000Z","volume":30000,"label":" ","price":11},{"type":"B","date":"2018-04-09T01:43:58.000Z","volume":4000,"label":" ","price":10.92},{"type":"B","date":"2018-04-09T01:43:58.000Z","volume":5000,"label":" ","price":10.92},{"type":"B","date":"2018-04-09T01:44:24.000Z","volume":3000,"label":" ","price":10.9},{"type":"B","date":"2018-04-09T01:44:33.000Z","volume":5000,"label":" ","price":10.88},{"type":"A","date":"2018-04-09T01:44:39.000Z","volume":25000,"label":" ","price":10.96},{"type":"A","date":"2018-04-09T01:44:43.000Z","volume":1000,"label":" ","price":10.96},{"type":"B","date":"2018-04-09T01:45:03.000Z","volume":23000,"label":" ","price":10.96},{"type":"B","date":"2018-04-09T01:45:03.000Z","volume":1000,"label":" ","price":10.94},{"type":"B","date":"2018-04-09T01:45:03.000Z","volume":5000,"label":" ","price":10.96},{"type":"A","date":"2018-04-09T01:45:15.000Z","volume":4000,"label":" ","price":10.94},{"type":"A","date":"2018-04-09T01:45:17.000Z","volume":1000,"label":" ","price":10.94},{"type":"A","date":"2018-04-09T01:45:17.000Z","volume":2000,"label":" ","price":10.94},{"type":"A","date":"2018-04-09T01:45:17.000Z","volume":1000,"label":" ","price":10.96},{"type":"B","date":"2018-04-09T01:45:34.000Z","volume":6000,"label":" ","price":10.92},{"type":"B","date":"2018-04-09T01:45:45.000Z","volume":15000,"label":" ","price":10.9},{"type":"A","date":"2018-04-09T01:45:45.000Z","volume":1000,"label":" ","price":10.9},{"type":"A","date":"2018-04-09T01:45:47.000Z","volume":4000,"label":" ","price":10.9},{"type":"B","date":"2018-04-09T01:45:52.000Z","volume":5000,"label":" ","price":10.88},{"type":"A","date":"2018-04-09T01:46:08.000Z","volume":5000,"label":" ","price":10.9},{"type":"B","date":"2018-04-09T01:46:18.000Z","volume":5000,"label":" ","price":10.88},{"type":"A","date":"2018-04-09T01:46:21.000Z","volume":22000,"label":" ","price":10.9},{"type":"A","date":"2018-04-09T01:46:21.000Z","volume":17000,"label":" ","price":10.9},{"type":"A","date":"2018-04-09T01:46:40.000Z","volume":14000,"label":" ","price":10.92},{"type":"B","date":"2018-04-09T01:46:43.000Z","volume":2000,"label":" ","price":10.9},{"type":"A","date":"2018-04-09T01:46:47.000Z","volume":1000,"label":" ","price":10.96},{"type":"B","date":"2018-04-09T01:47:13.000Z","volume":7000,"label":" ","price":10.96},{"type":"B","date":"2018-04-09T01:47:13.000Z","volume":1000,"label":" ","price":10.96},{"type":"A","date":"2018-04-09T01:47:50.000Z","volume":10000,"label":" ","price":10.96},{"type":"A","date":"2018-04-09T01:47:50.000Z","volume":10000,"label":" ","price":10.96},{"type":"B","date":"2018-04-09T01:48:08.000Z","volume":16000,"label":" ","price":10.96},{"type":"B","date":"2018-04-09T01:48:08.000Z","volume":3000,"label":" ","price":10.96},{"type":"A","date":"2018-04-09T01:48:29.000Z","volume":5000,"label":" ","price":10.96},{"type":"A","date":"2018-04-09T01:48:37.000Z","volume":10000,"label":" ","price":10.96},{"type":"A","date":"2018-04-09T01:48:37.000Z","volume":9000,"label":" ","price":10.96},{"type":"B","date":"2018-04-09T01:48:42.000Z","volume":14000,"label":" ","price":10.96},{"type":"B","date":"2018-04-09T01:48:42.000Z","volume":4000,"label":" ","price":10.94},{"type":"B","date":"2018-04-09T01:48:42.000Z","volume":2000,"label":" ","price":10.94},{"type":"A","date":"2018-04-09T01:49:02.000Z","volume":2000,"label":" ","price":10.96},{"type":"A","date":"2018-04-09T01:49:02.000Z","volume":11000,"label":" ","price":10.96},{"type":"B","date":"2018-04-09T01:49:18.000Z","volume":5000,"label":" ","price":10.96},{"type":"B","date":"2018-04-09T01:49:27.000Z","volume":5000,"label":" ","price":10.96},{"type":"B","date":"2018-04-09T01:49:31.000Z","volume":6000,"label":" ","price":10.96},{"type":"A","date":"2018-04-09T01:49:35.000Z","volume":5000,"label":" ","price":10.98},{"type":"B","date":"2018-04-09T01:49:44.000Z","volume":8000,"label":" ","price":10.96},{"type":"B","date":"2018-04-09T01:50:12.000Z","volume":7000,"label":" ","price":10.92},{"type":"B","date":"2018-04-09T01:50:35.000Z","volume":20000,"label":" ","price":10.9},{"type":"A","date":"2018-04-09T01:50:35.000Z","volume":6000,"label":" ","price":10.92},{"type":"A","date":"2018-04-09T01:51:11.000Z","volume":17000,"label":" ","price":10.92},{"type":"A","date":"2018-04-09T01:51:11.000Z","volume":2000,"label":" ","price":10.94},{"type":"A","date":"2018-04-09T01:51:11.000Z","volume":1000,"label":" ","price":10.96},{"type":"B","date":"2018-04-09T01:51:19.000Z","volume":3000,"label":" ","price":10.92},{"type":"B","date":"2018-04-09T01:51:32.000Z","volume":5000,"label":" ","price":10.92},{"type":"B","date":"2018-04-09T01:51:58.000Z","volume":8000,"label":" ","price":10.92},{"type":"B","date":"2018-04-09T01:52:10.000Z","volume":10000,"label":" ","price":10.9},{"type":"B","date":"2018-04-09T01:52:11.000Z","volume":4000,"label":" ","price":10.9},{"type":"B","date":"2018-04-09T01:52:39.000Z","volume":15000,"label":" ","price":10.88},{"type":"A","date":"2018-04-09T01:52:39.000Z","volume":2000,"label":" ","price":10.88},{"type":"A","date":"2018-04-09T01:52:43.000Z","volume":13000,"label":" ","price":10.88},{"type":"A","date":"2018-04-09T01:52:43.000Z","volume":2000,"label":" ","price":10.9},{"type":"B","date":"2018-04-09T01:52:51.000Z","volume":10000,"label":" ","price":10.88},{"type":"B","date":"2018-04-09T01:53:07.000Z","volume":16000,"label":" ","price":10.88},{"type":"A","date":"2018-04-09T01:53:08.000Z","volume":1000,"label":" ","price":10.88},{"type":"A","date":"2018-04-09T01:53:21.000Z","volume":13000,"label":" ","price":10.88},{"type":"A","date":"2018-04-09T01:53:41.000Z","volume":10000,"label":" ","price":10.9},{"type":"B","date":"2018-04-09T01:53:44.000Z","volume":5000,"label":" ","price":10.88},{"type":"A","date":"2018-04-09T01:53:47.000Z","volume":3000,"label":" ","price":10.9},{"type":"A","date":"2018-04-09T01:53:48.000Z","volume":1000,"label":" ","price":10.9},{"type":"B","date":"2018-04-09T01:54:24.000Z","volume":10000,"label":" ","price":10.9},{"type":"A","date":"2018-04-09T01:54:27.000Z","volume":5000,"label":" ","price":10.92},{"type":"A","date":"2018-04-09T01:54:54.000Z","volume":10000,"label":" ","price":10.92},{"type":"A","date":"2018-04-09T01:55:07.000Z","volume":12000,"label":" ","price":10.92},{"type":"A","date":"2018-04-09T01:55:07.000Z","volume":3000,"label":" ","price":10.96},{"type":"A","date":"2018-04-09T01:55:26.000Z","volume":8000,"label":" ","price":10.96},{"type":"A","date":"2018-04-09T01:55:26.000Z","volume":2000,"label":" ","price":10.98},{"type":"A","date":"2018-04-09T01:55:36.000Z","volume":8000,"label":" ","price":10.98},{"type":"B","date":"2018-04-09T01:55:41.000Z","volume":5000,"label":" ","price":10.94},{"type":"B","date":"2018-04-09T01:55:48.000Z","volume":7000,"label":" ","price":10.96},{"type":"B","date":"2018-04-09T01:55:48.000Z","volume":5000,"label":" ","price":10.94},{"type":"A","date":"2018-04-09T01:56:15.000Z","volume":30000,"label":" ","price":10.94},{"type":"A","date":"2018-04-09T01:56:15.000Z","volume":10000,"label":" ","price":10.96},{"type":"B","date":"2018-04-09T01:56:52.000Z","volume":12000,"label":" ","price":10.96},{"type":"A","date":"2018-04-09T01:57:02.000Z","volume":3000,"label":" ","price":10.96},{"type":"A","date":"2018-04-09T01:57:17.000Z","volume":3000,"label":" ","price":10.96},{"type":"A","date":"2018-04-09T01:57:17.000Z","volume":7000,"label":" ","price":10.94},{"type":"B","date":"2018-04-09T01:58:06.000Z","volume":1000,"label":" ","price":10.94},{"type":"B","date":"2018-04-09T01:58:13.000Z","volume":5000,"label":" ","price":10.94},{"type":"B","date":"2018-04-09T01:58:56.000Z","volume":10000,"label":" ","price":10.94},{"type":"A","date":"2018-04-09T01:58:56.000Z","volume":5000,"label":" ","price":10.94},{"type":"A","date":"2018-04-09T01:59:10.000Z","volume":3000,"label":" ","price":10.94},{"type":"A","date":"2018-04-09T01:59:40.000Z","volume":2000,"label":" ","price":10.94},{"type":"B","date":"2018-04-09T02:00:04.000Z","volume":20000,"label":" ","price":10.92},{"type":"B","date":"2018-04-09T02:00:19.000Z","volume":5000,"label":" ","price":10.92},{"type":"A","date":"2018-04-09T02:00:19.000Z","volume":8000,"label":" ","price":10.92},{"type":"A","date":"2018-04-09T02:00:32.000Z","volume":2000,"label":" ","price":10.92},{"type":"A","date":"2018-04-09T02:00:43.000Z","volume":5000,"label":" ","price":10.92},{"type":"B","date":"2018-04-09T02:00:48.000Z","volume":3000,"label":" ","price":10.92},{"type":"A","date":"2018-04-09T02:01:40.000Z","volume":30000,"label":" ","price":10.94},{"type":"B","date":"2018-04-09T02:02:35.000Z","volume":15000,"label":" ","price":10.94},{"type":"B","date":"2018-04-09T02:02:37.000Z","volume":9000,"label":" ","price":10.94},{"type":"A","date":"2018-04-09T02:02:55.000Z","volume":5000,"label":" ","price":10.94},{"type":"B","date":"2018-04-09T02:02:55.000Z","volume":19000,"label":" ","price":10.92},{"type":"A","date":"2018-04-09T02:02:58.000Z","volume":2000,"label":" ","price":10.92},{"type":"B","date":"2018-04-09T02:03:08.000Z","volume":3000,"label":" ","price":10.9},{"type":"A","date":"2018-04-09T02:03:40.000Z","volume":3000,"label":" ","price":10.92},{"type":"B","date":"2018-04-09T02:05:10.000Z","volume":20000,"label":" ","price":10.9},{"type":"B","date":"2018-04-09T02:06:44.000Z","volume":7000,"label":" ","price":10.9},{"type":"B","date":"2018-04-09T02:07:50.000Z","volume":4000,"label":" ","price":10.9},{"type":"B","date":"2018-04-09T02:09:34.000Z","volume":16000,"label":" ","price":10.9},{"type":"A","date":"2018-04-09T02:09:34.000Z","volume":3000,"label":" ","price":10.9},{"type":"A","date":"2018-04-09T02:09:34.000Z","volume":1000,"label":" ","price":10.9},{"type":"A","date":"2018-04-09T02:10:55.000Z","volume":1000,"label":" ","price":10.9},{"type":"A","date":"2018-04-09T02:12:02.000Z","volume":2000,"label":" ","price":10.9},{"type":"A","date":"2018-04-09T02:12:02.000Z","volume":3000,"label":" ","price":10.9},{"type":"B","date":"2018-04-09T02:12:04.000Z","volume":10000,"label":" ","price":10.88},{"type":"B","date":"2018-04-09T02:12:17.000Z","volume":11000,"label":" ","price":10.88},{"type":"A","date":"2018-04-09T02:12:17.000Z","volume":5000,"label":" ","price":10.88},{"type":"B","date":"2018-04-09T02:12:54.000Z","volume":10000,"label":" ","price":10.86},{"type":"B","date":"2018-04-09T02:12:57.000Z","volume":4000,"label":" ","price":10.86},{"type":"B","date":"2018-04-09T02:13:25.000Z","volume":10000,"label":" ","price":10.86},{"type":"B","date":"2018-04-09T02:13:39.000Z","volume":16000,"label":" ","price":10.86},{"type":"B","date":"2018-04-09T02:14:03.000Z","volume":19000,"label":" ","price":10.84},{"type":"B","date":"2018-04-09T02:14:54.000Z","volume":10000,"label":" ","price":10.82},{"type":"B","date":"2018-04-09T02:15:01.000Z","volume":16000,"label":" ","price":10.82},{"type":"B","date":"2018-04-09T02:15:14.000Z","volume":10000,"label":" ","price":10.8},{"type":"B","date":"2018-04-09T02:15:14.000Z","volume":27000,"label":" ","price":10.8},{"type":"A","date":"2018-04-09T02:15:38.000Z","volume":10000,"label":" ","price":10.82},{"type":"B","date":"2018-04-09T02:15:47.000Z","volume":5000,"label":" ","price":10.8},{"type":"A","date":"2018-04-09T02:15:47.000Z","volume":4000,"label":" ","price":10.82},{"type":"A","date":"2018-04-09T02:15:47.000Z","volume":6000,"label":" ","price":10.84},{"type":"A","date":"2018-04-09T02:15:59.000Z","volume":5000,"label":" ","price":10.84},{"type":"A","date":"2018-04-09T02:15:59.000Z","volume":5000,"label":" ","price":10.86},{"type":"B","date":"2018-04-09T02:16:15.000Z","volume":8000,"label":" ","price":10.8},{"type":"A","date":"2018-04-09T02:16:18.000Z","volume":10000,"label":" ","price":10.86},{"type":"A","date":"2018-04-09T02:16:28.000Z","volume":5000,"label":" ","price":10.86},{"type":"A","date":"2018-04-09T02:16:28.000Z","volume":5000,"label":" ","price":10.88},{"type":"A","date":"2018-04-09T02:16:40.000Z","volume":9000,"label":" ","price":10.88},{"type":"A","date":"2018-04-09T02:16:40.000Z","volume":1000,"label":" ","price":10.9},{"type":"A","date":"2018-04-09T02:16:47.000Z","volume":1000,"label":" ","price":10.9},{"type":"A","date":"2018-04-09T02:16:47.000Z","volume":1000,"label":" ","price":10.9},{"type":"A","date":"2018-04-09T02:16:51.000Z","volume":1000,"label":" ","price":10.9},{"type":"A","date":"2018-04-09T02:16:51.000Z","volume":1000,"label":" ","price":10.92},{"type":"A","date":"2018-04-09T02:16:51.000Z","volume":1000,"label":" ","price":10.94},{"type":"A","date":"2018-04-09T02:16:51.000Z","volume":7000,"label":" ","price":10.96},{"type":"B","date":"2018-04-09T02:17:08.000Z","volume":4000,"label":" ","price":10.88},{"type":"U","date":"2018-04-09T02:17:23.000Z","volume":3000,"label":" ","price":10.86},{"type":"U","date":"2018-04-09T02:17:30.000Z","volume":5000,"label":" ","price":10.86},{"type":"A","date":"2018-04-09T02:17:32.000Z","volume":2000,"label":" ","price":10.86},{"type":"A","date":"2018-04-09T02:17:32.000Z","volume":1000,"label":" ","price":10.86},{"type":"A","date":"2018-04-09T02:17:37.000Z","volume":14000,"label":" ","price":10.92},{"type":"B","date":"2018-04-09T02:17:51.000Z","volume":8000,"label":" ","price":10.84},{"type":"B","date":"2018-04-09T02:17:59.000Z","volume":4000,"label":" ","price":10.86},{"type":"B","date":"2018-04-09T02:17:59.000Z","volume":4000,"label":" ","price":10.84},{"type":"A","date":"2018-04-09T02:18:38.000Z","volume":20000,"label":" ","price":10.9},{"type":"A","date":"2018-04-09T02:18:44.000Z","volume":12000,"label":" ","price":10.9},{"type":"B","date":"2018-04-09T02:19:39.000Z","volume":9000,"label":" ","price":10.86},{"type":"A","date":"2018-04-09T02:19:49.000Z","volume":12000,"label":" ","price":10.9},{"type":"B","date":"2018-04-09T02:22:21.000Z","volume":20000,"label":" ","price":10.88},{"type":"B","date":"2018-04-09T02:22:37.000Z","volume":9000,"label":" ","price":10.86},{"type":"B","date":"2018-04-09T02:23:21.000Z","volume":9000,"label":" ","price":10.86},{"type":"B","date":"2018-04-09T02:23:37.000Z","volume":17000,"label":" ","price":10.86},{"type":"A","date":"2018-04-09T02:23:47.000Z","volume":2000,"label":" ","price":10.86},{"type":"A","date":"2018-04-09T02:23:47.000Z","volume":1000,"label":" ","price":10.86},{"type":"B","date":"2018-04-09T02:23:48.000Z","volume":9000,"label":" ","price":10.84},{"type":"B","date":"2018-04-09T02:24:50.000Z","volume":7000,"label":" ","price":10.84},{"type":"B","date":"2018-04-09T02:25:52.000Z","volume":7000,"label":" ","price":10.84},{"type":"B","date":"2018-04-09T02:25:57.000Z","volume":12000,"label":" ","price":10.84},{"type":"A","date":"2018-04-09T02:25:57.000Z","volume":1000,"label":" ","price":10.84},{"type":"A","date":"2018-04-09T02:26:55.000Z","volume":9000,"label":" ","price":10.84},{"type":"B","date":"2018-04-09T02:27:18.000Z","volume":9000,"label":" ","price":10.82},{"type":"A","date":"2018-04-09T02:27:35.000Z","volume":9000,"label":" ","price":10.84},{"type":"A","date":"2018-04-09T02:27:35.000Z","volume":1000,"label":" ","price":10.86},{"type":"A","date":"2018-04-09T02:27:58.000Z","volume":10000,"label":" ","price":10.86},{"type":"A","date":"2018-04-09T02:28:06.000Z","volume":9000,"label":" ","price":10.86},{"type":"A","date":"2018-04-09T02:28:06.000Z","volume":1000,"label":" ","price":10.88},{"type":"A","date":"2018-04-09T02:28:16.000Z","volume":2000,"label":" ","price":10.88},{"type":"A","date":"2018-04-09T02:28:16.000Z","volume":3000,"label":" ","price":10.9},{"type":"B","date":"2018-04-09T02:28:54.000Z","volume":4000,"label":" ","price":10.84},{"type":"A","date":"2018-04-09T02:29:28.000Z","volume":1000,"label":" ","price":10.88},{"type":"A","date":"2018-04-09T02:29:32.000Z","volume":3000,"label":" ","price":10.88},{"type":"A","date":"2018-04-09T02:29:32.000Z","volume":3000,"label":" ","price":10.88},{"type":"B","date":"2018-04-09T02:30:37.000Z","volume":4000,"label":" ","price":10.84},{"type":"A","date":"2018-04-09T02:31:02.000Z","volume":3000,"label":" ","price":10.88},{"type":"A","date":"2018-04-09T02:31:02.000Z","volume":3000,"label":" ","price":10.88},{"type":"B","date":"2018-04-09T02:31:27.000Z","volume":4000,"label":" ","price":10.84},{"type":"B","date":"2018-04-09T02:32:33.000Z","volume":5000,"label":" ","price":10.84},{"type":"A","date":"2018-04-09T02:32:47.000Z","volume":3000,"label":" ","price":10.88},{"type":"A","date":"2018-04-09T02:32:47.000Z","volume":3000,"label":" ","price":10.88},{"type":"B","date":"2018-04-09T02:32:51.000Z","volume":4000,"label":" ","price":10.84},{"type":"B","date":"2018-04-09T02:32:56.000Z","volume":4000,"label":" ","price":10.84},{"type":"B","date":"2018-04-09T02:33:06.000Z","volume":4000,"label":" ","price":10.84},{"type":"A","date":"2018-04-09T02:33:22.000Z","volume":1000,"label":" ","price":10.88},{"type":"A","date":"2018-04-09T02:35:17.000Z","volume":3000,"label":" ","price":10.86},{"type":"A","date":"2018-04-09T02:35:17.000Z","volume":3000,"label":" ","price":10.86},{"type":"A","date":"2018-04-09T02:35:17.000Z","volume":1000,"label":" ","price":10.86},{"type":"A","date":"2018-04-09T02:35:17.000Z","volume":1000,"label":" ","price":10.86},{"type":"A","date":"2018-04-09T02:35:17.000Z","volume":1000,"label":" ","price":10.86},{"type":"B","date":"2018-04-09T02:35:20.000Z","volume":10000,"label":" ","price":10.86},{"type":"B","date":"2018-04-09T02:35:20.000Z","volume":10000,"label":" ","price":10.84},{"type":"B","date":"2018-04-09T02:36:17.000Z","volume":8000,"label":" ","price":10.82},{"type":"B","date":"2018-04-09T02:36:26.000Z","volume":4000,"label":" ","price":10.82},{"type":"A","date":"2018-04-09T02:36:26.000Z","volume":7000,"label":" ","price":10.82},{"type":"A","date":"2018-04-09T02:36:26.000Z","volume":4000,"label":" ","price":10.82},{"type":"A","date":"2018-04-09T02:36:32.000Z","volume":4000,"label":" ","price":10.82},{"type":"A","date":"2018-04-09T02:36:55.000Z","volume":3000,"label":" ","price":10.82},{"type":"A","date":"2018-04-09T02:37:40.000Z","volume":3000,"label":" ","price":10.82},{"type":"B","date":"2018-04-09T02:38:50.000Z","volume":7000,"label":" ","price":10.82},{"type":"B","date":"2018-04-09T02:39:04.000Z","volume":20000,"label":" ","price":10.8},{"type":"B","date":"2018-04-09T02:39:04.000Z","volume":3000,"label":" ","price":10.8},{"type":"B","date":"2018-04-09T02:39:14.000Z","volume":9000,"label":" ","price":10.78},{"type":"B","date":"2018-04-09T02:39:30.000Z","volume":2000,"label":" ","price":10.78},{"type":"B","date":"2018-04-09T02:39:47.000Z","volume":9000,"label":" ","price":10.78},{"type":"B","date":"2018-04-09T02:40:00.000Z","volume":28000,"label":" ","price":10.78},{"type":"B","date":"2018-04-09T02:40:00.000Z","volume":2000,"label":" ","price":10.78},{"type":"B","date":"2018-04-09T02:40:19.000Z","volume":18000,"label":" ","price":10.76},{"type":"B","date":"2018-04-09T02:40:26.000Z","volume":18000,"label":" ","price":10.76},{"type":"B","date":"2018-04-09T02:40:31.000Z","volume":13000,"label":" ","price":10.76},{"type":"B","date":"2018-04-09T02:41:07.000Z","volume":1000,"label":" ","price":10.74},{"type":"B","date":"2018-04-09T02:41:07.000Z","volume":3000,"label":" ","price":10.72},{"type":"B","date":"2018-04-09T02:41:07.000Z","volume":4000,"label":" ","price":10.7},{"type":"B","date":"2018-04-09T02:41:12.000Z","volume":18000,"label":" ","price":10.7},{"type":"B","date":"2018-04-09T02:41:47.000Z","volume":5000,"label":" ","price":10.72},{"type":"B","date":"2018-04-09T02:41:58.000Z","volume":4000,"label":" ","price":10.72},{"type":"B","date":"2018-04-09T02:42:50.000Z","volume":9000,"label":" ","price":10.7},{"type":"A","date":"2018-04-09T02:43:48.000Z","volume":10000,"label":" ","price":10.76},{"type":"A","date":"2018-04-09T02:44:02.000Z","volume":1000,"label":" ","price":10.8},{"type":"A","date":"2018-04-09T02:44:02.000Z","volume":1000,"label":" ","price":10.8},{"type":"A","date":"2018-04-09T02:44:06.000Z","volume":10000,"label":" ","price":10.82},{"type":"A","date":"2018-04-09T02:44:16.000Z","volume":3000,"label":" ","price":10.82},{"type":"A","date":"2018-04-09T02:44:16.000Z","volume":7000,"label":" ","price":10.86},{"type":"A","date":"2018-04-09T02:44:17.000Z","volume":2000,"label":" ","price":10.86},{"type":"A","date":"2018-04-09T02:44:17.000Z","volume":4000,"label":" ","price":10.86},{"type":"B","date":"2018-04-09T02:44:17.000Z","volume":10000,"label":" ","price":10.86},{"type":"B","date":"2018-04-09T02:44:17.000Z","volume":5000,"label":" ","price":10.78},{"type":"A","date":"2018-04-09T02:44:36.000Z","volume":2000,"label":" ","price":10.86},{"type":"A","date":"2018-04-09T02:44:36.000Z","volume":8000,"label":" ","price":10.88},{"type":"A","date":"2018-04-09T02:44:45.000Z","volume":10000,"label":" ","price":10.84},{"type":"A","date":"2018-04-09T02:45:00.000Z","volume":10000,"label":" ","price":10.84},{"type":"A","date":"2018-04-09T02:45:00.000Z","volume":10000,"label":" ","price":10.88},{"type":"B","date":"2018-04-09T02:45:08.000Z","volume":2000,"label":" ","price":10.78},{"type":"A","date":"2018-04-09T02:45:36.000Z","volume":10000,"label":" ","price":10.84},{"type":"A","date":"2018-04-09T02:45:47.000Z","volume":14000,"label":" ","price":10.88},{"type":"A","date":"2018-04-09T02:45:47.000Z","volume":6000,"label":" ","price":10.9},{"type":"A","date":"2018-04-09T02:45:58.000Z","volume":20000,"label":" ","price":10.9},{"type":"A","date":"2018-04-09T02:46:14.000Z","volume":20000,"label":" ","price":10.9},{"type":"A","date":"2018-04-09T02:46:31.000Z","volume":15000,"label":" ","price":10.96},{"type":"A","date":"2018-04-09T02:46:31.000Z","volume":5000,"label":" ","price":10.98},{"type":"B","date":"2018-04-09T02:46:37.000Z","volume":4000,"label":" ","price":10.94},{"type":"A","date":"2018-04-09T02:46:50.000Z","volume":25000,"label":" ","price":10.98},{"type":"A","date":"2018-04-09T02:46:50.000Z","volume":5000,"label":" ","price":11},{"type":"U","date":"2018-04-09T02:46:55.000Z","volume":2000,"label":" ","price":11},{"type":"U","date":"2018-04-09T02:47:01.000Z","volume":2000,"label":" ","price":11},{"type":"B","date":"2018-04-09T02:47:02.000Z","volume":6000,"label":" ","price":10.96},{"type":"B","date":"2018-04-09T02:47:20.000Z","volume":8000,"label":" ","price":10.94},{"type":"B","date":"2018-04-09T02:47:20.000Z","volume":2000,"label":" ","price":10.92},{"type":"B","date":"2018-04-09T02:47:20.000Z","volume":4000,"label":" ","price":10.9},{"type":"B","date":"2018-04-09T02:48:34.000Z","volume":3000,"label":" ","price":10.9},{"type":"B","date":"2018-04-09T02:48:49.000Z","volume":11000,"label":" ","price":10.88},{"type":"B","date":"2018-04-09T02:48:49.000Z","volume":2000,"label":" ","price":10.86},{"type":"B","date":"2018-04-09T02:51:10.000Z","volume":16000,"label":" ","price":10.86},{"type":"A","date":"2018-04-09T02:51:10.000Z","volume":4000,"label":" ","price":10.86},{"type":"A","date":"2018-04-09T02:53:03.000Z","volume":1000,"label":" ","price":10.88},{"type":"B","date":"2018-04-09T02:54:27.000Z","volume":4000,"label":" ","price":10.84},{"type":"A","date":"2018-04-09T02:54:40.000Z","volume":5000,"label":" ","price":10.84},{"type":"A","date":"2018-04-09T02:56:17.000Z","volume":2000,"label":" ","price":10.84},{"type":"A","date":"2018-04-09T02:56:17.000Z","volume":1000,"label":" ","price":10.84},{"type":"A","date":"2018-04-09T02:56:17.000Z","volume":1000,"label":" ","price":10.84},{"type":"A","date":"2018-04-09T02:56:17.000Z","volume":3000,"label":" ","price":10.84},{"type":"A","date":"2018-04-09T02:58:55.000Z","volume":7000,"label":" ","price":10.84},{"type":"B","date":"2018-04-09T03:00:19.000Z","volume":16000,"label":" ","price":10.84},{"type":"A","date":"2018-04-09T03:00:20.000Z","volume":2000,"label":" ","price":10.84},{"type":"A","date":"2018-04-09T03:00:20.000Z","volume":1000,"label":" ","price":10.84},{"type":"A","date":"2018-04-09T03:00:20.000Z","volume":1000,"label":" ","price":10.84},{"type":"A","date":"2018-04-09T03:02:22.000Z","volume":17000,"label":" ","price":10.9},{"type":"B","date":"2018-04-09T03:02:22.000Z","volume":3000,"label":" ","price":10.9},{"type":"B","date":"2018-04-09T03:02:49.000Z","volume":20000,"label":" ","price":10.9},{"type":"B","date":"2018-04-09T03:03:13.000Z","volume":5000,"label":" ","price":10.9},{"type":"B","date":"2018-04-09T03:03:21.000Z","volume":26000,"label":" ","price":10.9},{"type":"A","date":"2018-04-09T03:05:02.000Z","volume":2000,"label":" ","price":10.96},{"type":"A","date":"2018-04-09T03:05:02.000Z","volume":1000,"label":" ","price":10.96},{"type":"A","date":"2018-04-09T03:05:02.000Z","volume":1000,"label":" ","price":10.96},{"type":"B","date":"2018-04-09T03:06:13.000Z","volume":2000,"label":" ","price":10.96},{"type":"B","date":"2018-04-09T03:06:17.000Z","volume":2000,"label":" ","price":10.96},{"type":"B","date":"2018-04-09T03:06:38.000Z","volume":15000,"label":" ","price":10.96},{"type":"B","date":"2018-04-09T03:07:26.000Z","volume":8000,"label":" ","price":10.94},{"type":"B","date":"2018-04-09T03:07:40.000Z","volume":8000,"label":" ","price":10.92},{"type":"B","date":"2018-04-09T03:07:40.000Z","volume":22000,"label":" ","price":10.9},{"type":"B","date":"2018-04-09T03:07:43.000Z","volume":4000,"label":" ","price":10.9},{"type":"A","date":"2018-04-09T03:09:49.000Z","volume":11000,"label":" ","price":10.9},{"type":"A","date":"2018-04-09T03:10:40.000Z","volume":4000,"label":" ","price":10.9},{"type":"A","date":"2018-04-09T03:11:25.000Z","volume":17000,"label":" ","price":10.9},{"type":"A","date":"2018-04-09T03:11:47.000Z","volume":2000,"label":" ","price":10.94},{"type":"A","date":"2018-04-09T03:11:47.000Z","volume":3000,"label":" ","price":10.94},{"type":"A","date":"2018-04-09T03:13:17.000Z","volume":3000,"label":" ","price":10.94},{"type":"A","date":"2018-04-09T03:13:17.000Z","volume":3000,"label":" ","price":10.94},{"type":"U","date":"2018-04-09T03:13:36.000Z","volume":20000,"label":" ","price":10.92},{"type":"B","date":"2018-04-09T03:14:34.000Z","volume":19000,"label":" ","price":10.9},{"type":"A","date":"2018-04-09T03:14:34.000Z","volume":1000,"label":" ","price":10.9},{"type":"B","date":"2018-04-09T03:14:48.000Z","volume":8000,"label":" ","price":10.9},{"type":"B","date":"2018-04-09T03:15:21.000Z","volume":28000,"label":" ","price":10.88},{"type":"A","date":"2018-04-09T03:15:22.000Z","volume":2000,"label":" ","price":10.88},{"type":"B","date":"2018-04-09T03:16:00.000Z","volume":9000,"label":" ","price":10.88},{"type":"B","date":"2018-04-09T03:16:30.000Z","volume":20000,"label":" ","price":10.86},{"type":"B","date":"2018-04-09T03:16:30.000Z","volume":3000,"label":" ","price":10.86},{"type":"B","date":"2018-04-09T03:17:20.000Z","volume":30000,"label":" ","price":10.84},{"type":"B","date":"2018-04-09T03:17:54.000Z","volume":27000,"label":" ","price":10.84},{"type":"A","date":"2018-04-09T03:18:10.000Z","volume":3000,"label":" ","price":10.84},{"type":"A","date":"2018-04-09T03:19:47.000Z","volume":2000,"label":" ","price":10.88},{"type":"B","date":"2018-04-09T03:19:53.000Z","volume":3000,"label":" ","price":10.88},{"type":"A","date":"2018-04-09T03:21:10.000Z","volume":2000,"label":" ","price":10.88},{"type":"B","date":"2018-04-09T03:22:57.000Z","volume":15000,"label":" ","price":10.88},{"type":"A","date":"2018-04-09T03:23:16.000Z","volume":5000,"label":" ","price":10.88},{"type":"A","date":"2018-04-09T03:23:33.000Z","volume":1000,"label":" ","price":10.9},{"type":"A","date":"2018-04-09T03:26:10.000Z","volume":10000,"label":" ","price":10.88},{"type":"B","date":"2018-04-09T03:26:15.000Z","volume":18000,"label":" ","price":10.86},{"type":"B","date":"2018-04-09T03:26:15.000Z","volume":2000,"label":" ","price":10.86},{"type":"B","date":"2018-04-09T03:26:28.000Z","volume":5000,"label":" ","price":10.86},{"type":"B","date":"2018-04-09T03:26:58.000Z","volume":5000,"label":" ","price":10.86},{"type":"B","date":"2018-04-09T03:27:44.000Z","volume":10000,"label":" ","price":10.84},{"type":"B","date":"2018-04-09T03:28:35.000Z","volume":15000,"label":" ","price":10.84},{"type":"B","date":"2018-04-09T03:28:53.000Z","volume":9000,"label":" ","price":10.82},{"type":"A","date":"2018-04-09T03:30:10.000Z","volume":3000,"label":" ","price":10.82},{"type":"A","date":"2018-04-09T03:30:15.000Z","volume":1000,"label":" ","price":10.82},{"type":"A","date":"2018-04-09T03:31:40.000Z","volume":2000,"label":" ","price":10.82},{"type":"A","date":"2018-04-09T03:32:02.000Z","volume":3000,"label":" ","price":10.82},{"type":"A","date":"2018-04-09T03:32:02.000Z","volume":2000,"label":" ","price":10.82},{"type":"A","date":"2018-04-09T03:33:32.000Z","volume":3000,"label":" ","price":10.84},{"type":"A","date":"2018-04-09T03:33:32.000Z","volume":3000,"label":" ","price":10.84},{"type":"A","date":"2018-04-09T03:34:04.000Z","volume":4000,"label":" ","price":10.84},{"type":"A","date":"2018-04-09T03:34:04.000Z","volume":6000,"label":" ","price":10.84},{"type":"A","date":"2018-04-09T03:34:47.000Z","volume":10000,"label":" ","price":10.84},{"type":"A","date":"2018-04-09T03:34:47.000Z","volume":15000,"label":" ","price":10.86},{"type":"A","date":"2018-04-09T03:34:55.000Z","volume":3000,"label":" ","price":10.9},{"type":"U","date":"2018-04-09T03:35:08.000Z","volume":8000,"label":" ","price":10.88},{"type":"U","date":"2018-04-09T03:35:08.000Z","volume":2000,"label":" ","price":10.88},{"type":"A","date":"2018-04-09T03:35:43.000Z","volume":2000,"label":" ","price":10.88},{"type":"A","date":"2018-04-09T03:35:47.000Z","volume":5000,"label":" ","price":10.88},{"type":"A","date":"2018-04-09T03:35:47.000Z","volume":1000,"label":" ","price":10.88},{"type":"A","date":"2018-04-09T03:35:47.000Z","volume":1000,"label":" ","price":10.88},{"type":"A","date":"2018-04-09T03:35:47.000Z","volume":1000,"label":" ","price":10.88},{"type":"B","date":"2018-04-09T03:36:07.000Z","volume":10000,"label":" ","price":10.88},{"type":"B","date":"2018-04-09T03:36:22.000Z","volume":11000,"label":" ","price":10.88},{"type":"A","date":"2018-04-09T03:39:19.000Z","volume":13000,"label":" ","price":10.86},{"type":"A","date":"2018-04-09T03:39:32.000Z","volume":20000,"label":" ","price":10.88},{"type":"U","date":"2018-04-09T03:39:52.000Z","volume":10000,"label":" ","price":10.88},{"type":"A","date":"2018-04-09T03:39:55.000Z","volume":4000,"label":" ","price":10.9},{"type":"A","date":"2018-04-09T03:40:13.000Z","volume":1000,"label":" ","price":10.9},{"type":"A","date":"2018-04-09T03:40:13.000Z","volume":5000,"label":" ","price":10.9},{"type":"A","date":"2018-04-09T03:40:47.000Z","volume":1000,"label":" ","price":10.92},{"type":"A","date":"2018-04-09T03:41:02.000Z","volume":4000,"label":" ","price":10.9},{"type":"A","date":"2018-04-09T03:41:02.000Z","volume":3000,"label":" ","price":10.9},{"type":"A","date":"2018-04-09T03:41:02.000Z","volume":1000,"label":" ","price":10.9},{"type":"A","date":"2018-04-09T03:41:02.000Z","volume":2000,"label":" ","price":10.9},{"type":"A","date":"2018-04-09T03:43:47.000Z","volume":1000,"label":" ","price":10.92},{"type":"A","date":"2018-04-09T03:43:47.000Z","volume":2000,"label":" ","price":10.92},{"type":"A","date":"2018-04-09T03:43:47.000Z","volume":3000,"label":" ","price":10.92},{"type":"A","date":"2018-04-09T03:43:47.000Z","volume":2000,"label":" ","price":10.92},{"type":"A","date":"2018-04-09T03:43:47.000Z","volume":1000,"label":" ","price":10.92},{"type":"A","date":"2018-04-09T03:43:50.000Z","volume":1000,"label":" ","price":10.94},{"type":"B","date":"2018-04-09T03:44:21.000Z","volume":18000,"label":" ","price":10.92},{"type":"B","date":"2018-04-09T03:44:21.000Z","volume":2000,"label":" ","price":10.92},{"type":"B","date":"2018-04-09T03:45:10.000Z","volume":7000,"label":" ","price":10.92},{"type":"B","date":"2018-04-09T03:45:36.000Z","volume":25000,"label":" ","price":10.9},{"type":"A","date":"2018-04-09T03:49:48.000Z","volume":9000,"label":" ","price":10.88},{"type":"A","date":"2018-04-09T03:50:02.000Z","volume":1000,"label":" ","price":10.88},{"type":"B","date":"2018-04-09T03:50:02.000Z","volume":10000,"label":" ","price":10.88},{"type":"B","date":"2018-04-09T03:50:02.000Z","volume":1000,"label":" ","price":10.88},{"type":"B","date":"2018-04-09T03:51:57.000Z","volume":30000,"label":" ","price":10.86},{"type":"B","date":"2018-04-09T03:51:57.000Z","volume":4000,"label":" ","price":10.86},{"type":"B","date":"2018-04-09T03:54:59.000Z","volume":5000,"label":" ","price":10.84},{"type":"B","date":"2018-04-09T03:54:59.000Z","volume":24000,"label":" ","price":10.84},{"type":"B","date":"2018-04-09T03:55:38.000Z","volume":10000,"label":" ","price":10.82},{"type":"A","date":"2018-04-09T03:58:32.000Z","volume":1000,"label":" ","price":10.8},{"type":"A","date":"2018-04-09T03:59:02.000Z","volume":1000,"label":" ","price":10.8},{"type":"A","date":"2018-04-09T03:59:17.000Z","volume":1000,"label":" ","price":10.78},{"type":"A","date":"2018-04-09T05:02:06.000Z","volume":1000,"label":" ","price":10.8},{"type":"A","date":"2018-04-09T05:02:32.000Z","volume":2000,"label":" ","price":10.8},{"type":"A","date":"2018-04-09T05:02:32.000Z","volume":5000,"label":" ","price":10.8},{"type":"A","date":"2018-04-09T05:03:38.000Z","volume":4000,"label":" ","price":10.8},{"type":"A","date":"2018-04-09T05:03:52.000Z","volume":5000,"label":" ","price":10.8},{"type":"A","date":"2018-04-09T05:04:39.000Z","volume":7000,"label":" ","price":10.8},{"type":"A","date":"2018-04-09T05:04:47.000Z","volume":1000,"label":" ","price":10.82},{"type":"A","date":"2018-04-09T05:05:52.000Z","volume":9000,"label":" ","price":10.82},{"type":"A","date":"2018-04-09T05:07:02.000Z","volume":1000,"label":" ","price":10.86},{"type":"A","date":"2018-04-09T05:07:02.000Z","volume":1000,"label":" ","price":10.86},{"type":"A","date":"2018-04-09T05:07:02.000Z","volume":1000,"label":" ","price":10.86},{"type":"A","date":"2018-04-09T05:07:02.000Z","volume":1000,"label":" ","price":10.86},{"type":"A","date":"2018-04-09T05:07:02.000Z","volume":24000,"label":" ","price":10.86},{"type":"B","date":"2018-04-09T05:07:47.000Z","volume":5000,"label":" ","price":10.88},{"type":"B","date":"2018-04-09T05:07:52.000Z","volume":4000,"label":" ","price":10.88},{"type":"B","date":"2018-04-09T05:07:52.000Z","volume":8000,"label":" ","price":10.88},{"type":"A","date":"2018-04-09T05:08:29.000Z","volume":1000,"label":" ","price":10.9},{"type":"A","date":"2018-04-09T05:09:01.000Z","volume":10000,"label":" ","price":10.88},{"type":"A","date":"2018-04-09T05:09:32.000Z","volume":3000,"label":" ","price":10.88},{"type":"A","date":"2018-04-09T05:09:32.000Z","volume":1000,"label":" ","price":10.88},{"type":"U","date":"2018-04-09T05:10:04.000Z","volume":405,"label":"D","price":10.7},{"type":"A","date":"2018-04-09T05:10:34.000Z","volume":1000,"label":" ","price":10.88},{"type":"A","date":"2018-04-09T05:11:02.000Z","volume":2000,"label":" ","price":10.88},{"type":"A","date":"2018-04-09T05:11:02.000Z","volume":1000,"label":" ","price":10.88},{"type":"A","date":"2018-04-09T05:11:02.000Z","volume":1000,"label":" ","price":10.88},{"type":"A","date":"2018-04-09T05:11:02.000Z","volume":2000,"label":" ","price":10.88},{"type":"A","date":"2018-04-09T05:13:02.000Z","volume":1000,"label":" ","price":10.88},{"type":"A","date":"2018-04-09T05:13:02.000Z","volume":1000,"label":" ","price":10.88},{"type":"A","date":"2018-04-09T05:13:02.000Z","volume":2000,"label":" ","price":10.88},{"type":"A","date":"2018-04-09T05:13:02.000Z","volume":1000,"label":" ","price":10.88},{"type":"A","date":"2018-04-09T05:13:02.000Z","volume":1000,"label":" ","price":10.88},{"type":"A","date":"2018-04-09T05:13:02.000Z","volume":5000,"label":" ","price":10.88},{"type":"A","date":"2018-04-09T05:13:24.000Z","volume":1000,"label":" ","price":10.88},{"type":"A","date":"2018-04-09T05:13:24.000Z","volume":5000,"label":" ","price":10.88},{"type":"A","date":"2018-04-09T05:13:25.000Z","volume":4000,"label":" ","price":10.88},{"type":"A","date":"2018-04-09T05:13:25.000Z","volume":1000,"label":" ","price":10.88},{"type":"A","date":"2018-04-09T05:13:25.000Z","volume":1000,"label":" ","price":10.88},{"type":"A","date":"2018-04-09T05:13:25.000Z","volume":22000,"label":" ","price":10.9},{"type":"B","date":"2018-04-09T05:14:33.000Z","volume":11000,"label":" ","price":10.88},{"type":"B","date":"2018-04-09T05:14:33.000Z","volume":1000,"label":" ","price":10.86},{"type":"B","date":"2018-04-09T05:14:33.000Z","volume":7000,"label":" ","price":10.86},{"type":"B","date":"2018-04-09T05:15:17.000Z","volume":2000,"label":" ","price":10.84},{"type":"A","date":"2018-04-09T05:15:17.000Z","volume":1000,"label":" ","price":10.86},{"type":"A","date":"2018-04-09T05:15:17.000Z","volume":3000,"label":" ","price":10.86},{"type":"A","date":"2018-04-09T05:18:17.000Z","volume":3000,"label":" ","price":10.86},{"type":"A","date":"2018-04-09T05:18:17.000Z","volume":3000,"label":" ","price":10.86},{"type":"A","date":"2018-04-09T05:20:17.000Z","volume":1000,"label":" ","price":10.86},{"type":"A","date":"2018-04-09T05:20:17.000Z","volume":1000,"label":" ","price":10.86},{"type":"A","date":"2018-04-09T05:20:17.000Z","volume":2000,"label":" ","price":10.86},{"type":"A","date":"2018-04-09T05:20:17.000Z","volume":1000,"label":" ","price":10.86},{"type":"A","date":"2018-04-09T05:20:17.000Z","volume":1000,"label":" ","price":10.86},{"type":"A","date":"2018-04-09T05:20:17.000Z","volume":1000,"label":" ","price":10.86},{"type":"A","date":"2018-04-09T05:20:17.000Z","volume":1000,"label":" ","price":10.86},{"type":"B","date":"2018-04-09T05:20:17.000Z","volume":1000,"label":" ","price":10.86},{"type":"B","date":"2018-04-09T05:21:02.000Z","volume":5000,"label":" ","price":10.84},{"type":"A","date":"2018-04-09T05:23:17.000Z","volume":1000,"label":" ","price":10.86},{"type":"A","date":"2018-04-09T05:23:17.000Z","volume":1000,"label":" ","price":10.86},{"type":"A","date":"2018-04-09T05:23:17.000Z","volume":2000,"label":" ","price":10.86},{"type":"A","date":"2018-04-09T05:23:17.000Z","volume":1000,"label":" ","price":10.86},{"type":"A","date":"2018-04-09T05:25:17.000Z","volume":1000,"label":" ","price":10.86},{"type":"A","date":"2018-04-09T05:25:17.000Z","volume":1000,"label":" ","price":10.86},{"type":"A","date":"2018-04-09T05:25:17.000Z","volume":1000,"label":" ","price":10.86},{"type":"A","date":"2018-04-09T05:25:17.000Z","volume":1000,"label":" ","price":10.86},{"type":"A","date":"2018-04-09T05:25:17.000Z","volume":2000,"label":" ","price":10.86},{"type":"A","date":"2018-04-09T05:27:32.000Z","volume":2000,"label":" ","price":10.86},{"type":"A","date":"2018-04-09T05:27:32.000Z","volume":1000,"label":" ","price":10.86},{"type":"A","date":"2018-04-09T05:27:32.000Z","volume":1000,"label":" ","price":10.86},{"type":"A","date":"2018-04-09T05:27:32.000Z","volume":1000,"label":" ","price":10.86},{"type":"A","date":"2018-04-09T05:28:27.000Z","volume":1000,"label":"Y","price":10.86},{"type":"A","date":"2018-04-09T05:29:17.000Z","volume":3000,"label":" ","price":10.86},{"type":"A","date":"2018-04-09T05:29:17.000Z","volume":1000,"label":" ","price":10.86},{"type":"A","date":"2018-04-09T05:31:17.000Z","volume":2000,"label":" ","price":10.86},{"type":"A","date":"2018-04-09T05:31:17.000Z","volume":1000,"label":" ","price":10.86},{"type":"A","date":"2018-04-09T05:31:17.000Z","volume":2000,"label":" ","price":10.86},{"type":"B","date":"2018-04-09T05:31:30.000Z","volume":20000,"label":" ","price":10.84},{"type":"B","date":"2018-04-09T05:34:51.000Z","volume":3000,"label":" ","price":10.82},{"type":"B","date":"2018-04-09T05:35:51.000Z","volume":3000,"label":" ","price":10.82},{"type":"A","date":"2018-04-09T05:37:47.000Z","volume":2000,"label":" ","price":10.84},{"type":"A","date":"2018-04-09T05:37:47.000Z","volume":1000,"label":" ","price":10.84},{"type":"A","date":"2018-04-09T05:37:47.000Z","volume":1000,"label":" ","price":10.84},{"type":"A","date":"2018-04-09T05:37:47.000Z","volume":1000,"label":" ","price":10.84},{"type":"A","date":"2018-04-09T05:39:32.000Z","volume":1000,"label":" ","price":10.84},{"type":"A","date":"2018-04-09T05:39:32.000Z","volume":1000,"label":" ","price":10.84},{"type":"A","date":"2018-04-09T05:39:32.000Z","volume":1000,"label":" ","price":10.84},{"type":"A","date":"2018-04-09T05:39:32.000Z","volume":2000,"label":" ","price":10.84},{"type":"A","date":"2018-04-09T05:41:47.000Z","volume":1000,"label":" ","price":10.84},{"type":"A","date":"2018-04-09T05:41:47.000Z","volume":2000,"label":" ","price":10.84},{"type":"A","date":"2018-04-09T05:41:47.000Z","volume":3000,"label":" ","price":10.84},{"type":"B","date":"2018-04-09T05:42:02.000Z","volume":11000,"label":" ","price":10.82},{"type":"B","date":"2018-04-09T05:42:02.000Z","volume":5000,"label":" ","price":10.82},{"type":"B","date":"2018-04-09T05:43:11.000Z","volume":2000,"label":"Y","price":10.8},{"type":"B","date":"2018-04-09T05:43:11.000Z","volume":1000,"label":" ","price":10.8},{"type":"A","date":"2018-04-09T05:44:15.000Z","volume":12000,"label":" ","price":10.82},{"type":"A","date":"2018-04-09T05:44:23.000Z","volume":10000,"label":" ","price":10.82},{"type":"A","date":"2018-04-09T05:45:32.000Z","volume":1000,"label":" ","price":10.82},{"type":"A","date":"2018-04-09T05:45:32.000Z","volume":1000,"label":" ","price":10.82},{"type":"A","date":"2018-04-09T05:45:32.000Z","volume":2000,"label":" ","price":10.82},{"type":"A","date":"2018-04-09T05:45:32.000Z","volume":3000,"label":" ","price":10.82},{"type":"A","date":"2018-04-09T05:47:56.000Z","volume":2000,"label":" ","price":10.82},{"type":"A","date":"2018-04-09T05:48:02.000Z","volume":1000,"label":" ","price":10.82},{"type":"A","date":"2018-04-09T05:48:02.000Z","volume":1000,"label":" ","price":10.82},{"type":"A","date":"2018-04-09T05:48:02.000Z","volume":1000,"label":" ","price":10.82},{"type":"A","date":"2018-04-09T05:48:02.000Z","volume":1000,"label":" ","price":10.82},{"type":"A","date":"2018-04-09T05:48:02.000Z","volume":1000,"label":" ","price":10.82},{"type":"A","date":"2018-04-09T05:48:02.000Z","volume":1000,"label":" ","price":10.82},{"type":"A","date":"2018-04-09T05:48:02.000Z","volume":1000,"label":" ","price":10.82},{"type":"A","date":"2018-04-09T05:48:02.000Z","volume":1000,"label":" ","price":10.82},{"type":"A","date":"2018-04-09T05:48:03.000Z","volume":1000,"label":" ","price":10.82},{"type":"B","date":"2018-04-09T05:49:48.000Z","volume":19000,"label":" ","price":10.82},{"type":"B","date":"2018-04-09T05:49:48.000Z","volume":13000,"label":" ","price":10.8},{"type":"B","date":"2018-04-09T05:51:03.000Z","volume":1000,"label":" ","price":10.78},{"type":"B","date":"2018-04-09T05:51:47.000Z","volume":1000,"label":" ","price":10.76},{"type":"A","date":"2018-04-09T05:55:17.000Z","volume":3000,"label":" ","price":10.8},{"type":"A","date":"2018-04-09T05:55:17.000Z","volume":3000,"label":" ","price":10.8},{"type":"A","date":"2018-04-09T05:55:17.000Z","volume":3000,"label":" ","price":10.8},{"type":"A","date":"2018-04-09T05:57:17.000Z","volume":4000,"label":" ","price":10.8},{"type":"A","date":"2018-04-09T05:57:47.000Z","volume":3000,"label":" ","price":10.8},{"type":"A","date":"2018-04-09T05:57:47.000Z","volume":1000,"label":" ","price":10.8},{"type":"A","date":"2018-04-09T05:57:47.000Z","volume":1000,"label":" ","price":10.8},{"type":"A","date":"2018-04-09T05:59:17.000Z","volume":1000,"label":" ","price":10.8},{"type":"A","date":"2018-04-09T05:59:17.000Z","volume":2000,"label":" ","price":10.8},{"type":"A","date":"2018-04-09T05:59:17.000Z","volume":3000,"label":" ","price":10.8},{"type":"A","date":"2018-04-09T06:01:47.000Z","volume":3000,"label":" ","price":10.8},{"type":"A","date":"2018-04-09T06:01:47.000Z","volume":2000,"label":" ","price":10.8},{"type":"B","date":"2018-04-09T06:03:00.000Z","volume":8000,"label":" ","price":10.78},{"type":"B","date":"2018-04-09T06:03:31.000Z","volume":3000,"label":" ","price":10.78},{"type":"A","date":"2018-04-09T06:04:02.000Z","volume":3000,"label":" ","price":10.8},{"type":"A","date":"2018-04-09T06:04:02.000Z","volume":1000,"label":" ","price":10.8},{"type":"A","date":"2018-04-09T06:04:02.000Z","volume":2000,"label":" ","price":10.8},{"type":"A","date":"2018-04-09T06:04:11.000Z","volume":4000,"label":" ","price":10.8},{"type":"A","date":"2018-04-09T06:04:11.000Z","volume":11000,"label":" ","price":10.8},{"type":"A","date":"2018-04-09T06:05:47.000Z","volume":3000,"label":" ","price":10.86},{"type":"A","date":"2018-04-09T06:05:47.000Z","volume":3000,"label":" ","price":10.86},{"type":"B","date":"2018-04-09T06:07:35.000Z","volume":10000,"label":" ","price":10.84},{"type":"A","date":"2018-04-09T06:07:47.000Z","volume":3000,"label":" ","price":10.86},{"type":"A","date":"2018-04-09T06:07:47.000Z","volume":2000,"label":" ","price":10.86},{"type":"A","date":"2018-04-09T06:07:47.000Z","volume":1000,"label":" ","price":10.86},{"type":"A","date":"2018-04-09T06:09:17.000Z","volume":2000,"label":" ","price":10.86},{"type":"A","date":"2018-04-09T06:09:17.000Z","volume":1000,"label":" ","price":10.86},{"type":"A","date":"2018-04-09T06:09:17.000Z","volume":3000,"label":" ","price":10.86},{"type":"A","date":"2018-04-09T06:11:17.000Z","volume":2000,"label":" ","price":10.86},{"type":"A","date":"2018-04-09T06:11:17.000Z","volume":2000,"label":" ","price":10.86},{"type":"A","date":"2018-04-09T06:11:17.000Z","volume":3000,"label":" ","price":10.86},{"type":"B","date":"2018-04-09T06:12:10.000Z","volume":10000,"label":" ","price":10.84},{"type":"B","date":"2018-04-09T06:12:40.000Z","volume":1000,"label":" ","price":10.8},{"type":"A","date":"2018-04-09T06:14:17.000Z","volume":6000,"label":" ","price":10.84},{"type":"A","date":"2018-04-09T06:14:17.000Z","volume":2000,"label":" ","price":10.84},{"type":"A","date":"2018-04-09T06:16:17.000Z","volume":3000,"label":" ","price":10.84},{"type":"A","date":"2018-04-09T06:16:17.000Z","volume":2000,"label":" ","price":10.84},{"type":"A","date":"2018-04-09T06:16:17.000Z","volume":2000,"label":" ","price":10.84},{"type":"B","date":"2018-04-09T06:16:36.000Z","volume":1000,"label":" ","price":10.8},{"type":"A","date":"2018-04-09T06:17:16.000Z","volume":1000,"label":" ","price":10.82},{"type":"A","date":"2018-04-09T06:17:17.000Z","volume":2000,"label":" ","price":10.82},{"type":"A","date":"2018-04-09T06:18:47.000Z","volume":4000,"label":" ","price":10.84},{"type":"A","date":"2018-04-09T06:18:47.000Z","volume":1000,"label":" ","price":10.84},{"type":"A","date":"2018-04-09T06:18:47.000Z","volume":2000,"label":" ","price":10.84},{"type":"B","date":"2018-04-09T06:20:02.000Z","volume":10000,"label":" ","price":10.82},{"type":"A","date":"2018-04-09T06:20:47.000Z","volume":3000,"label":" ","price":10.84},{"type":"A","date":"2018-04-09T06:20:47.000Z","volume":2000,"label":" ","price":10.84},{"type":"A","date":"2018-04-09T06:22:17.000Z","volume":3000,"label":" ","price":10.84},{"type":"A","date":"2018-04-09T06:22:17.000Z","volume":1000,"label":" ","price":10.84},{"type":"A","date":"2018-04-09T06:22:17.000Z","volume":2000,"label":" ","price":10.84},{"type":"B","date":"2018-04-09T06:22:21.000Z","volume":2000,"label":" ","price":10.82},{"type":"B","date":"2018-04-09T06:23:17.000Z","volume":2000,"label":"Y","price":10.82},{"type":"B","date":"2018-04-09T06:23:17.000Z","volume":4000,"label":" ","price":10.82},{"type":"B","date":"2018-04-09T06:23:17.000Z","volume":6000,"label":" ","price":10.82},{"type":"A","date":"2018-04-09T06:24:56.000Z","volume":11000,"label":" ","price":10.84},{"type":"A","date":"2018-04-09T06:25:02.000Z","volume":3000,"label":" ","price":10.88},{"type":"A","date":"2018-04-09T06:25:06.000Z","volume":3000,"label":" ","price":10.88},{"type":"A","date":"2018-04-09T06:25:06.000Z","volume":1000,"label":" ","price":10.88},{"type":"B","date":"2018-04-09T06:25:14.000Z","volume":7000,"label":" ","price":10.88},{"type":"B","date":"2018-04-09T06:27:11.000Z","volume":10000,"label":" ","price":10.86},{"type":"B","date":"2018-04-09T06:27:57.000Z","volume":11000,"label":" ","price":10.86},{"type":"A","date":"2018-04-09T06:28:03.000Z","volume":12000,"label":" ","price":10.88},{"type":"B","date":"2018-04-09T06:28:10.000Z","volume":27000,"label":" ","price":10.88},{"type":"B","date":"2018-04-09T06:28:10.000Z","volume":1000,"label":" ","price":10.86},{"type":"A","date":"2018-04-09T06:28:41.000Z","volume":20000,"label":" ","price":10.88},{"type":"A","date":"2018-04-09T06:28:48.000Z","volume":7000,"label":" ","price":10.88},{"type":"B","date":"2018-04-09T06:28:57.000Z","volume":14000,"label":" ","price":10.88},{"type":"B","date":"2018-04-09T06:29:09.000Z","volume":21000,"label":" ","price":10.86},{"type":"B","date":"2018-04-09T06:29:09.000Z","volume":2000,"label":" ","price":10.86},{"type":"A","date":"2018-04-09T06:29:12.000Z","volume":10000,"label":" ","price":10.88},{"type":"A","date":"2018-04-09T06:29:13.000Z","volume":10000,"label":" ","price":10.88},{"type":"A","date":"2018-04-09T06:29:17.000Z","volume":15000,"label":" ","price":10.88},{"type":"B","date":"2018-04-09T06:29:26.000Z","volume":30000,"label":" ","price":10.88},{"type":"B","date":"2018-04-09T06:29:26.000Z","volume":2000,"label":" ","price":10.88},{"type":"A","date":"2018-04-09T06:29:59.000Z","volume":34000,"label":" ","price":10.88},{"type":"A","date":"2018-04-09T06:30:02.000Z","volume":7000,"label":" ","price":10.9},{"type":"B","date":"2018-04-09T06:30:03.000Z","volume":13000,"label":" ","price":10.88},{"type":"B","date":"2018-04-09T06:30:03.000Z","volume":1000,"label":" ","price":10.88},{"type":"B","date":"2018-04-09T06:30:08.000Z","volume":2000,"label":" ","price":10.84},{"type":"A","date":"2018-04-09T06:30:12.000Z","volume":4000,"label":" ","price":10.88},{"type":"B","date":"2018-04-09T06:30:13.000Z","volume":9000,"label":" ","price":10.88},{"type":"A","date":"2018-04-09T06:30:13.000Z","volume":1000,"label":" ","price":10.88},{"type":"B","date":"2018-04-09T06:30:13.000Z","volume":2000,"label":" ","price":10.88},{"type":"B","date":"2018-04-09T06:30:17.000Z","volume":2000,"label":" ","price":10.88},{"type":"B","date":"2018-04-09T06:30:24.000Z","volume":12000,"label":" ","price":10.88},{"type":"B","date":"2018-04-09T06:30:37.000Z","volume":30000,"label":" ","price":10.88},{"type":"B","date":"2018-04-09T06:30:37.000Z","volume":4000,"label":" ","price":10.88},{"type":"A","date":"2018-04-09T06:31:05.000Z","volume":5000,"label":" ","price":10.88},{"type":"A","date":"2018-04-09T06:31:11.000Z","volume":12000,"label":" ","price":10.88},{"type":"B","date":"2018-04-09T06:31:11.000Z","volume":2000,"label":" ","price":10.88},{"type":"B","date":"2018-04-09T06:31:31.000Z","volume":15000,"label":" ","price":10.88},{"type":"B","date":"2018-04-09T06:31:34.000Z","volume":5000,"label":" ","price":10.88},{"type":"B","date":"2018-04-09T06:31:44.000Z","volume":5000,"label":" ","price":10.84},{"type":"A","date":"2018-04-09T06:31:46.000Z","volume":20000,"label":" ","price":10.88},{"type":"A","date":"2018-04-09T06:31:48.000Z","volume":15000,"label":" ","price":10.88},{"type":"A","date":"2018-04-09T06:31:49.000Z","volume":1000,"label":" ","price":10.88},{"type":"B","date":"2018-04-09T06:31:58.000Z","volume":5000,"label":" ","price":10.88},{"type":"B","date":"2018-04-09T06:31:58.000Z","volume":4000,"label":" ","price":10.88},{"type":"A","date":"2018-04-09T06:32:31.000Z","volume":13000,"label":" ","price":10.84},{"type":"A","date":"2018-04-09T06:33:16.000Z","volume":19000,"label":" ","price":10.86},{"type":"B","date":"2018-04-09T06:33:20.000Z","volume":7000,"label":" ","price":10.86},{"type":"A","date":"2018-04-09T06:33:25.000Z","volume":5000,"label":" ","price":10.86},{"type":"B","date":"2018-04-09T06:33:29.000Z","volume":22000,"label":" ","price":10.84},{"type":"A","date":"2018-04-09T06:33:38.000Z","volume":15000,"label":" ","price":10.86},{"type":"A","date":"2018-04-09T06:34:02.000Z","volume":7000,"label":" ","price":10.86},{"type":"A","date":"2018-04-09T06:34:02.000Z","volume":3000,"label":" ","price":10.86},{"type":"A","date":"2018-04-09T06:34:30.000Z","volume":5000,"label":" ","price":10.86},{"type":"A","date":"2018-04-09T06:34:36.000Z","volume":20000,"label":" ","price":10.88},{"type":"A","date":"2018-04-09T06:34:51.000Z","volume":5000,"label":" ","price":10.88},{"type":"B","date":"2018-04-09T06:34:55.000Z","volume":5000,"label":" ","price":10.88},{"type":"B","date":"2018-04-09T06:35:11.000Z","volume":17000,"label":" ","price":10.88},{"type":"A","date":"2018-04-09T06:35:12.000Z","volume":6000,"label":" ","price":10.88},{"type":"A","date":"2018-04-09T06:35:12.000Z","volume":2000,"label":" ","price":10.9},{"type":"A","date":"2018-04-09T06:35:52.000Z","volume":20000,"label":" ","price":10.9},{"type":"A","date":"2018-04-09T06:35:52.000Z","volume":7000,"label":" ","price":10.9},{"type":"A","date":"2018-04-09T06:36:34.000Z","volume":5000,"label":" ","price":10.9},{"type":"A","date":"2018-04-09T06:36:35.000Z","volume":5000,"label":" ","price":10.9},{"type":"A","date":"2018-04-09T06:37:01.000Z","volume":4000,"label":" ","price":10.92},{"type":"B","date":"2018-04-09T06:39:00.000Z","volume":6000,"label":" ","price":10.9},{"type":"B","date":"2018-04-09T06:39:57.000Z","volume":25000,"label":" ","price":10.9},{"type":"A","date":"2018-04-09T06:39:57.000Z","volume":1000,"label":" ","price":10.9},{"type":"A","date":"2018-04-09T06:40:02.000Z","volume":3000,"label":" ","price":10.9},{"type":"A","date":"2018-04-09T06:40:20.000Z","volume":23000,"label":" ","price":10.9},{"type":"A","date":"2018-04-09T06:40:21.000Z","volume":2000,"label":" ","price":10.9},{"type":"B","date":"2018-04-09T06:40:21.000Z","volume":1000,"label":" ","price":10.9},{"type":"A","date":"2018-04-09T06:41:53.000Z","volume":5000,"label":" ","price":10.9},{"type":"A","date":"2018-04-09T06:42:03.000Z","volume":9000,"label":" ","price":10.9},{"type":"A","date":"2018-04-09T06:42:04.000Z","volume":3000,"label":" ","price":10.9},{"type":"A","date":"2018-04-09T06:43:36.000Z","volume":1000,"label":" ","price":10.9},{"type":"B","date":"2018-04-09T06:43:57.000Z","volume":10000,"label":" ","price":10.9},{"type":"B","date":"2018-04-09T06:43:57.000Z","volume":3000,"label":" ","price":10.9},{"type":"A","date":"2018-04-09T06:44:44.000Z","volume":3000,"label":" ","price":10.9},{"type":"A","date":"2018-04-09T06:45:07.000Z","volume":1000,"label":" ","price":10.9},{"type":"B","date":"2018-04-09T06:46:16.000Z","volume":5000,"label":" ","price":10.88},{"type":"B","date":"2018-04-09T06:46:40.000Z","volume":7000,"label":" ","price":10.88},{"type":"B","date":"2018-04-09T06:47:14.000Z","volume":3000,"label":" ","price":10.88},{"type":"B","date":"2018-04-09T06:47:14.000Z","volume":3000,"label":" ","price":10.88},{"type":"B","date":"2018-04-09T06:48:21.000Z","volume":6000,"label":" ","price":10.86},{"type":"B","date":"2018-04-09T06:49:47.000Z","volume":9000,"label":" ","price":10.84},{"type":"A","date":"2018-04-09T06:51:37.000Z","volume":1000,"label":" ","price":10.86},{"type":"A","date":"2018-04-09T06:52:10.000Z","volume":40000,"label":" ","price":10.86},{"type":"A","date":"2018-04-09T06:52:11.000Z","volume":23000,"label":" ","price":10.86},{"type":"A","date":"2018-04-09T06:52:20.000Z","volume":5000,"label":" ","price":10.88},{"type":"A","date":"2018-04-09T06:54:47.000Z","volume":1000,"label":" ","price":10.9},{"type":"A","date":"2018-04-09T06:54:47.000Z","volume":1000,"label":" ","price":10.9},{"type":"A","date":"2018-04-09T06:54:47.000Z","volume":1000,"label":" ","price":10.9},{"type":"A","date":"2018-04-09T06:56:02.000Z","volume":1000,"label":" ","price":10.9},{"type":"A","date":"2018-04-09T06:56:02.000Z","volume":5000,"label":" ","price":10.9},{"type":"A","date":"2018-04-09T06:56:02.000Z","volume":2000,"label":" ","price":10.9},{"type":"B","date":"2018-04-09T06:58:57.000Z","volume":14000,"label":" ","price":10.88},{"type":"A","date":"2018-04-09T06:59:47.000Z","volume":3000,"label":" ","price":10.9},{"type":"A","date":"2018-04-09T07:01:02.000Z","volume":4000,"label":" ","price":10.9},{"type":"A","date":"2018-04-09T07:02:17.000Z","volume":4000,"label":" ","price":10.9},{"type":"A","date":"2018-04-09T07:03:32.000Z","volume":4000,"label":" ","price":10.9},{"type":"A","date":"2018-04-09T07:04:32.000Z","volume":1000,"label":" ","price":10.9},{"type":"A","date":"2018-04-09T07:04:32.000Z","volume":3000,"label":" ","price":10.9},{"type":"A","date":"2018-04-09T07:04:34.000Z","volume":1000,"label":" ","price":10.9},{"type":"U","date":"2018-04-09T07:04:38.000Z","volume":10000,"label":" ","price":10.88},{"type":"B","date":"2018-04-09T07:05:10.000Z","volume":1000,"label":" ","price":10.86},{"type":"A","date":"2018-04-09T07:05:32.000Z","volume":4000,"label":" ","price":10.88},{"type":"A","date":"2018-04-09T07:05:32.000Z","volume":3000,"label":" ","price":10.88},{"type":"A","date":"2018-04-09T07:07:32.000Z","volume":3000,"label":" ","price":10.88},{"type":"A","date":"2018-04-09T07:07:32.000Z","volume":4000,"label":" ","price":10.88},{"type":"A","date":"2018-04-09T07:08:47.000Z","volume":4000,"label":" ","price":10.88},{"type":"A","date":"2018-04-09T07:08:47.000Z","volume":4000,"label":" ","price":10.88},{"type":"A","date":"2018-04-09T07:10:17.000Z","volume":4000,"label":" ","price":10.88},{"type":"A","date":"2018-04-09T07:10:17.000Z","volume":4000,"label":" ","price":10.88},{"type":"A","date":"2018-04-09T07:10:21.000Z","volume":1000,"label":" ","price":10.88},{"type":"B","date":"2018-04-09T07:11:37.000Z","volume":10000,"label":" ","price":10.86},{"type":"A","date":"2018-04-09T07:11:47.000Z","volume":4000,"label":" ","price":10.88},{"type":"A","date":"2018-04-09T07:11:47.000Z","volume":4000,"label":" ","price":10.88},{"type":"B","date":"2018-04-09T07:11:57.000Z","volume":3000,"label":"Y","price":10.86},{"type":"B","date":"2018-04-09T07:11:57.000Z","volume":7000,"label":" ","price":10.86},{"type":"A","date":"2018-04-09T07:12:22.000Z","volume":17000,"label":" ","price":10.88},{"type":"A","date":"2018-04-09T07:13:32.000Z","volume":4000,"label":" ","price":10.9},{"type":"A","date":"2018-04-09T07:13:32.000Z","volume":1000,"label":" ","price":10.9},{"type":"A","date":"2018-04-09T07:14:17.000Z","volume":4000,"label":" ","price":10.9},{"type":"A","date":"2018-04-09T07:14:36.000Z","volume":5000,"label":" ","price":10.9},{"type":"A","date":"2018-04-09T07:14:47.000Z","volume":4000,"label":" ","price":10.9},{"type":"A","date":"2018-04-09T07:14:47.000Z","volume":2000,"label":" ","price":10.9},{"type":"A","date":"2018-04-09T07:14:59.000Z","volume":4000,"label":" ","price":10.92},{"type":"A","date":"2018-04-09T07:16:16.000Z","volume":35000,"label":" ","price":10.92},{"type":"A","date":"2018-04-09T07:16:17.000Z","volume":4000,"label":" ","price":10.94},{"type":"A","date":"2018-04-09T07:17:02.000Z","volume":3000,"label":" ","price":10.94},{"type":"A","date":"2018-04-09T07:17:07.000Z","volume":5000,"label":" ","price":10.94},{"type":"A","date":"2018-04-09T07:17:32.000Z","volume":4000,"label":" ","price":10.94},{"type":"A","date":"2018-04-09T07:18:47.000Z","volume":4000,"label":" ","price":10.94},{"type":"A","date":"2018-04-09T07:20:02.000Z","volume":3000,"label":" ","price":10.94},{"type":"A","date":"2018-04-09T07:20:47.000Z","volume":4000,"label":" ","price":10.94},{"type":"A","date":"2018-04-09T07:21:32.000Z","volume":4000,"label":" ","price":10.94},{"type":"A","date":"2018-04-09T07:22:17.000Z","volume":4000,"label":" ","price":10.94},{"type":"A","date":"2018-04-09T07:23:02.000Z","volume":4000,"label":" ","price":10.94},{"type":"A","date":"2018-04-09T07:24:02.000Z","volume":4000,"label":" ","price":10.94},{"type":"A","date":"2018-04-09T07:24:47.000Z","volume":4000,"label":" ","price":10.94},{"type":"A","date":"2018-04-09T07:26:02.000Z","volume":4000,"label":" ","price":10.94},{"type":"A","date":"2018-04-09T07:26:02.000Z","volume":10000,"label":" ","price":10.94},{"type":"A","date":"2018-04-09T07:26:06.000Z","volume":4000,"label":" ","price":10.96},{"type":"A","date":"2018-04-09T07:26:06.000Z","volume":1000,"label":" ","price":10.96},{"type":"A","date":"2018-04-09T07:26:06.000Z","volume":3000,"label":" ","price":10.98},{"type":"A","date":"2018-04-09T07:26:06.000Z","volume":2000,"label":" ","price":10.98},{"type":"A","date":"2018-04-09T07:26:06.000Z","volume":3000,"label":" ","price":11},{"type":"A","date":"2018-04-09T07:27:18.000Z","volume":5000,"label":" ","price":11},{"type":"A","date":"2018-04-09T07:29:07.000Z","volume":2000,"label":" ","price":11},{"type":"A","date":"2018-04-09T07:29:17.000Z","volume":4000,"label":" ","price":11},{"type":"A","date":"2018-04-09T07:29:51.000Z","volume":4000,"label":" ","price":11},{"type":"A","date":"2018-04-09T07:29:51.000Z","volume":6000,"label":" ","price":11},{"type":"A","date":"2018-04-09T07:30:47.000Z","volume":1000,"label":" ","price":11.02},{"type":"A","date":"2018-04-09T07:30:47.000Z","volume":4000,"label":" ","price":11.02},{"type":"A","date":"2018-04-09T07:31:36.000Z","volume":4000,"label":" ","price":11.02},{"type":"A","date":"2018-04-09T07:32:12.000Z","volume":2000,"label":" ","price":11.02},{"type":"B","date":"2018-04-09T07:32:29.000Z","volume":1000,"label":" ","price":11},{"type":"A","date":"2018-04-09T07:32:30.000Z","volume":4000,"label":" ","price":11.02},{"type":"A","date":"2018-04-09T07:32:30.000Z","volume":4000,"label":" ","price":11.02},{"type":"A","date":"2018-04-09T07:32:30.000Z","volume":1000,"label":" ","price":11.02},{"type":"B","date":"2018-04-09T07:33:17.000Z","volume":1000,"label":" ","price":11.06},{"type":"B","date":"2018-04-09T07:33:17.000Z","volume":10000,"label":" ","price":11.06},{"type":"B","date":"2018-04-09T07:33:17.000Z","volume":7000,"label":" ","price":11.06},{"type":"B","date":"2018-04-09T07:33:32.000Z","volume":1000,"label":" ","price":11.04},{"type":"A","date":"2018-04-09T07:34:02.000Z","volume":1000,"label":" ","price":11.04},{"type":"A","date":"2018-04-09T07:34:51.000Z","volume":8000,"label":" ","price":11.06},{"type":"B","date":"2018-04-09T07:35:01.000Z","volume":3000,"label":" ","price":11.04},{"type":"B","date":"2018-04-09T07:36:05.000Z","volume":14000,"label":" ","price":11.04},{"type":"B","date":"2018-04-09T07:37:14.000Z","volume":5000,"label":" ","price":11},{"type":"A","date":"2018-04-09T07:38:47.000Z","volume":4000,"label":" ","price":11.04},{"type":"A","date":"2018-04-09T07:39:21.000Z","volume":5000,"label":" ","price":11},{"type":"A","date":"2018-04-09T07:40:32.000Z","volume":5000,"label":" ","price":11},{"type":"A","date":"2018-04-09T07:41:06.000Z","volume":5000,"label":" ","price":11},{"type":"A","date":"2018-04-09T07:41:19.000Z","volume":27000,"label":" ","price":11},{"type":"A","date":"2018-04-09T07:41:47.000Z","volume":3000,"label":" ","price":11.04},{"type":"A","date":"2018-04-09T07:41:47.000Z","volume":2000,"label":" ","price":11.04},{"type":"A","date":"2018-04-09T07:41:47.000Z","volume":1000,"label":" ","price":11.04},{"type":"A","date":"2018-04-09T07:42:17.000Z","volume":4000,"label":" ","price":11.08},{"type":"A","date":"2018-04-09T07:42:17.000Z","volume":1000,"label":" ","price":11.08},{"type":"B","date":"2018-04-09T07:42:47.000Z","volume":10000,"label":" ","price":11.08},{"type":"B","date":"2018-04-09T07:42:47.000Z","volume":11000,"label":" ","price":11.08},{"type":"B","date":"2018-04-09T07:42:49.000Z","volume":4000,"label":"Y","price":11.08},{"type":"B","date":"2018-04-09T07:42:49.000Z","volume":3000,"label":" ","price":11.08},{"type":"B","date":"2018-04-09T07:42:49.000Z","volume":1000,"label":"Y","price":11.08},{"type":"A","date":"2018-04-09T07:47:02.000Z","volume":4000,"label":" ","price":11.04},{"type":"A","date":"2018-04-09T07:47:44.000Z","volume":23000,"label":" ","price":11.04},{"type":"A","date":"2018-04-09T07:48:21.000Z","volume":5000,"label":" ","price":11.06},{"type":"A","date":"2018-04-09T07:49:17.000Z","volume":3000,"label":" ","price":11.06},{"type":"A","date":"2018-04-09T07:50:02.000Z","volume":4000,"label":" ","price":11.06},{"type":"A","date":"2018-04-09T07:50:20.000Z","volume":14000,"label":" ","price":11.06},{"type":"B","date":"2018-04-09T07:50:57.000Z","volume":10000,"label":" ","price":11.06},{"type":"B","date":"2018-04-09T07:50:57.000Z","volume":14000,"label":" ","price":11.06},{"type":"B","date":"2018-04-09T07:51:25.000Z","volume":5000,"label":" ","price":11.06},{"type":"B","date":"2018-04-09T07:51:44.000Z","volume":5000,"label":" ","price":11.06},{"type":"A","date":"2018-04-09T07:53:17.000Z","volume":4000,"label":" ","price":11.08},{"type":"A","date":"2018-04-09T07:54:02.000Z","volume":4000,"label":" ","price":11.08},{"type":"A","date":"2018-04-09T07:54:32.000Z","volume":3000,"label":" ","price":11.06},{"type":"A","date":"2018-04-09T07:54:32.000Z","volume":1000,"label":" ","price":11.06},{"type":"B","date":"2018-04-09T07:54:38.000Z","volume":10000,"label":" ","price":11.06},{"type":"A","date":"2018-04-09T07:55:19.000Z","volume":25000,"label":" ","price":11.06},{"type":"A","date":"2018-04-09T07:56:36.000Z","volume":1000,"label":" ","price":11.06},{"type":"A","date":"2018-04-09T07:56:47.000Z","volume":1000,"label":" ","price":11.06},{"type":"A","date":"2018-04-09T07:56:47.000Z","volume":2000,"label":" ","price":11.06},{"type":"A","date":"2018-04-09T07:56:48.000Z","volume":1000,"label":" ","price":11.06},{"type":"A","date":"2018-04-09T07:57:02.000Z","volume":2000,"label":" ","price":11.06},{"type":"A","date":"2018-04-09T07:57:02.000Z","volume":4000,"label":" ","price":11.06},{"type":"A","date":"2018-04-09T07:57:17.000Z","volume":10000,"label":" ","price":11.06},{"type":"B","date":"2018-04-09T07:57:20.000Z","volume":3000,"label":" ","price":11.04},{"type":"A","date":"2018-04-09T07:57:32.000Z","volume":1000,"label":" ","price":11.06},{"type":"A","date":"2018-04-09T07:57:32.000Z","volume":1000,"label":" ","price":11.06},{"type":"A","date":"2018-04-09T07:57:32.000Z","volume":1000,"label":" ","price":11.06},{"type":"A","date":"2018-04-09T07:57:47.000Z","volume":2000,"label":" ","price":11.12},{"type":"A","date":"2018-04-09T07:57:48.000Z","volume":2000,"label":" ","price":11.12},{"type":"A","date":"2018-04-09T07:58:00.000Z","volume":2000,"label":" ","price":11.12},{"type":"B","date":"2018-04-09T07:59:01.000Z","volume":1000,"label":" ","price":11.06},{"type":"B","date":"2018-04-09T07:59:08.000Z","volume":4000,"label":" ","price":11.06},{"type":"B","date":"2018-04-09T07:59:08.000Z","volume":1000,"label":" ","price":11.02},{"type":"B","date":"2018-04-09T07:59:08.000Z","volume":8000,"label":" ","price":11.02},{"type":"A","date":"2018-04-09T07:59:08.000Z","volume":2000,"label":" ","price":11.02},{"type":"B","date":"2018-04-09T07:59:10.000Z","volume":1000,"label":" ","price":11.02},{"type":"B","date":"2018-04-09T07:59:26.000Z","volume":10000,"label":" ","price":11.02},{"type":"A","date":"2018-04-09T07:59:26.000Z","volume":4000,"label":" ","price":11.02},{"type":"B","date":"2018-04-09T07:59:38.000Z","volume":6000,"label":" ","price":11.02},{"type":"B","date":"2018-04-09T07:59:38.000Z","volume":1000,"label":" ","price":11.02},{"type":"B","date":"2018-04-09T07:59:49.000Z","volume":3000,"label":" ","price":11.02},{"type":"A","date":"2018-04-09T07:59:49.000Z","volume":2000,"label":" ","price":11.02},{"type":"B","date":"2018-04-09T07:59:55.000Z","volume":5000,"label":" ","price":11}]