[{"type":"A","date":"2018-04-25T01:37:30.000Z","volume":2000,"label":" ","price":3.17},{"type":"B","date":"2018-04-25T01:37:50.000Z","volume":10000,"label":" ","price":3.17},{"type":"A","date":"2018-04-25T01:40:03.000Z","volume":10000,"label":" ","price":3.18},{"type":"B","date":"2018-04-25T01:42:31.000Z","volume":34000,"label":" ","price":3.18},{"type":"B","date":"2018-04-25T01:43:30.000Z","volume":8000,"label":" ","price":3.19},{"type":"A","date":"2018-04-25T01:44:43.000Z","volume":6000,"label":" ","price":3.21},{"type":"B","date":"2018-04-25T01:45:52.000Z","volume":34000,"label":" ","price":3.18},{"type":"A","date":"2018-04-25T01:46:02.000Z","volume":2000,"label":" ","price":3.18},{"type":"A","date":"2018-04-25T01:51:52.000Z","volume":30000,"label":" ","price":3.18},{"type":"A","date":"2018-04-25T01:51:54.000Z","volume":8000,"label":" ","price":3.19},{"type":"A","date":"2018-04-25T01:58:17.000Z","volume":16000,"label":" ","price":3.19},{"type":"A","date":"2018-04-25T01:59:02.000Z","volume":2000,"label":" ","price":3.21},{"type":"U","date":"2018-04-25T02:01:46.000Z","volume":10000,"label":" ","price":3.2},{"type":"A","date":"2018-04-25T02:01:46.000Z","volume":2000,"label":" ","price":3.21},{"type":"A","date":"2018-04-25T02:01:49.000Z","volume":2000,"label":" ","price":3.21},{"type":"B","date":"2018-04-25T02:03:17.000Z","volume":34000,"label":" ","price":3.19},{"type":"B","date":"2018-04-25T02:05:14.000Z","volume":26000,"label":" ","price":3.17},{"type":"B","date":"2018-04-25T02:06:25.000Z","volume":2000,"label":" ","price":3.17},{"type":"B","date":"2018-04-25T02:06:34.000Z","volume":12000,"label":" ","price":3.17},{"type":"A","date":"2018-04-25T02:10:44.000Z","volume":2000,"label":" ","price":3.18},{"type":"B","date":"2018-04-25T02:12:56.000Z","volume":6000,"label":" ","price":3.17},{"type":"B","date":"2018-04-25T02:15:11.000Z","volume":8000,"label":" ","price":3.17},{"type":"A","date":"2018-04-25T02:18:49.000Z","volume":2000,"label":" ","price":3.18},{"type":"A","date":"2018-04-25T02:18:49.000Z","volume":36000,"label":" ","price":3.18},{"type":"A","date":"2018-04-25T02:18:57.000Z","volume":12000,"label":" ","price":3.19},{"type":"B","date":"2018-04-25T02:19:16.000Z","volume":44000,"label":" ","price":3.17},{"type":"B","date":"2018-04-25T02:19:16.000Z","volume":4000,"label":" ","price":3.17},{"type":"B","date":"2018-04-25T02:21:08.000Z","volume":180000,"label":" ","price":3.15},{"type":"B","date":"2018-04-25T02:23:59.000Z","volume":2000,"label":"Y","price":3.15},{"type":"B","date":"2018-04-25T02:23:59.000Z","volume":34000,"label":" ","price":3.15},{"type":"A","date":"2018-04-25T02:23:59.000Z","volume":8000,"label":" ","price":3.18},{"type":"B","date":"2018-04-25T02:25:15.000Z","volume":28000,"label":" ","price":3.15},{"type":"B","date":"2018-04-25T02:26:02.000Z","volume":26000,"label":" ","price":3.15},{"type":"A","date":"2018-04-25T02:26:02.000Z","volume":4000,"label":" ","price":3.18},{"type":"B","date":"2018-04-25T02:27:23.000Z","volume":30000,"label":" ","price":3.15},{"type":"B","date":"2018-04-25T02:28:06.000Z","volume":40000,"label":" ","price":3.15},{"type":"B","date":"2018-04-25T02:28:49.000Z","volume":30000,"label":" ","price":3.15},{"type":"B","date":"2018-04-25T02:29:49.000Z","volume":26000,"label":" ","price":3.15},{"type":"A","date":"2018-04-25T02:30:28.000Z","volume":2000,"label":" ","price":3.17},{"type":"A","date":"2018-04-25T02:31:29.000Z","volume":4000,"label":" ","price":3.17},{"type":"A","date":"2018-04-25T02:31:45.000Z","volume":6000,"label":" ","price":3.17},{"type":"A","date":"2018-04-25T02:33:51.000Z","volume":4000,"label":" ","price":3.18},{"type":"A","date":"2018-04-25T02:33:51.000Z","volume":6000,"label":"Y","price":3.19},{"type":"B","date":"2018-04-25T02:33:59.000Z","volume":42000,"label":" ","price":3.15},{"type":"B","date":"2018-04-25T02:34:29.000Z","volume":32000,"label":" ","price":3.15},{"type":"B","date":"2018-04-25T02:34:55.000Z","volume":26000,"label":" ","price":3.15},{"type":"A","date":"2018-04-25T02:35:16.000Z","volume":6000,"label":" ","price":3.17},{"type":"A","date":"2018-04-25T02:35:21.000Z","volume":2000,"label":" ","price":3.18},{"type":"A","date":"2018-04-25T02:35:46.000Z","volume":4000,"label":" ","price":3.18},{"type":"B","date":"2018-04-25T02:36:04.000Z","volume":30000,"label":" ","price":3.15},{"type":"B","date":"2018-04-25T02:36:32.000Z","volume":34000,"label":" ","price":3.15},{"type":"B","date":"2018-04-25T02:37:00.000Z","volume":40000,"label":" ","price":3.15},{"type":"B","date":"2018-04-25T02:38:18.000Z","volume":32000,"label":" ","price":3.15},{"type":"A","date":"2018-04-25T02:38:18.000Z","volume":12000,"label":" ","price":3.17},{"type":"B","date":"2018-04-25T02:39:12.000Z","volume":34000,"label":" ","price":3.15},{"type":"A","date":"2018-04-25T02:39:12.000Z","volume":2000,"label":" ","price":3.18},{"type":"B","date":"2018-04-25T02:39:38.000Z","volume":24000,"label":" ","price":3.15},{"type":"B","date":"2018-04-25T02:39:57.000Z","volume":26000,"label":" ","price":3.15},{"type":"A","date":"2018-04-25T02:40:22.000Z","volume":4000,"label":" ","price":3.17},{"type":"A","date":"2018-04-25T02:40:22.000Z","volume":2000,"label":" ","price":3.18},{"type":"B","date":"2018-04-25T02:40:36.000Z","volume":26000,"label":" ","price":3.15},{"type":"A","date":"2018-04-25T02:42:42.000Z","volume":4000,"label":" ","price":3.17},{"type":"A","date":"2018-04-25T02:42:42.000Z","volume":4000,"label":" ","price":3.18},{"type":"A","date":"2018-04-25T02:43:01.000Z","volume":4000,"label":" ","price":3.18},{"type":"B","date":"2018-04-25T02:43:26.000Z","volume":30000,"label":" ","price":3.15},{"type":"B","date":"2018-04-25T02:44:00.000Z","volume":32000,"label":" ","price":3.15},{"type":"A","date":"2018-04-25T02:44:00.000Z","volume":4000,"label":" ","price":3.17},{"type":"B","date":"2018-04-25T02:44:23.000Z","volume":18000,"label":" ","price":3.15},{"type":"B","date":"2018-04-25T02:44:48.000Z","volume":26000,"label":" ","price":3.15},{"type":"B","date":"2018-04-25T02:45:08.000Z","volume":26000,"label":" ","price":3.15},{"type":"A","date":"2018-04-25T02:45:37.000Z","volume":6000,"label":" ","price":3.17},{"type":"A","date":"2018-04-25T02:46:26.000Z","volume":2000,"label":" ","price":3.17},{"type":"B","date":"2018-04-25T02:46:34.000Z","volume":36000,"label":" ","price":3.15},{"type":"B","date":"2018-04-25T02:46:59.000Z","volume":28000,"label":" ","price":3.15},{"type":"B","date":"2018-04-25T02:47:14.000Z","volume":28000,"label":" ","price":3.15},{"type":"B","date":"2018-04-25T02:48:25.000Z","volume":34000,"label":" ","price":3.15},{"type":"A","date":"2018-04-25T02:49:54.000Z","volume":2000,"label":" ","price":3.17},{"type":"B","date":"2018-04-25T02:50:01.000Z","volume":118000,"label":" ","price":3.14},{"type":"A","date":"2018-04-25T02:50:07.000Z","volume":6000,"label":" ","price":3.16},{"type":"B","date":"2018-04-25T02:50:35.000Z","volume":48000,"label":" ","price":3.14},{"type":"B","date":"2018-04-25T02:51:02.000Z","volume":8000,"label":" ","price":3.14},{"type":"B","date":"2018-04-25T02:51:42.000Z","volume":44000,"label":" ","price":3.14},{"type":"A","date":"2018-04-25T02:52:32.000Z","volume":2000,"label":" ","price":3.16},{"type":"A","date":"2018-04-25T02:53:41.000Z","volume":2000,"label":" ","price":3.16},{"type":"B","date":"2018-04-25T02:53:53.000Z","volume":42000,"label":" ","price":3.14},{"type":"B","date":"2018-04-25T02:54:23.000Z","volume":48000,"label":" ","price":3.14},{"type":"B","date":"2018-04-25T02:54:46.000Z","volume":44000,"label":" ","price":3.14},{"type":"B","date":"2018-04-25T02:54:46.000Z","volume":2000,"label":" ","price":3.14},{"type":"B","date":"2018-04-25T02:55:21.000Z","volume":42000,"label":" ","price":3.14},{"type":"B","date":"2018-04-25T02:55:47.000Z","volume":44000,"label":" ","price":3.14},{"type":"B","date":"2018-04-25T02:56:25.000Z","volume":42000,"label":" ","price":3.14},{"type":"A","date":"2018-04-25T02:57:03.000Z","volume":2000,"label":"Y","price":3.15},{"type":"B","date":"2018-04-25T02:57:07.000Z","volume":42000,"label":" ","price":3.14},{"type":"A","date":"2018-04-25T02:57:21.000Z","volume":2000,"label":" ","price":3.15},{"type":"B","date":"2018-04-25T02:57:47.000Z","volume":32000,"label":" ","price":3.14},{"type":"A","date":"2018-04-25T02:58:13.000Z","volume":2000,"label":" ","price":3.16},{"type":"A","date":"2018-04-25T02:58:45.000Z","volume":2000,"label":" ","price":3.15},{"type":"A","date":"2018-04-25T02:59:20.000Z","volume":2000,"label":" ","price":3.15},{"type":"A","date":"2018-04-25T02:59:53.000Z","volume":2000,"label":" ","price":3.15},{"type":"A","date":"2018-04-25T03:00:29.000Z","volume":2000,"label":" ","price":3.15},{"type":"A","date":"2018-04-25T03:01:00.000Z","volume":2000,"label":" ","price":3.15},{"type":"A","date":"2018-04-25T03:01:00.000Z","volume":10000,"label":" ","price":3.15},{"type":"A","date":"2018-04-25T03:01:36.000Z","volume":8000,"label":" ","price":3.15},{"type":"A","date":"2018-04-25T03:02:09.000Z","volume":8000,"label":" ","price":3.15},{"type":"A","date":"2018-04-25T03:02:42.000Z","volume":6000,"label":" ","price":3.15},{"type":"A","date":"2018-04-25T03:03:13.000Z","volume":6000,"label":" ","price":3.15},{"type":"A","date":"2018-04-25T03:03:49.000Z","volume":4000,"label":" ","price":3.15},{"type":"A","date":"2018-04-25T03:04:27.000Z","volume":2000,"label":" ","price":3.15},{"type":"A","date":"2018-04-25T03:05:05.000Z","volume":2000,"label":" ","price":3.15},{"type":"A","date":"2018-04-25T03:05:05.000Z","volume":2000,"label":" ","price":3.15},{"type":"A","date":"2018-04-25T03:05:05.000Z","volume":8000,"label":" ","price":3.15},{"type":"A","date":"2018-04-25T03:05:07.000Z","volume":4000,"label":" ","price":3.16},{"type":"A","date":"2018-04-25T03:06:43.000Z","volume":2000,"label":" ","price":3.17},{"type":"A","date":"2018-04-25T03:07:50.000Z","volume":2000,"label":" ","price":3.17},{"type":"A","date":"2018-04-25T03:08:08.000Z","volume":4000,"label":" ","price":3.17},{"type":"B","date":"2018-04-25T03:08:13.000Z","volume":106000,"label":" ","price":3.15},{"type":"B","date":"2018-04-25T03:08:32.000Z","volume":40000,"label":" ","price":3.15},{"type":"B","date":"2018-04-25T03:09:05.000Z","volume":42000,"label":" ","price":3.15},{"type":"B","date":"2018-04-25T03:09:23.000Z","volume":42000,"label":" ","price":3.15},{"type":"B","date":"2018-04-25T03:10:07.000Z","volume":42000,"label":" ","price":3.15},{"type":"B","date":"2018-04-25T03:10:35.000Z","volume":50000,"label":" ","price":3.15},{"type":"B","date":"2018-04-25T03:10:56.000Z","volume":40000,"label":" ","price":3.15},{"type":"B","date":"2018-04-25T03:11:24.000Z","volume":32000,"label":" ","price":3.15},{"type":"B","date":"2018-04-25T03:11:46.000Z","volume":30000,"label":" ","price":3.15},{"type":"B","date":"2018-04-25T03:13:14.000Z","volume":36000,"label":" ","price":3.15},{"type":"A","date":"2018-04-25T03:13:14.000Z","volume":4000,"label":" ","price":3.17},{"type":"B","date":"2018-04-25T03:13:39.000Z","volume":14000,"label":" ","price":3.15},{"type":"B","date":"2018-04-25T03:18:42.000Z","volume":10000,"label":" ","price":3.15},{"type":"B","date":"2018-04-25T03:18:51.000Z","volume":2000,"label":" ","price":3.15},{"type":"B","date":"2018-04-25T03:18:51.000Z","volume":2000,"label":" ","price":3.14},{"type":"B","date":"2018-04-25T03:26:15.000Z","volume":26000,"label":" ","price":3.14},{"type":"B","date":"2018-04-25T03:26:15.000Z","volume":24000,"label":" ","price":3.13},{"type":"A","date":"2018-04-25T03:32:31.000Z","volume":2000,"label":" ","price":3.16},{"type":"B","date":"2018-04-25T03:35:57.000Z","volume":22000,"label":" ","price":3.13},{"type":"A","date":"2018-04-25T03:35:57.000Z","volume":2000,"label":" ","price":3.16},{"type":"B","date":"2018-04-25T03:45:22.000Z","volume":26000,"label":" ","price":3.13},{"type":"A","date":"2018-04-25T03:45:40.000Z","volume":4000,"label":" ","price":3.15},{"type":"B","date":"2018-04-25T03:45:56.000Z","volume":62000,"label":" ","price":3.13},{"type":"A","date":"2018-04-25T03:45:56.000Z","volume":18000,"label":" ","price":3.13},{"type":"B","date":"2018-04-25T03:46:22.000Z","volume":76000,"label":" ","price":3.13},{"type":"B","date":"2018-04-25T03:46:44.000Z","volume":236000,"label":" ","price":3.12},{"type":"B","date":"2018-04-25T03:46:44.000Z","volume":4000,"label":" ","price":3.12},{"type":"A","date":"2018-04-25T03:47:41.000Z","volume":2000,"label":" ","price":3.14},{"type":"A","date":"2018-04-25T03:56:11.000Z","volume":4000,"label":" ","price":3.15},{"type":"A","date":"2018-04-25T03:56:54.000Z","volume":2000,"label":" ","price":3.15},{"type":"A","date":"2018-04-25T05:00:12.000Z","volume":8000,"label":" ","price":3.16},{"type":"A","date":"2018-04-25T05:05:25.000Z","volume":2000,"label":" ","price":3.16},{"type":"A","date":"2018-04-25T05:20:28.000Z","volume":2000,"label":" ","price":3.16},{"type":"A","date":"2018-04-25T05:21:22.000Z","volume":2000,"label":" ","price":3.16},{"type":"A","date":"2018-04-25T05:24:13.000Z","volume":2000,"label":" ","price":3.17},{"type":"A","date":"2018-04-25T05:27:14.000Z","volume":6000,"label":" ","price":3.18},{"type":"A","date":"2018-04-25T05:27:14.000Z","volume":10000,"label":" ","price":3.18},{"type":"A","date":"2018-04-25T05:30:37.000Z","volume":4000,"label":" ","price":3.18},{"type":"B","date":"2018-04-25T05:40:22.000Z","volume":4000,"label":" ","price":3.17},{"type":"A","date":"2018-04-25T05:56:15.000Z","volume":6000,"label":" ","price":3.18},{"type":"A","date":"2018-04-25T06:04:15.000Z","volume":6000,"label":" ","price":3.18},{"type":"A","date":"2018-04-25T06:07:25.000Z","volume":4000,"label":" ","price":3.18},{"type":"A","date":"2018-04-25T06:12:16.000Z","volume":6000,"label":" ","price":3.18},{"type":"A","date":"2018-04-25T06:12:28.000Z","volume":2000,"label":" ","price":3.18},{"type":"A","date":"2018-04-25T06:20:16.000Z","volume":6000,"label":" ","price":3.19},{"type":"A","date":"2018-04-25T06:28:16.000Z","volume":6000,"label":" ","price":3.19},{"type":"U","date":"2018-04-25T06:35:47.000Z","volume":6000,"label":" ","price":3.18},{"type":"A","date":"2018-04-25T06:43:17.000Z","volume":6000,"label":" ","price":3.19},{"type":"A","date":"2018-04-25T06:43:19.000Z","volume":2000,"label":" ","price":3.19},{"type":"A","date":"2018-04-25T06:50:47.000Z","volume":8000,"label":" ","price":3.19},{"type":"A","date":"2018-04-25T06:53:21.000Z","volume":2000,"label":"Y","price":3.19},{"type":"A","date":"2018-04-25T07:00:47.000Z","volume":8000,"label":" ","price":3.19},{"type":"A","date":"2018-04-25T07:00:49.000Z","volume":2000,"label":" ","price":3.18},{"type":"A","date":"2018-04-25T07:09:46.000Z","volume":2000,"label":" ","price":3.19},{"type":"A","date":"2018-04-25T07:10:18.000Z","volume":6000,"label":" ","price":3.19},{"type":"A","date":"2018-04-25T07:16:51.000Z","volume":2000,"label":" ","price":3.18},{"type":"A","date":"2018-04-25T07:17:18.000Z","volume":6000,"label":" ","price":3.18},{"type":"A","date":"2018-04-25T07:21:57.000Z","volume":2000,"label":" ","price":3.18},{"type":"A","date":"2018-04-25T07:24:48.000Z","volume":6000,"label":" ","price":3.18},{"type":"A","date":"2018-04-25T07:30:11.000Z","volume":20000,"label":" ","price":3.18},{"type":"A","date":"2018-04-25T07:31:48.000Z","volume":6000,"label":" ","price":3.18},{"type":"A","date":"2018-04-25T07:31:56.000Z","volume":4000,"label":" ","price":3.19},{"type":"A","date":"2018-04-25T07:31:57.000Z","volume":2000,"label":" ","price":3.19},{"type":"A","date":"2018-04-25T07:33:35.000Z","volume":2000,"label":" ","price":3.19},{"type":"A","date":"2018-04-25T07:35:46.000Z","volume":2000,"label":" ","price":3.19},{"type":"U","date":"2018-04-25T07:35:51.000Z","volume":6000,"label":" ","price":3.18},{"type":"U","date":"2018-04-25T07:35:51.000Z","volume":2000,"label":" ","price":3.18},{"type":"B","date":"2018-04-25T07:35:53.000Z","volume":10000,"label":" ","price":3.18},{"type":"A","date":"2018-04-25T07:36:16.000Z","volume":2000,"label":" ","price":3.18},{"type":"A","date":"2018-04-25T07:38:49.000Z","volume":6000,"label":" ","price":3.19},{"type":"A","date":"2018-04-25T07:42:19.000Z","volume":6000,"label":" ","price":3.19},{"type":"A","date":"2018-04-25T07:46:19.000Z","volume":6000,"label":" ","price":3.19},{"type":"A","date":"2018-04-25T07:49:19.000Z","volume":6000,"label":" ","price":3.19},{"type":"A","date":"2018-04-25T07:52:19.000Z","volume":6000,"label":" ","price":3.19},{"type":"B","date":"2018-04-25T07:53:57.000Z","volume":2000,"label":" ","price":3.17},{"type":"B","date":"2018-04-25T07:54:26.000Z","volume":2000,"label":" ","price":3.17},{"type":"A","date":"2018-04-25T07:56:19.000Z","volume":6000,"label":" ","price":3.18},{"type":"A","date":"2018-04-25T07:56:50.000Z","volume":2000,"label":" ","price":3.18},{"type":"A","date":"2018-04-25T07:57:43.000Z","volume":2000,"label":" ","price":3.18},{"type":"A","date":"2018-04-25T07:57:48.000Z","volume":2000,"label":" ","price":3.18},{"type":"B","date":"2018-04-25T07:57:58.000Z","volume":12000,"label":" ","price":3.17},{"type":"A","date":"2018-04-25T07:59:30.000Z","volume":6000,"label":" ","price":3.19},{"type":"U","date":"2018-04-25T08:08:25.000Z","volume":12000,"label":"U","price":3.19}]