[{"type":"U","date":"2018-04-03T01:20:00.000Z","volume":96000,"label":"U","price":3.12},{"type":"B","date":"2018-04-03T01:30:00.000Z","volume":40000,"label":" ","price":3.1},{"type":"A","date":"2018-04-03T01:30:01.000Z","volume":20000,"label":" ","price":3.12},{"type":"B","date":"2018-04-03T01:30:02.000Z","volume":6000,"label":" ","price":3.12},{"type":"B","date":"2018-04-03T01:30:02.000Z","volume":4000,"label":" ","price":3.12},{"type":"A","date":"2018-04-03T01:30:04.000Z","volume":4000,"label":" ","price":3.13},{"type":"B","date":"2018-04-03T01:30:04.000Z","volume":8000,"label":" ","price":3.12},{"type":"B","date":"2018-04-03T01:30:05.000Z","volume":2000,"label":" ","price":3.12},{"type":"A","date":"2018-04-03T01:30:07.000Z","volume":2000,"label":" ","price":3.13},{"type":"A","date":"2018-04-03T01:30:09.000Z","volume":2000,"label":" ","price":3.13},{"type":"A","date":"2018-04-03T01:30:15.000Z","volume":10000,"label":" ","price":3.13},{"type":"A","date":"2018-04-03T01:30:15.000Z","volume":112000,"label":" ","price":3.13},{"type":"A","date":"2018-04-03T01:30:15.000Z","volume":6000,"label":" ","price":3.14},{"type":"A","date":"2018-04-03T01:30:15.000Z","volume":2000,"label":"Y","price":3.14},{"type":"A","date":"2018-04-03T01:30:15.000Z","volume":2000,"label":" ","price":3.14},{"type":"A","date":"2018-04-03T01:30:20.000Z","volume":4000,"label":" ","price":3.15},{"type":"B","date":"2018-04-03T01:30:27.000Z","volume":2000,"label":" ","price":3.14},{"type":"B","date":"2018-04-03T01:30:28.000Z","volume":4000,"label":" ","price":3.14},{"type":"B","date":"2018-04-03T01:30:28.000Z","volume":12000,"label":" ","price":3.13},{"type":"B","date":"2018-04-03T01:30:29.000Z","volume":14000,"label":" ","price":3.13},{"type":"A","date":"2018-04-03T01:30:56.000Z","volume":10000,"label":" ","price":3.15},{"type":"A","date":"2018-04-03T01:30:56.000Z","volume":44000,"label":" ","price":3.15},{"type":"B","date":"2018-04-03T01:31:30.000Z","volume":10000,"label":" ","price":3.16},{"type":"B","date":"2018-04-03T01:32:29.000Z","volume":8000,"label":" ","price":3.16},{"type":"A","date":"2018-04-03T01:32:37.000Z","volume":2000,"label":" ","price":3.16},{"type":"A","date":"2018-04-03T01:32:48.000Z","volume":6000,"label":" ","price":3.17},{"type":"A","date":"2018-04-03T01:32:48.000Z","volume":20000,"label":" ","price":3.18},{"type":"A","date":"2018-04-03T01:32:48.000Z","volume":4000,"label":" ","price":3.18},{"type":"B","date":"2018-04-03T01:33:40.000Z","volume":2000,"label":" ","price":3.16},{"type":"B","date":"2018-04-03T01:33:40.000Z","volume":2000,"label":" ","price":3.16},{"type":"B","date":"2018-04-03T01:33:40.000Z","volume":4000,"label":" ","price":3.16},{"type":"B","date":"2018-04-03T01:34:10.000Z","volume":40000,"label":" ","price":3.15},{"type":"B","date":"2018-04-03T01:34:10.000Z","volume":4000,"label":" ","price":3.15},{"type":"A","date":"2018-04-03T01:34:16.000Z","volume":2000,"label":" ","price":3.17},{"type":"B","date":"2018-04-03T01:35:07.000Z","volume":4000,"label":" ","price":3.15},{"type":"A","date":"2018-04-03T01:35:31.000Z","volume":2000,"label":"Y","price":3.17},{"type":"A","date":"2018-04-03T01:35:31.000Z","volume":2000,"label":" ","price":3.17},{"type":"U","date":"2018-04-03T01:36:07.000Z","volume":20000,"label":" ","price":3.17},{"type":"B","date":"2018-04-03T01:37:44.000Z","volume":8000,"label":" ","price":3.15},{"type":"B","date":"2018-04-03T01:38:36.000Z","volume":10000,"label":" ","price":3.15},{"type":"B","date":"2018-04-03T01:38:57.000Z","volume":10000,"label":" ","price":3.15},{"type":"B","date":"2018-04-03T01:41:26.000Z","volume":20000,"label":" ","price":3.15},{"type":"B","date":"2018-04-03T01:42:09.000Z","volume":52000,"label":" ","price":3.15},{"type":"U","date":"2018-04-03T01:42:27.000Z","volume":2000,"label":" ","price":3.16},{"type":"B","date":"2018-04-03T01:42:27.000Z","volume":8000,"label":" ","price":3.15},{"type":"B","date":"2018-04-03T01:43:36.000Z","volume":2000,"label":" ","price":3.16},{"type":"B","date":"2018-04-03T01:44:15.000Z","volume":12000,"label":" ","price":3.16},{"type":"B","date":"2018-04-03T01:44:15.000Z","volume":22000,"label":" ","price":3.15},{"type":"B","date":"2018-04-03T01:44:15.000Z","volume":6000,"label":" ","price":3.15},{"type":"B","date":"2018-04-03T01:45:12.000Z","volume":18000,"label":" ","price":3.15},{"type":"B","date":"2018-04-03T01:45:12.000Z","volume":542000,"label":" ","price":3.15},{"type":"A","date":"2018-04-03T01:45:12.000Z","volume":14000,"label":" ","price":3.17},{"type":"A","date":"2018-04-03T01:45:12.000Z","volume":2000,"label":" ","price":3.18},{"type":"A","date":"2018-04-03T01:45:12.000Z","volume":34000,"label":" ","price":3.18},{"type":"A","date":"2018-04-03T01:45:12.000Z","volume":16000,"label":" ","price":3.19},{"type":"A","date":"2018-04-03T01:45:12.000Z","volume":2000,"label":" ","price":3.19},{"type":"B","date":"2018-04-03T01:45:14.000Z","volume":22000,"label":" ","price":3.19},{"type":"B","date":"2018-04-03T01:45:15.000Z","volume":8000,"label":" ","price":3.17},{"type":"B","date":"2018-04-03T01:45:16.000Z","volume":6000,"label":" ","price":3.17},{"type":"B","date":"2018-04-03T01:45:28.000Z","volume":6000,"label":" ","price":3.17},{"type":"B","date":"2018-04-03T01:45:30.000Z","volume":8000,"label":" ","price":3.17},{"type":"B","date":"2018-04-03T01:45:46.000Z","volume":8000,"label":" ","price":3.17},{"type":"B","date":"2018-04-03T01:46:04.000Z","volume":8000,"label":" ","price":3.17},{"type":"B","date":"2018-04-03T01:46:17.000Z","volume":6000,"label":" ","price":3.17},{"type":"B","date":"2018-04-03T01:46:35.000Z","volume":6000,"label":" ","price":3.17},{"type":"B","date":"2018-04-03T01:46:41.000Z","volume":8000,"label":" ","price":3.17},{"type":"B","date":"2018-04-03T01:46:44.000Z","volume":8000,"label":" ","price":3.17},{"type":"U","date":"2018-04-03T01:47:04.000Z","volume":10000,"label":" ","price":3.18},{"type":"A","date":"2018-04-03T01:47:26.000Z","volume":4000,"label":" ","price":3.19},{"type":"A","date":"2018-04-03T01:47:26.000Z","volume":20000,"label":" ","price":3.19},{"type":"A","date":"2018-04-03T01:47:28.000Z","volume":2000,"label":" ","price":3.2},{"type":"B","date":"2018-04-03T01:48:09.000Z","volume":20000,"label":" ","price":3.2},{"type":"B","date":"2018-04-03T01:49:06.000Z","volume":22000,"label":" ","price":3.19},{"type":"B","date":"2018-04-03T01:49:06.000Z","volume":4000,"label":" ","price":3.19},{"type":"B","date":"2018-04-03T01:50:22.000Z","volume":30000,"label":" ","price":3.18},{"type":"B","date":"2018-04-03T01:50:34.000Z","volume":30000,"label":" ","price":3.18},{"type":"B","date":"2018-04-03T01:51:06.000Z","volume":30000,"label":" ","price":3.18},{"type":"B","date":"2018-04-03T01:51:06.000Z","volume":34000,"label":" ","price":3.18},{"type":"B","date":"2018-04-03T01:51:06.000Z","volume":6000,"label":" ","price":3.18},{"type":"B","date":"2018-04-03T01:51:08.000Z","volume":8000,"label":" ","price":3.17},{"type":"A","date":"2018-04-03T01:52:01.000Z","volume":10000,"label":" ","price":3.18},{"type":"A","date":"2018-04-03T01:52:01.000Z","volume":10000,"label":" ","price":3.18},{"type":"B","date":"2018-04-03T01:52:29.000Z","volume":6000,"label":"Y","price":3.17},{"type":"B","date":"2018-04-03T01:52:29.000Z","volume":2000,"label":" ","price":3.17},{"type":"B","date":"2018-04-03T01:52:29.000Z","volume":10000,"label":" ","price":3.17},{"type":"B","date":"2018-04-03T01:53:23.000Z","volume":12000,"label":" ","price":3.17},{"type":"B","date":"2018-04-03T01:53:23.000Z","volume":8000,"label":" ","price":3.17},{"type":"B","date":"2018-04-03T01:53:55.000Z","volume":8000,"label":" ","price":3.17},{"type":"B","date":"2018-04-03T01:54:12.000Z","volume":14000,"label":" ","price":3.17},{"type":"A","date":"2018-04-03T01:54:13.000Z","volume":6000,"label":" ","price":3.17},{"type":"A","date":"2018-04-03T01:56:00.000Z","volume":2000,"label":" ","price":3.17},{"type":"A","date":"2018-04-03T01:56:17.000Z","volume":30000,"label":" ","price":3.17},{"type":"A","date":"2018-04-03T01:56:18.000Z","volume":2000,"label":" ","price":3.18},{"type":"A","date":"2018-04-03T01:56:18.000Z","volume":2000,"label":" ","price":3.18},{"type":"B","date":"2018-04-03T01:59:21.000Z","volume":2000,"label":" ","price":3.17},{"type":"B","date":"2018-04-03T01:59:21.000Z","volume":20000,"label":" ","price":3.17},{"type":"B","date":"2018-04-03T02:00:21.000Z","volume":36000,"label":" ","price":3.17},{"type":"B","date":"2018-04-03T02:00:21.000Z","volume":2000,"label":" ","price":3.17},{"type":"B","date":"2018-04-03T02:00:21.000Z","volume":8000,"label":" ","price":3.17},{"type":"B","date":"2018-04-03T02:02:02.000Z","volume":10000,"label":" ","price":3.16},{"type":"A","date":"2018-04-03T02:02:19.000Z","volume":4000,"label":" ","price":3.17},{"type":"A","date":"2018-04-03T02:02:40.000Z","volume":2000,"label":"Y","price":3.18},{"type":"B","date":"2018-04-03T02:05:55.000Z","volume":20000,"label":" ","price":3.17},{"type":"B","date":"2018-04-03T02:06:04.000Z","volume":30000,"label":" ","price":3.17},{"type":"B","date":"2018-04-03T02:06:04.000Z","volume":6000,"label":" ","price":3.17},{"type":"B","date":"2018-04-03T02:06:48.000Z","volume":50000,"label":" ","price":3.16},{"type":"B","date":"2018-04-03T02:06:48.000Z","volume":2000,"label":" ","price":3.16},{"type":"A","date":"2018-04-03T02:06:48.000Z","volume":2000,"label":"Y","price":3.16},{"type":"B","date":"2018-04-03T02:06:50.000Z","volume":8000,"label":" ","price":3.16},{"type":"B","date":"2018-04-03T02:06:55.000Z","volume":2000,"label":" ","price":3.16},{"type":"U","date":"2018-04-03T02:06:58.000Z","volume":2000,"label":"X","price":3.16},{"type":"A","date":"2018-04-03T02:07:36.000Z","volume":2000,"label":" ","price":3.17},{"type":"B","date":"2018-04-03T02:08:29.000Z","volume":2000,"label":" ","price":3.16},{"type":"B","date":"2018-04-03T02:08:38.000Z","volume":2000,"label":" ","price":3.16},{"type":"B","date":"2018-04-03T02:10:58.000Z","volume":30000,"label":" ","price":3.16},{"type":"B","date":"2018-04-03T02:11:07.000Z","volume":12000,"label":" ","price":3.16},{"type":"B","date":"2018-04-03T02:11:07.000Z","volume":32000,"label":" ","price":3.16},{"type":"A","date":"2018-04-03T02:11:07.000Z","volume":4000,"label":" ","price":3.16},{"type":"B","date":"2018-04-03T02:11:07.000Z","volume":6000,"label":" ","price":3.15},{"type":"U","date":"2018-04-03T02:12:51.000Z","volume":2000,"label":"X","price":3.16},{"type":"A","date":"2018-04-03T02:13:30.000Z","volume":2000,"label":" ","price":3.16},{"type":"B","date":"2018-04-03T02:13:58.000Z","volume":60000,"label":" ","price":3.15},{"type":"B","date":"2018-04-03T02:13:59.000Z","volume":8000,"label":" ","price":3.15},{"type":"B","date":"2018-04-03T02:15:02.000Z","volume":2000,"label":" ","price":3.15},{"type":"A","date":"2018-04-03T02:15:31.000Z","volume":80000,"label":" ","price":3.16},{"type":"A","date":"2018-04-03T02:16:31.000Z","volume":2000,"label":" ","price":3.17},{"type":"A","date":"2018-04-03T02:16:31.000Z","volume":50000,"label":" ","price":3.17},{"type":"B","date":"2018-04-03T02:16:44.000Z","volume":4000,"label":" ","price":3.17},{"type":"A","date":"2018-04-03T02:17:19.000Z","volume":2000,"label":" ","price":3.18},{"type":"B","date":"2018-04-03T02:22:27.000Z","volume":2000,"label":" ","price":3.17},{"type":"U","date":"2018-04-03T02:23:29.000Z","volume":2000,"label":"X","price":3.175},{"type":"U","date":"2018-04-03T02:25:42.000Z","volume":2000,"label":"X","price":3.175},{"type":"B","date":"2018-04-03T02:25:52.000Z","volume":30000,"label":" ","price":3.17},{"type":"A","date":"2018-04-03T02:25:54.000Z","volume":2000,"label":" ","price":3.18},{"type":"B","date":"2018-04-03T02:25:59.000Z","volume":40000,"label":" ","price":3.17},{"type":"B","date":"2018-04-03T02:26:41.000Z","volume":2000,"label":" ","price":3.17},{"type":"B","date":"2018-04-03T02:26:58.000Z","volume":20000,"label":" ","price":3.17},{"type":"B","date":"2018-04-03T02:27:01.000Z","volume":2000,"label":" ","price":3.17},{"type":"B","date":"2018-04-03T02:27:05.000Z","volume":20000,"label":" ","price":3.17},{"type":"A","date":"2018-04-03T02:27:31.000Z","volume":2000,"label":" ","price":3.18},{"type":"A","date":"2018-04-03T02:28:26.000Z","volume":10000,"label":" ","price":3.18},{"type":"A","date":"2018-04-03T02:28:26.000Z","volume":26000,"label":" ","price":3.18},{"type":"A","date":"2018-04-03T02:28:26.000Z","volume":26000,"label":" ","price":3.18},{"type":"A","date":"2018-04-03T02:28:31.000Z","volume":6000,"label":" ","price":3.19},{"type":"U","date":"2018-04-03T02:28:54.000Z","volume":2000,"label":"X","price":3.185},{"type":"B","date":"2018-04-03T02:30:35.000Z","volume":40000,"label":" ","price":3.18},{"type":"B","date":"2018-04-03T02:30:46.000Z","volume":30000,"label":" ","price":3.18},{"type":"B","date":"2018-04-03T02:31:33.000Z","volume":2000,"label":" ","price":3.17},{"type":"B","date":"2018-04-03T02:32:27.000Z","volume":2000,"label":" ","price":3.17},{"type":"U","date":"2018-04-03T02:33:02.000Z","volume":2000,"label":"X","price":3.175},{"type":"B","date":"2018-04-03T02:34:07.000Z","volume":2000,"label":" ","price":3.17},{"type":"B","date":"2018-04-03T02:35:15.000Z","volume":2000,"label":" ","price":3.17},{"type":"B","date":"2018-04-03T02:35:25.000Z","volume":2000,"label":" ","price":3.17},{"type":"U","date":"2018-04-03T02:35:34.000Z","volume":4000,"label":"X","price":3.17},{"type":"A","date":"2018-04-03T02:37:33.000Z","volume":10000,"label":" ","price":3.18},{"type":"U","date":"2018-04-03T02:38:08.000Z","volume":2000,"label":"X","price":3.175},{"type":"A","date":"2018-04-03T02:38:08.000Z","volume":2000,"label":" ","price":3.18},{"type":"B","date":"2018-04-03T02:39:35.000Z","volume":2000,"label":" ","price":3.17},{"type":"U","date":"2018-04-03T02:40:34.000Z","volume":4000,"label":"X","price":3.179},{"type":"U","date":"2018-04-03T02:40:34.000Z","volume":2000,"label":"X","price":3.179},{"type":"A","date":"2018-04-03T02:40:39.000Z","volume":4000,"label":" ","price":3.18},{"type":"B","date":"2018-04-03T02:41:27.000Z","volume":2000,"label":" ","price":3.17},{"type":"A","date":"2018-04-03T02:42:19.000Z","volume":10000,"label":" ","price":3.18},{"type":"A","date":"2018-04-03T02:42:19.000Z","volume":32000,"label":" ","price":3.18},{"type":"A","date":"2018-04-03T02:42:19.000Z","volume":10000,"label":" ","price":3.18},{"type":"A","date":"2018-04-03T02:42:19.000Z","volume":10000,"label":" ","price":3.18},{"type":"A","date":"2018-04-03T02:42:19.000Z","volume":86000,"label":" ","price":3.18},{"type":"U","date":"2018-04-03T02:42:19.000Z","volume":2000,"label":"X","price":3.175},{"type":"U","date":"2018-04-03T02:42:19.000Z","volume":26000,"label":" ","price":3.18},{"type":"A","date":"2018-04-03T02:42:20.000Z","volume":10000,"label":" ","price":3.18},{"type":"A","date":"2018-04-03T02:42:20.000Z","volume":80000,"label":" ","price":3.18},{"type":"U","date":"2018-04-03T02:42:20.000Z","volume":12000,"label":" ","price":3.18},{"type":"U","date":"2018-04-03T02:42:20.000Z","volume":14000,"label":" ","price":3.18},{"type":"A","date":"2018-04-03T02:42:22.000Z","volume":10000,"label":" ","price":3.18},{"type":"A","date":"2018-04-03T02:42:22.000Z","volume":10000,"label":" ","price":3.18},{"type":"A","date":"2018-04-03T02:42:22.000Z","volume":10000,"label":" ","price":3.18},{"type":"A","date":"2018-04-03T02:42:22.000Z","volume":10000,"label":" ","price":3.18},{"type":"A","date":"2018-04-03T02:42:22.000Z","volume":44000,"label":" ","price":3.18},{"type":"A","date":"2018-04-03T02:42:22.000Z","volume":6000,"label":" ","price":3.18},{"type":"B","date":"2018-04-03T02:42:22.000Z","volume":30000,"label":" ","price":3.18},{"type":"B","date":"2018-04-03T02:42:22.000Z","volume":2000,"label":" ","price":3.18},{"type":"A","date":"2018-04-03T02:42:22.000Z","volume":18000,"label":" ","price":3.18},{"type":"A","date":"2018-04-03T02:42:22.000Z","volume":12000,"label":" ","price":3.18},{"type":"A","date":"2018-04-03T02:42:22.000Z","volume":10000,"label":" ","price":3.18},{"type":"B","date":"2018-04-03T02:42:22.000Z","volume":10000,"label":" ","price":3.17},{"type":"A","date":"2018-04-03T02:42:23.000Z","volume":8000,"label":" ","price":3.18},{"type":"B","date":"2018-04-03T02:42:24.000Z","volume":8000,"label":" ","price":3.17},{"type":"A","date":"2018-04-03T02:42:24.000Z","volume":14000,"label":" ","price":3.18},{"type":"A","date":"2018-04-03T02:42:38.000Z","volume":2000,"label":" ","price":3.18},{"type":"A","date":"2018-04-03T02:42:43.000Z","volume":4000,"label":" ","price":3.18},{"type":"A","date":"2018-04-03T02:42:55.000Z","volume":4000,"label":" ","price":3.18},{"type":"A","date":"2018-04-03T02:43:19.000Z","volume":2000,"label":" ","price":3.18},{"type":"A","date":"2018-04-03T02:43:42.000Z","volume":2000,"label":" ","price":3.18},{"type":"A","date":"2018-04-03T02:44:07.000Z","volume":4000,"label":" ","price":3.18},{"type":"A","date":"2018-04-03T02:44:19.000Z","volume":4000,"label":" ","price":3.18},{"type":"A","date":"2018-04-03T02:44:37.000Z","volume":4000,"label":" ","price":3.18},{"type":"A","date":"2018-04-03T02:44:49.000Z","volume":2000,"label":" ","price":3.18},{"type":"A","date":"2018-04-03T02:45:19.000Z","volume":10000,"label":" ","price":3.18},{"type":"A","date":"2018-04-03T02:45:26.000Z","volume":2000,"label":" ","price":3.18},{"type":"A","date":"2018-04-03T02:46:37.000Z","volume":2000,"label":" ","price":3.18},{"type":"B","date":"2018-04-03T02:48:23.000Z","volume":50000,"label":" ","price":3.17},{"type":"B","date":"2018-04-03T02:48:23.000Z","volume":38000,"label":" ","price":3.17},{"type":"U","date":"2018-04-03T02:48:23.000Z","volume":12000,"label":" ","price":3.17},{"type":"U","date":"2018-04-03T02:48:24.000Z","volume":16000,"label":" ","price":3.17},{"type":"B","date":"2018-04-03T02:48:24.000Z","volume":30000,"label":" ","price":3.17},{"type":"U","date":"2018-04-03T02:48:28.000Z","volume":10000,"label":" ","price":3.17},{"type":"B","date":"2018-04-03T02:48:30.000Z","volume":2000,"label":" ","price":3.17},{"type":"B","date":"2018-04-03T02:48:30.000Z","volume":72000,"label":" ","price":3.16},{"type":"B","date":"2018-04-03T02:48:30.000Z","volume":2000,"label":" ","price":3.16},{"type":"B","date":"2018-04-03T02:48:30.000Z","volume":2000,"label":" ","price":3.16},{"type":"U","date":"2018-04-03T02:53:35.000Z","volume":2000,"label":"X","price":3.16},{"type":"A","date":"2018-04-03T02:54:13.000Z","volume":4000,"label":" ","price":3.16},{"type":"B","date":"2018-04-03T02:54:14.000Z","volume":6000,"label":" ","price":3.15},{"type":"A","date":"2018-04-03T02:55:12.000Z","volume":2000,"label":" ","price":3.16},{"type":"U","date":"2018-04-03T02:57:13.000Z","volume":2000,"label":"X","price":3.155},{"type":"U","date":"2018-04-03T03:00:34.000Z","volume":2000,"label":"X","price":3.155},{"type":"B","date":"2018-04-03T03:00:57.000Z","volume":6000,"label":" ","price":3.15},{"type":"A","date":"2018-04-03T03:01:01.000Z","volume":6000,"label":" ","price":3.16},{"type":"U","date":"2018-04-03T03:01:15.000Z","volume":2000,"label":"X","price":3.155},{"type":"A","date":"2018-04-03T03:01:52.000Z","volume":2000,"label":"Y","price":3.16},{"type":"A","date":"2018-04-03T03:04:56.000Z","volume":20000,"label":" ","price":3.16},{"type":"B","date":"2018-04-03T03:05:57.000Z","volume":6000,"label":" ","price":3.15},{"type":"U","date":"2018-04-03T03:06:11.000Z","volume":2000,"label":"X","price":3.155},{"type":"A","date":"2018-04-03T03:06:39.000Z","volume":30000,"label":" ","price":3.16},{"type":"A","date":"2018-04-03T03:06:39.000Z","volume":2000,"label":" ","price":3.16},{"type":"A","date":"2018-04-03T03:06:39.000Z","volume":2000,"label":" ","price":3.16},{"type":"A","date":"2018-04-03T03:06:39.000Z","volume":24000,"label":" ","price":3.16},{"type":"A","date":"2018-04-03T03:06:40.000Z","volume":2000,"label":" ","price":3.17},{"type":"U","date":"2018-04-03T03:10:34.000Z","volume":6000,"label":"X","price":3.159},{"type":"U","date":"2018-04-03T03:10:34.000Z","volume":2000,"label":"X","price":3.159},{"type":"B","date":"2018-04-03T03:11:22.000Z","volume":26000,"label":" ","price":3.16},{"type":"U","date":"2018-04-03T03:11:34.000Z","volume":2000,"label":"X","price":3.16},{"type":"U","date":"2018-04-03T03:13:43.000Z","volume":2000,"label":"X","price":3.165},{"type":"B","date":"2018-04-03T03:16:11.000Z","volume":8000,"label":"Y","price":3.16},{"type":"B","date":"2018-04-03T03:16:11.000Z","volume":92000,"label":" ","price":3.16},{"type":"B","date":"2018-04-03T03:16:11.000Z","volume":10000,"label":" ","price":3.16},{"type":"A","date":"2018-04-03T03:16:11.000Z","volume":2000,"label":" ","price":3.17},{"type":"U","date":"2018-04-03T03:16:34.000Z","volume":4000,"label":"X","price":3.16},{"type":"A","date":"2018-04-03T03:17:22.000Z","volume":50000,"label":" ","price":3.17},{"type":"U","date":"2018-04-03T03:17:22.000Z","volume":2000,"label":"X","price":3.165},{"type":"B","date":"2018-04-03T03:17:59.000Z","volume":64000,"label":" ","price":3.16},{"type":"A","date":"2018-04-03T03:17:59.000Z","volume":2000,"label":" ","price":3.17},{"type":"U","date":"2018-04-03T03:21:34.000Z","volume":2000,"label":"X","price":3.164},{"type":"U","date":"2018-04-03T03:25:28.000Z","volume":2000,"label":"X","price":3.165},{"type":"U","date":"2018-04-03T03:28:09.000Z","volume":2000,"label":"X","price":3.165},{"type":"B","date":"2018-04-03T03:28:54.000Z","volume":4000,"label":" ","price":3.16},{"type":"U","date":"2018-04-03T03:31:17.000Z","volume":2000,"label":"X","price":3.165},{"type":"U","date":"2018-04-03T03:33:34.000Z","volume":6000,"label":"X","price":3.16},{"type":"U","date":"2018-04-03T03:35:21.000Z","volume":2000,"label":"X","price":3.165},{"type":"B","date":"2018-04-03T03:36:40.000Z","volume":2000,"label":" ","price":3.16},{"type":"B","date":"2018-04-03T03:36:49.000Z","volume":2000,"label":" ","price":3.16},{"type":"A","date":"2018-04-03T03:37:27.000Z","volume":4000,"label":" ","price":3.17},{"type":"B","date":"2018-04-03T03:37:44.000Z","volume":10000,"label":" ","price":3.16},{"type":"U","date":"2018-04-03T03:38:07.000Z","volume":2000,"label":"X","price":3.165},{"type":"B","date":"2018-04-03T03:39:24.000Z","volume":2000,"label":" ","price":3.16},{"type":"U","date":"2018-04-03T03:40:34.000Z","volume":4000,"label":"X","price":3.162},{"type":"B","date":"2018-04-03T03:42:29.000Z","volume":4000,"label":" ","price":3.16},{"type":"B","date":"2018-04-03T03:45:02.000Z","volume":2000,"label":" ","price":3.16},{"type":"U","date":"2018-04-03T03:46:17.000Z","volume":2000,"label":"X","price":3.165},{"type":"B","date":"2018-04-03T03:48:32.000Z","volume":2000,"label":" ","price":3.16},{"type":"U","date":"2018-04-03T03:50:34.000Z","volume":6000,"label":"X","price":3.16},{"type":"B","date":"2018-04-03T03:51:27.000Z","volume":2000,"label":" ","price":3.16},{"type":"B","date":"2018-04-03T03:53:30.000Z","volume":2000,"label":" ","price":3.16},{"type":"A","date":"2018-04-03T03:54:20.000Z","volume":24000,"label":" ","price":3.17},{"type":"A","date":"2018-04-03T03:54:20.000Z","volume":2000,"label":"Y","price":3.17},{"type":"A","date":"2018-04-03T03:54:20.000Z","volume":52000,"label":" ","price":3.17},{"type":"A","date":"2018-04-03T03:54:20.000Z","volume":2000,"label":" ","price":3.17},{"type":"A","date":"2018-04-03T03:54:20.000Z","volume":72000,"label":" ","price":3.17},{"type":"A","date":"2018-04-03T03:54:20.000Z","volume":6000,"label":" ","price":3.17},{"type":"A","date":"2018-04-03T03:54:20.000Z","volume":2000,"label":" ","price":3.17},{"type":"A","date":"2018-04-03T03:54:21.000Z","volume":18000,"label":" ","price":3.17},{"type":"A","date":"2018-04-03T03:54:21.000Z","volume":6000,"label":" ","price":3.18},{"type":"U","date":"2018-04-03T03:55:34.000Z","volume":2000,"label":"X","price":3.17},{"type":"B","date":"2018-04-03T03:56:59.000Z","volume":6000,"label":" ","price":3.17},{"type":"B","date":"2018-04-03T03:59:13.000Z","volume":4000,"label":" ","price":3.17},{"type":"A","date":"2018-04-03T03:59:25.000Z","volume":20000,"label":" ","price":3.18},{"type":"A","date":"2018-04-03T03:59:25.000Z","volume":2000,"label":" ","price":3.18},{"type":"U","date":"2018-04-03T03:59:34.000Z","volume":2000,"label":"X","price":3.178},{"type":"A","date":"2018-04-03T03:59:41.000Z","volume":2000,"label":" ","price":3.18},{"type":"A","date":"2018-04-03T05:00:08.000Z","volume":4000,"label":" ","price":3.18},{"type":"A","date":"2018-04-03T05:02:53.000Z","volume":2000,"label":" ","price":3.18},{"type":"U","date":"2018-04-03T05:03:11.000Z","volume":1796,"label":"D","price":3.22},{"type":"B","date":"2018-04-03T05:03:31.000Z","volume":2000,"label":" ","price":3.17},{"type":"B","date":"2018-04-03T05:03:51.000Z","volume":2000,"label":" ","price":3.17},{"type":"B","date":"2018-04-03T05:04:11.000Z","volume":2000,"label":"Y","price":3.17},{"type":"B","date":"2018-04-03T05:04:13.000Z","volume":2000,"label":" ","price":3.17},{"type":"B","date":"2018-04-03T05:04:49.000Z","volume":2000,"label":"Y","price":3.17},{"type":"B","date":"2018-04-03T05:05:01.000Z","volume":6000,"label":" ","price":3.17},{"type":"A","date":"2018-04-03T05:05:04.000Z","volume":2000,"label":" ","price":3.18},{"type":"B","date":"2018-04-03T05:05:23.000Z","volume":2000,"label":" ","price":3.17},{"type":"B","date":"2018-04-03T05:05:43.000Z","volume":2000,"label":"Y","price":3.17},{"type":"B","date":"2018-04-03T05:06:19.000Z","volume":2000,"label":"Y","price":3.17},{"type":"B","date":"2018-04-03T05:06:39.000Z","volume":2000,"label":"Y","price":3.17},{"type":"A","date":"2018-04-03T05:06:58.000Z","volume":176000,"label":" ","price":3.18},{"type":"A","date":"2018-04-03T05:07:02.000Z","volume":2000,"label":" ","price":3.19},{"type":"A","date":"2018-04-03T05:07:02.000Z","volume":6000,"label":" ","price":3.19},{"type":"A","date":"2018-04-03T05:07:09.000Z","volume":2000,"label":" ","price":3.19},{"type":"B","date":"2018-04-03T05:07:31.000Z","volume":62000,"label":" ","price":3.18},{"type":"B","date":"2018-04-03T05:07:31.000Z","volume":4000,"label":" ","price":3.17},{"type":"B","date":"2018-04-03T05:09:23.000Z","volume":10000,"label":" ","price":3.17},{"type":"B","date":"2018-04-03T05:09:43.000Z","volume":20000,"label":" ","price":3.17},{"type":"A","date":"2018-04-03T05:09:51.000Z","volume":2000,"label":" ","price":3.18},{"type":"B","date":"2018-04-03T05:09:59.000Z","volume":10000,"label":" ","price":3.17},{"type":"U","date":"2018-04-03T05:10:00.000Z","volume":2000,"label":"X","price":3.178},{"type":"B","date":"2018-04-03T05:10:17.000Z","volume":4000,"label":" ","price":3.17},{"type":"B","date":"2018-04-03T05:10:18.000Z","volume":2000,"label":" ","price":3.17},{"type":"B","date":"2018-04-03T05:10:19.000Z","volume":6000,"label":" ","price":3.17},{"type":"B","date":"2018-04-03T05:10:20.000Z","volume":12000,"label":" ","price":3.17},{"type":"B","date":"2018-04-03T05:10:30.000Z","volume":20000,"label":" ","price":3.17},{"type":"B","date":"2018-04-03T05:10:43.000Z","volume":20000,"label":" ","price":3.17},{"type":"U","date":"2018-04-03T05:12:31.000Z","volume":2000,"label":"X","price":3.18},{"type":"B","date":"2018-04-03T05:12:32.000Z","volume":196000,"label":" ","price":3.17},{"type":"B","date":"2018-04-03T05:12:32.000Z","volume":18000,"label":" ","price":3.17},{"type":"A","date":"2018-04-03T05:12:32.000Z","volume":2000,"label":" ","price":3.17},{"type":"A","date":"2018-04-03T05:12:32.000Z","volume":54000,"label":" ","price":3.17},{"type":"B","date":"2018-04-03T05:12:32.000Z","volume":8000,"label":" ","price":3.16},{"type":"B","date":"2018-04-03T05:12:34.000Z","volume":10000,"label":" ","price":3.16},{"type":"A","date":"2018-04-03T05:12:37.000Z","volume":10000,"label":" ","price":3.17},{"type":"B","date":"2018-04-03T05:12:38.000Z","volume":8000,"label":" ","price":3.16},{"type":"B","date":"2018-04-03T05:15:14.000Z","volume":160000,"label":" ","price":3.16},{"type":"B","date":"2018-04-03T05:15:16.000Z","volume":10000,"label":" ","price":3.16},{"type":"B","date":"2018-04-03T05:15:18.000Z","volume":8000,"label":" ","price":3.16},{"type":"A","date":"2018-04-03T05:15:26.000Z","volume":2000,"label":" ","price":3.17},{"type":"B","date":"2018-04-03T05:15:28.000Z","volume":8000,"label":" ","price":3.16},{"type":"B","date":"2018-04-03T05:17:01.000Z","volume":2000,"label":" ","price":3.16},{"type":"B","date":"2018-04-03T05:17:07.000Z","volume":2000,"label":" ","price":3.16},{"type":"B","date":"2018-04-03T05:18:59.000Z","volume":2000,"label":" ","price":3.16},{"type":"U","date":"2018-04-03T05:20:00.000Z","volume":2000,"label":"X","price":3.166},{"type":"A","date":"2018-04-03T05:24:54.000Z","volume":10000,"label":" ","price":3.17},{"type":"B","date":"2018-04-03T05:25:44.000Z","volume":2000,"label":" ","price":3.16},{"type":"B","date":"2018-04-03T05:27:21.000Z","volume":2000,"label":" ","price":3.16},{"type":"B","date":"2018-04-03T05:28:37.000Z","volume":50000,"label":" ","price":3.16},{"type":"B","date":"2018-04-03T05:28:40.000Z","volume":2000,"label":" ","price":3.16},{"type":"U","date":"2018-04-03T05:30:00.000Z","volume":2000,"label":"X","price":3.162},{"type":"B","date":"2018-04-03T05:33:02.000Z","volume":6000,"label":" ","price":3.16},{"type":"A","date":"2018-04-03T05:37:01.000Z","volume":2000,"label":" ","price":3.17},{"type":"B","date":"2018-04-03T05:37:15.000Z","volume":4000,"label":" ","price":3.16},{"type":"B","date":"2018-04-03T05:38:02.000Z","volume":8000,"label":" ","price":3.16},{"type":"B","date":"2018-04-03T05:39:27.000Z","volume":2000,"label":" ","price":3.16},{"type":"A","date":"2018-04-03T05:39:33.000Z","volume":2000,"label":" ","price":3.17},{"type":"A","date":"2018-04-03T05:41:31.000Z","volume":6000,"label":" ","price":3.17},{"type":"U","date":"2018-04-03T05:42:00.000Z","volume":2000,"label":"X","price":3.163},{"type":"U","date":"2018-04-03T05:42:00.000Z","volume":2000,"label":"X","price":3.163},{"type":"A","date":"2018-04-03T05:42:58.000Z","volume":12000,"label":" ","price":3.17},{"type":"A","date":"2018-04-03T05:42:58.000Z","volume":24000,"label":" ","price":3.17},{"type":"A","date":"2018-04-03T05:42:58.000Z","volume":68000,"label":" ","price":3.17},{"type":"A","date":"2018-04-03T05:42:58.000Z","volume":24000,"label":" ","price":3.17},{"type":"A","date":"2018-04-03T05:43:04.000Z","volume":6000,"label":" ","price":3.17},{"type":"A","date":"2018-04-03T05:43:04.000Z","volume":24000,"label":" ","price":3.17},{"type":"A","date":"2018-04-03T05:43:10.000Z","volume":2000,"label":" ","price":3.17},{"type":"A","date":"2018-04-03T05:43:10.000Z","volume":54000,"label":" ","price":3.17},{"type":"A","date":"2018-04-03T05:43:10.000Z","volume":122000,"label":" ","price":3.17},{"type":"A","date":"2018-04-03T05:43:20.000Z","volume":8000,"label":" ","price":3.18},{"type":"A","date":"2018-04-03T05:43:22.000Z","volume":2000,"label":" ","price":3.18},{"type":"A","date":"2018-04-03T05:43:22.000Z","volume":2000,"label":" ","price":3.18},{"type":"A","date":"2018-04-03T05:43:37.000Z","volume":2000,"label":" ","price":3.18},{"type":"A","date":"2018-04-03T05:43:54.000Z","volume":16000,"label":" ","price":3.18},{"type":"A","date":"2018-04-03T05:43:54.000Z","volume":30000,"label":" ","price":3.18},{"type":"A","date":"2018-04-03T05:43:54.000Z","volume":20000,"label":" ","price":3.18},{"type":"A","date":"2018-04-03T05:43:54.000Z","volume":50000,"label":" ","price":3.18},{"type":"A","date":"2018-04-03T05:43:54.000Z","volume":16000,"label":" ","price":3.18},{"type":"U","date":"2018-04-03T05:44:00.000Z","volume":2000,"label":"X","price":3.173},{"type":"U","date":"2018-04-03T05:44:08.000Z","volume":2000,"label":" ","price":3.18},{"type":"A","date":"2018-04-03T05:50:18.000Z","volume":2000,"label":" ","price":3.19},{"type":"B","date":"2018-04-03T05:50:52.000Z","volume":2000,"label":" ","price":3.18},{"type":"A","date":"2018-04-03T05:52:37.000Z","volume":2000,"label":" ","price":3.19},{"type":"B","date":"2018-04-03T05:53:16.000Z","volume":2000,"label":" ","price":3.18},{"type":"A","date":"2018-04-03T05:53:45.000Z","volume":2000,"label":" ","price":3.19},{"type":"A","date":"2018-04-03T05:54:15.000Z","volume":4000,"label":" ","price":3.19},{"type":"A","date":"2018-04-03T05:54:29.000Z","volume":6000,"label":" ","price":3.19},{"type":"A","date":"2018-04-03T05:55:35.000Z","volume":14000,"label":" ","price":3.19},{"type":"B","date":"2018-04-03T05:57:29.000Z","volume":2000,"label":" ","price":3.18},{"type":"A","date":"2018-04-03T05:58:07.000Z","volume":2000,"label":"Y","price":3.19},{"type":"U","date":"2018-04-03T05:59:56.000Z","volume":2000,"label":"X","price":3.188},{"type":"B","date":"2018-04-03T06:00:03.000Z","volume":42000,"label":" ","price":3.18},{"type":"B","date":"2018-04-03T06:00:03.000Z","volume":4000,"label":" ","price":3.18},{"type":"A","date":"2018-04-03T06:02:44.000Z","volume":2000,"label":" ","price":3.18},{"type":"U","date":"2018-04-03T06:04:56.000Z","volume":2000,"label":"X","price":3.18},{"type":"U","date":"2018-04-03T06:04:56.000Z","volume":2000,"label":"X","price":3.18},{"type":"A","date":"2018-04-03T06:05:14.000Z","volume":4000,"label":" ","price":3.18},{"type":"A","date":"2018-04-03T06:05:50.000Z","volume":4000,"label":" ","price":3.18},{"type":"A","date":"2018-04-03T06:08:08.000Z","volume":4000,"label":" ","price":3.18},{"type":"B","date":"2018-04-03T06:08:33.000Z","volume":2000,"label":" ","price":3.17},{"type":"B","date":"2018-04-03T06:08:38.000Z","volume":2000,"label":" ","price":3.17},{"type":"U","date":"2018-04-03T06:09:56.000Z","volume":2000,"label":"X","price":3.178},{"type":"A","date":"2018-04-03T06:10:20.000Z","volume":4000,"label":" ","price":3.18},{"type":"A","date":"2018-04-03T06:10:50.000Z","volume":4000,"label":" ","price":3.18},{"type":"A","date":"2018-04-03T06:12:31.000Z","volume":2000,"label":" ","price":3.18},{"type":"A","date":"2018-04-03T06:13:01.000Z","volume":2000,"label":" ","price":3.18},{"type":"B","date":"2018-04-03T06:14:24.000Z","volume":2000,"label":" ","price":3.17},{"type":"B","date":"2018-04-03T06:16:24.000Z","volume":2000,"label":" ","price":3.17},{"type":"A","date":"2018-04-03T06:19:37.000Z","volume":2000,"label":" ","price":3.18},{"type":"U","date":"2018-04-03T06:19:56.000Z","volume":2000,"label":"X","price":3.178},{"type":"A","date":"2018-04-03T06:20:25.000Z","volume":2000,"label":" ","price":3.18},{"type":"A","date":"2018-04-03T06:21:08.000Z","volume":2000,"label":" ","price":3.18},{"type":"A","date":"2018-04-03T06:21:19.000Z","volume":68000,"label":" ","price":3.18},{"type":"A","date":"2018-04-03T06:21:42.000Z","volume":76000,"label":" ","price":3.18},{"type":"B","date":"2018-04-03T06:25:38.000Z","volume":12000,"label":" ","price":3.18},{"type":"B","date":"2018-04-03T06:26:03.000Z","volume":50000,"label":" ","price":3.18},{"type":"B","date":"2018-04-03T06:26:03.000Z","volume":28000,"label":" ","price":3.18},{"type":"U","date":"2018-04-03T06:26:03.000Z","volume":6000,"label":" ","price":3.18},{"type":"B","date":"2018-04-03T06:26:19.000Z","volume":2000,"label":" ","price":3.18},{"type":"U","date":"2018-04-03T06:29:56.000Z","volume":2000,"label":"X","price":3.18},{"type":"U","date":"2018-04-03T06:29:56.000Z","volume":2000,"label":"X","price":3.18},{"type":"B","date":"2018-04-03T06:32:04.000Z","volume":2000,"label":" ","price":3.18},{"type":"B","date":"2018-04-03T06:34:44.000Z","volume":4000,"label":" ","price":3.18},{"type":"A","date":"2018-04-03T06:35:08.000Z","volume":16000,"label":" ","price":3.19},{"type":"B","date":"2018-04-03T06:36:08.000Z","volume":2000,"label":" ","price":3.18},{"type":"B","date":"2018-04-03T06:37:44.000Z","volume":4000,"label":" ","price":3.18},{"type":"B","date":"2018-04-03T06:39:24.000Z","volume":4000,"label":" ","price":3.18},{"type":"U","date":"2018-04-03T06:39:56.000Z","volume":2000,"label":"X","price":3.185},{"type":"B","date":"2018-04-03T06:40:19.000Z","volume":2000,"label":" ","price":3.18},{"type":"B","date":"2018-04-03T06:40:34.000Z","volume":6000,"label":" ","price":3.18},{"type":"B","date":"2018-04-03T06:40:44.000Z","volume":4000,"label":" ","price":3.18},{"type":"B","date":"2018-04-03T06:41:04.000Z","volume":4000,"label":" ","price":3.18},{"type":"B","date":"2018-04-03T06:41:37.000Z","volume":2000,"label":" ","price":3.18},{"type":"B","date":"2018-04-03T06:42:04.000Z","volume":8000,"label":" ","price":3.18},{"type":"B","date":"2018-04-03T06:43:24.000Z","volume":4000,"label":" ","price":3.18},{"type":"A","date":"2018-04-03T06:43:36.000Z","volume":2000,"label":" ","price":3.19},{"type":"A","date":"2018-04-03T06:43:36.000Z","volume":4000,"label":" ","price":3.19},{"type":"A","date":"2018-04-03T06:43:53.000Z","volume":32000,"label":" ","price":3.19},{"type":"A","date":"2018-04-03T06:43:53.000Z","volume":68000,"label":" ","price":3.19},{"type":"A","date":"2018-04-03T06:43:53.000Z","volume":64000,"label":" ","price":3.19},{"type":"A","date":"2018-04-03T06:43:53.000Z","volume":6000,"label":" ","price":3.19},{"type":"A","date":"2018-04-03T06:44:31.000Z","volume":12000,"label":" ","price":3.2},{"type":"A","date":"2018-04-03T06:44:32.000Z","volume":2000,"label":" ","price":3.2},{"type":"A","date":"2018-04-03T06:44:32.000Z","volume":76000,"label":" ","price":3.2},{"type":"A","date":"2018-04-03T06:44:46.000Z","volume":2000,"label":" ","price":3.21},{"type":"A","date":"2018-04-03T06:44:46.000Z","volume":16000,"label":" ","price":3.21},{"type":"U","date":"2018-04-03T06:44:56.000Z","volume":2000,"label":"X","price":3.193},{"type":"U","date":"2018-04-03T06:44:56.000Z","volume":2000,"label":"X","price":3.193},{"type":"A","date":"2018-04-03T06:45:21.000Z","volume":14000,"label":" ","price":3.22},{"type":"A","date":"2018-04-03T06:45:54.000Z","volume":6000,"label":" ","price":3.22},{"type":"A","date":"2018-04-03T06:46:09.000Z","volume":40000,"label":" ","price":3.22},{"type":"A","date":"2018-04-03T06:46:53.000Z","volume":40000,"label":" ","price":3.22},{"type":"A","date":"2018-04-03T06:46:53.000Z","volume":2000,"label":" ","price":3.22},{"type":"A","date":"2018-04-03T06:46:53.000Z","volume":6000,"label":" ","price":3.22},{"type":"A","date":"2018-04-03T06:47:02.000Z","volume":8000,"label":"Y","price":3.23},{"type":"B","date":"2018-04-03T06:49:02.000Z","volume":2000,"label":" ","price":3.21},{"type":"A","date":"2018-04-03T06:49:59.000Z","volume":4000,"label":" ","price":3.23},{"type":"B","date":"2018-04-03T06:50:12.000Z","volume":20000,"label":" ","price":3.21},{"type":"B","date":"2018-04-03T06:52:52.000Z","volume":2000,"label":" ","price":3.22},{"type":"A","date":"2018-04-03T06:53:14.000Z","volume":4000,"label":" ","price":3.23},{"type":"A","date":"2018-04-03T06:53:18.000Z","volume":40000,"label":"Y","price":3.23},{"type":"A","date":"2018-04-03T06:53:19.000Z","volume":10000,"label":" ","price":3.23},{"type":"A","date":"2018-04-03T06:53:19.000Z","volume":4000,"label":" ","price":3.23},{"type":"A","date":"2018-04-03T06:53:22.000Z","volume":28000,"label":" ","price":3.23},{"type":"A","date":"2018-04-03T06:53:22.000Z","volume":10000,"label":" ","price":3.23},{"type":"A","date":"2018-04-03T06:53:22.000Z","volume":38000,"label":" ","price":3.23},{"type":"A","date":"2018-04-03T06:54:01.000Z","volume":18000,"label":" ","price":3.24},{"type":"U","date":"2018-04-03T06:54:26.000Z","volume":2000,"label":"X","price":3.228},{"type":"B","date":"2018-04-03T06:59:13.000Z","volume":10000,"label":" ","price":3.23},{"type":"B","date":"2018-04-03T06:59:18.000Z","volume":44000,"label":" ","price":3.23},{"type":"U","date":"2018-04-03T06:59:18.000Z","volume":2000,"label":" ","price":3.23},{"type":"B","date":"2018-04-03T06:59:18.000Z","volume":2000,"label":" ","price":3.23},{"type":"B","date":"2018-04-03T07:01:39.000Z","volume":2000,"label":" ","price":3.22},{"type":"A","date":"2018-04-03T07:04:10.000Z","volume":42000,"label":" ","price":3.23},{"type":"A","date":"2018-04-03T07:04:10.000Z","volume":34000,"label":" ","price":3.24},{"type":"A","date":"2018-04-03T07:04:10.000Z","volume":4000,"label":" ","price":3.24},{"type":"B","date":"2018-04-03T07:05:33.000Z","volume":40000,"label":" ","price":3.24},{"type":"A","date":"2018-04-03T07:05:33.000Z","volume":2000,"label":" ","price":3.24},{"type":"A","date":"2018-04-03T07:05:33.000Z","volume":8000,"label":" ","price":3.24},{"type":"U","date":"2018-04-03T07:07:57.000Z","volume":2000,"label":"X","price":3.235},{"type":"A","date":"2018-04-03T07:09:55.000Z","volume":20000,"label":" ","price":3.25},{"type":"B","date":"2018-04-03T07:16:07.000Z","volume":10000,"label":" ","price":3.24},{"type":"B","date":"2018-04-03T07:16:17.000Z","volume":2000,"label":" ","price":3.24},{"type":"B","date":"2018-04-03T07:16:23.000Z","volume":2000,"label":" ","price":3.24},{"type":"B","date":"2018-04-03T07:16:59.000Z","volume":2000,"label":" ","price":3.24},{"type":"U","date":"2018-04-03T07:17:57.000Z","volume":2000,"label":"X","price":3.246},{"type":"A","date":"2018-04-03T07:18:37.000Z","volume":20000,"label":" ","price":3.25},{"type":"B","date":"2018-04-03T07:20:16.000Z","volume":4000,"label":" ","price":3.24},{"type":"A","date":"2018-04-03T07:20:24.000Z","volume":2000,"label":" ","price":3.25},{"type":"A","date":"2018-04-03T07:20:24.000Z","volume":8000,"label":" ","price":3.25},{"type":"A","date":"2018-04-03T07:21:01.000Z","volume":4000,"label":" ","price":3.25},{"type":"A","date":"2018-04-03T07:22:18.000Z","volume":10000,"label":" ","price":3.25},{"type":"U","date":"2018-04-03T07:22:57.000Z","volume":2000,"label":"X","price":3.249},{"type":"U","date":"2018-04-03T07:22:57.000Z","volume":2000,"label":"X","price":3.249},{"type":"A","date":"2018-04-03T07:23:29.000Z","volume":2000,"label":" ","price":3.25},{"type":"A","date":"2018-04-03T07:23:29.000Z","volume":2000,"label":" ","price":3.25},{"type":"B","date":"2018-04-03T07:24:11.000Z","volume":2000,"label":" ","price":3.24},{"type":"B","date":"2018-04-03T07:24:40.000Z","volume":2000,"label":"Y","price":3.24},{"type":"B","date":"2018-04-03T07:24:40.000Z","volume":48000,"label":" ","price":3.24},{"type":"B","date":"2018-04-03T07:24:58.000Z","volume":50000,"label":" ","price":3.24},{"type":"B","date":"2018-04-03T07:25:09.000Z","volume":4000,"label":" ","price":3.24},{"type":"B","date":"2018-04-03T07:26:23.000Z","volume":2000,"label":" ","price":3.24},{"type":"B","date":"2018-04-03T07:28:39.000Z","volume":2000,"label":" ","price":3.24},{"type":"A","date":"2018-04-03T07:28:40.000Z","volume":2000,"label":" ","price":3.25},{"type":"B","date":"2018-04-03T07:30:08.000Z","volume":16000,"label":" ","price":3.24},{"type":"A","date":"2018-04-03T07:30:08.000Z","volume":4000,"label":"Y","price":3.25},{"type":"A","date":"2018-04-03T07:30:08.000Z","volume":8000,"label":" ","price":3.25},{"type":"B","date":"2018-04-03T07:30:21.000Z","volume":2000,"label":" ","price":3.24},{"type":"A","date":"2018-04-03T07:30:36.000Z","volume":2000,"label":" ","price":3.25},{"type":"B","date":"2018-04-03T07:30:44.000Z","volume":2000,"label":" ","price":3.24},{"type":"A","date":"2018-04-03T07:31:41.000Z","volume":2000,"label":" ","price":3.25},{"type":"A","date":"2018-04-03T07:32:36.000Z","volume":2000,"label":" ","price":3.25},{"type":"A","date":"2018-04-03T07:32:37.000Z","volume":2000,"label":" ","price":3.25},{"type":"U","date":"2018-04-03T07:32:57.000Z","volume":2000,"label":"X","price":3.242},{"type":"U","date":"2018-04-03T07:32:57.000Z","volume":2000,"label":"X","price":3.242},{"type":"B","date":"2018-04-03T07:36:15.000Z","volume":50000,"label":" ","price":3.24},{"type":"A","date":"2018-04-03T07:36:15.000Z","volume":2000,"label":" ","price":3.25},{"type":"A","date":"2018-04-03T07:36:15.000Z","volume":2000,"label":" ","price":3.25},{"type":"A","date":"2018-04-03T07:36:15.000Z","volume":4000,"label":" ","price":3.25},{"type":"A","date":"2018-04-03T07:36:16.000Z","volume":8000,"label":" ","price":3.25},{"type":"B","date":"2018-04-03T07:36:23.000Z","volume":2000,"label":"Y","price":3.24},{"type":"B","date":"2018-04-03T07:36:23.000Z","volume":46000,"label":" ","price":3.24},{"type":"B","date":"2018-04-03T07:36:27.000Z","volume":4000,"label":" ","price":3.24},{"type":"B","date":"2018-04-03T07:36:36.000Z","volume":8000,"label":" ","price":3.24},{"type":"B","date":"2018-04-03T07:36:36.000Z","volume":2000,"label":" ","price":3.24},{"type":"A","date":"2018-04-03T07:36:37.000Z","volume":2000,"label":" ","price":3.24},{"type":"B","date":"2018-04-03T07:36:43.000Z","volume":2000,"label":" ","price":3.23},{"type":"B","date":"2018-04-03T07:36:44.000Z","volume":2000,"label":" ","price":3.23},{"type":"U","date":"2018-04-03T07:37:30.000Z","volume":2000,"label":"X","price":3.241},{"type":"B","date":"2018-04-03T07:38:32.000Z","volume":2000,"label":"Y","price":3.21},{"type":"B","date":"2018-04-03T07:38:32.000Z","volume":2000,"label":" ","price":3.21},{"type":"U","date":"2018-04-03T07:39:24.000Z","volume":4000,"label":" ","price":3.22},{"type":"B","date":"2018-04-03T07:39:29.000Z","volume":104000,"label":" ","price":3.21},{"type":"B","date":"2018-04-03T07:39:37.000Z","volume":8000,"label":" ","price":3.2},{"type":"B","date":"2018-04-03T07:40:19.000Z","volume":34000,"label":" ","price":3.2},{"type":"B","date":"2018-04-03T07:40:20.000Z","volume":12000,"label":" ","price":3.2},{"type":"B","date":"2018-04-03T07:40:24.000Z","volume":2000,"label":" ","price":3.2},{"type":"B","date":"2018-04-03T07:40:41.000Z","volume":4000,"label":" ","price":3.2},{"type":"B","date":"2018-04-03T07:40:53.000Z","volume":12000,"label":" ","price":3.2},{"type":"B","date":"2018-04-03T07:40:53.000Z","volume":2000,"label":" ","price":3.2},{"type":"A","date":"2018-04-03T07:40:58.000Z","volume":4000,"label":" ","price":3.2},{"type":"A","date":"2018-04-03T07:40:58.000Z","volume":26000,"label":" ","price":3.2},{"type":"U","date":"2018-04-03T07:41:30.000Z","volume":2000,"label":"X","price":3.205},{"type":"B","date":"2018-04-03T07:41:37.000Z","volume":4000,"label":" ","price":3.19},{"type":"A","date":"2018-04-03T07:43:09.000Z","volume":2000,"label":" ","price":3.21},{"type":"U","date":"2018-04-03T07:43:40.000Z","volume":2000,"label":" ","price":3.2},{"type":"A","date":"2018-04-03T07:43:40.000Z","volume":2000,"label":" ","price":3.21},{"type":"A","date":"2018-04-03T07:43:40.000Z","volume":2000,"label":" ","price":3.2},{"type":"A","date":"2018-04-03T07:43:40.000Z","volume":2000,"label":" ","price":3.2},{"type":"A","date":"2018-04-03T07:43:41.000Z","volume":14000,"label":" ","price":3.2},{"type":"A","date":"2018-04-03T07:43:45.000Z","volume":4000,"label":" ","price":3.21},{"type":"A","date":"2018-04-03T07:44:03.000Z","volume":4000,"label":" ","price":3.21},{"type":"B","date":"2018-04-03T07:44:07.000Z","volume":4000,"label":" ","price":3.2},{"type":"A","date":"2018-04-03T07:44:19.000Z","volume":4000,"label":" ","price":3.21},{"type":"B","date":"2018-04-03T07:44:28.000Z","volume":4000,"label":" ","price":3.2},{"type":"B","date":"2018-04-03T07:44:34.000Z","volume":4000,"label":" ","price":3.2},{"type":"A","date":"2018-04-03T07:44:54.000Z","volume":2000,"label":" ","price":3.21},{"type":"A","date":"2018-04-03T07:45:25.000Z","volume":4000,"label":" ","price":3.21},{"type":"A","date":"2018-04-03T07:46:00.000Z","volume":4000,"label":" ","price":3.21},{"type":"A","date":"2018-04-03T07:46:05.000Z","volume":4000,"label":" ","price":3.21},{"type":"A","date":"2018-04-03T07:46:21.000Z","volume":2000,"label":" ","price":3.21},{"type":"A","date":"2018-04-03T07:46:34.000Z","volume":4000,"label":" ","price":3.21},{"type":"A","date":"2018-04-03T07:46:39.000Z","volume":4000,"label":" ","price":3.21},{"type":"A","date":"2018-04-03T07:47:04.000Z","volume":4000,"label":" ","price":3.21},{"type":"A","date":"2018-04-03T07:47:15.000Z","volume":4000,"label":" ","price":3.21},{"type":"A","date":"2018-04-03T07:47:37.000Z","volume":4000,"label":" ","price":3.21},{"type":"A","date":"2018-04-03T07:47:50.000Z","volume":4000,"label":" ","price":3.21},{"type":"B","date":"2018-04-03T07:48:04.000Z","volume":2000,"label":" ","price":3.2},{"type":"B","date":"2018-04-03T07:48:24.000Z","volume":4000,"label":" ","price":3.2},{"type":"A","date":"2018-04-03T07:48:25.000Z","volume":4000,"label":" ","price":3.21},{"type":"B","date":"2018-04-03T07:48:44.000Z","volume":2000,"label":" ","price":3.2},{"type":"A","date":"2018-04-03T07:48:51.000Z","volume":2000,"label":" ","price":3.21},{"type":"A","date":"2018-04-03T07:49:01.000Z","volume":6000,"label":" ","price":3.21},{"type":"B","date":"2018-04-03T07:49:03.000Z","volume":2000,"label":" ","price":3.2},{"type":"B","date":"2018-04-03T07:49:04.000Z","volume":2000,"label":" ","price":3.2},{"type":"B","date":"2018-04-03T07:49:09.000Z","volume":4000,"label":" ","price":3.2},{"type":"B","date":"2018-04-03T07:49:09.000Z","volume":2000,"label":" ","price":3.2},{"type":"A","date":"2018-04-03T07:49:31.000Z","volume":4000,"label":" ","price":3.21},{"type":"B","date":"2018-04-03T07:49:44.000Z","volume":4000,"label":" ","price":3.2},{"type":"B","date":"2018-04-03T07:50:04.000Z","volume":2000,"label":" ","price":3.2},{"type":"A","date":"2018-04-03T07:50:13.000Z","volume":2000,"label":" ","price":3.21},{"type":"B","date":"2018-04-03T07:50:24.000Z","volume":2000,"label":" ","price":3.2},{"type":"A","date":"2018-04-03T07:50:25.000Z","volume":4000,"label":" ","price":3.21},{"type":"B","date":"2018-04-03T07:50:42.000Z","volume":2000,"label":" ","price":3.2},{"type":"B","date":"2018-04-03T07:50:44.000Z","volume":2000,"label":" ","price":3.2},{"type":"A","date":"2018-04-03T07:51:00.000Z","volume":4000,"label":" ","price":3.21},{"type":"B","date":"2018-04-03T07:51:00.000Z","volume":2000,"label":" ","price":3.2},{"type":"A","date":"2018-04-03T07:51:03.000Z","volume":2000,"label":" ","price":3.21},{"type":"A","date":"2018-04-03T07:51:03.000Z","volume":4000,"label":" ","price":3.21},{"type":"A","date":"2018-04-03T07:51:03.000Z","volume":10000,"label":" ","price":3.21},{"type":"B","date":"2018-04-03T07:51:04.000Z","volume":2000,"label":" ","price":3.2},{"type":"A","date":"2018-04-03T07:51:23.000Z","volume":4000,"label":" ","price":3.21},{"type":"B","date":"2018-04-03T07:51:24.000Z","volume":4000,"label":" ","price":3.2},{"type":"A","date":"2018-04-03T07:51:36.000Z","volume":4000,"label":" ","price":3.21},{"type":"A","date":"2018-04-03T07:51:36.000Z","volume":290000,"label":" ","price":3.21},{"type":"B","date":"2018-04-03T07:51:36.000Z","volume":2000,"label":"Y","price":3.2},{"type":"B","date":"2018-04-03T07:51:36.000Z","volume":2000,"label":" ","price":3.2},{"type":"B","date":"2018-04-03T07:51:44.000Z","volume":2000,"label":" ","price":3.2},{"type":"B","date":"2018-04-03T07:51:54.000Z","volume":2000,"label":" ","price":3.2},{"type":"A","date":"2018-04-03T07:51:55.000Z","volume":6000,"label":" ","price":3.21},{"type":"B","date":"2018-04-03T07:52:04.000Z","volume":2000,"label":" ","price":3.2},{"type":"A","date":"2018-04-03T07:52:04.000Z","volume":18000,"label":" ","price":3.21},{"type":"A","date":"2018-04-03T07:52:09.000Z","volume":4000,"label":" ","price":3.21},{"type":"B","date":"2018-04-03T07:52:24.000Z","volume":2000,"label":" ","price":3.2},{"type":"A","date":"2018-04-03T07:52:43.000Z","volume":4000,"label":" ","price":3.21},{"type":"A","date":"2018-04-03T07:52:45.000Z","volume":4000,"label":" ","price":3.21},{"type":"A","date":"2018-04-03T07:52:47.000Z","volume":46000,"label":" ","price":3.21},{"type":"A","date":"2018-04-03T07:52:56.000Z","volume":2000,"label":" ","price":3.21},{"type":"A","date":"2018-04-03T07:53:00.000Z","volume":34000,"label":" ","price":3.21},{"type":"A","date":"2018-04-03T07:53:00.000Z","volume":2000,"label":" ","price":3.22},{"type":"A","date":"2018-04-03T07:53:00.000Z","volume":4000,"label":" ","price":3.22},{"type":"A","date":"2018-04-03T07:53:19.000Z","volume":4000,"label":" ","price":3.23},{"type":"A","date":"2018-04-03T07:53:19.000Z","volume":2000,"label":" ","price":3.23},{"type":"A","date":"2018-04-03T07:53:19.000Z","volume":2000,"label":" ","price":3.23},{"type":"A","date":"2018-04-03T07:53:27.000Z","volume":4000,"label":" ","price":3.23},{"type":"A","date":"2018-04-03T07:53:52.000Z","volume":4000,"label":" ","price":3.23},{"type":"A","date":"2018-04-03T07:53:55.000Z","volume":4000,"label":" ","price":3.23},{"type":"A","date":"2018-04-03T07:54:23.000Z","volume":4000,"label":" ","price":3.23},{"type":"A","date":"2018-04-03T07:54:23.000Z","volume":2000,"label":" ","price":3.23},{"type":"A","date":"2018-04-03T07:54:27.000Z","volume":4000,"label":" ","price":3.23},{"type":"A","date":"2018-04-03T07:54:51.000Z","volume":4000,"label":" ","price":3.23},{"type":"A","date":"2018-04-03T07:55:00.000Z","volume":4000,"label":" ","price":3.23},{"type":"A","date":"2018-04-03T07:55:12.000Z","volume":4000,"label":" ","price":3.23},{"type":"A","date":"2018-04-03T07:55:19.000Z","volume":4000,"label":" ","price":3.23},{"type":"A","date":"2018-04-03T07:55:19.000Z","volume":2000,"label":" ","price":3.23},{"type":"A","date":"2018-04-03T07:55:19.000Z","volume":6000,"label":" ","price":3.23},{"type":"A","date":"2018-04-03T07:55:19.000Z","volume":4000,"label":" ","price":3.23},{"type":"A","date":"2018-04-03T07:55:35.000Z","volume":6000,"label":" ","price":3.23},{"type":"A","date":"2018-04-03T07:55:48.000Z","volume":2000,"label":" ","price":3.23},{"type":"A","date":"2018-04-03T07:56:09.000Z","volume":2000,"label":" ","price":3.23},{"type":"A","date":"2018-04-03T07:56:10.000Z","volume":4000,"label":" ","price":3.23},{"type":"B","date":"2018-04-03T07:56:23.000Z","volume":42000,"label":" ","price":3.23},{"type":"A","date":"2018-04-03T07:56:45.000Z","volume":4000,"label":" ","price":3.24},{"type":"B","date":"2018-04-03T07:56:55.000Z","volume":20000,"label":" ","price":3.23},{"type":"A","date":"2018-04-03T07:56:57.000Z","volume":2000,"label":" ","price":3.24},{"type":"B","date":"2018-04-03T07:57:48.000Z","volume":18000,"label":" ","price":3.23},{"type":"B","date":"2018-04-03T07:57:48.000Z","volume":2000,"label":" ","price":3.23},{"type":"B","date":"2018-04-03T07:57:50.000Z","volume":2000,"label":" ","price":3.23},{"type":"B","date":"2018-04-03T07:58:13.000Z","volume":16000,"label":" ","price":3.23},{"type":"B","date":"2018-04-03T07:58:51.000Z","volume":2000,"label":" ","price":3.21},{"type":"A","date":"2018-04-03T07:58:51.000Z","volume":2000,"label":" ","price":3.22},{"type":"A","date":"2018-04-03T07:58:51.000Z","volume":4000,"label":" ","price":3.22},{"type":"A","date":"2018-04-03T07:58:53.000Z","volume":2000,"label":" ","price":3.22},{"type":"B","date":"2018-04-03T07:59:03.000Z","volume":2000,"label":" ","price":3.21},{"type":"A","date":"2018-04-03T07:59:03.000Z","volume":2000,"label":" ","price":3.22},{"type":"B","date":"2018-04-03T07:59:06.000Z","volume":4000,"label":" ","price":3.21},{"type":"A","date":"2018-04-03T07:59:10.000Z","volume":2000,"label":" ","price":3.22},{"type":"B","date":"2018-04-03T07:59:12.000Z","volume":4000,"label":" ","price":3.21},{"type":"U","date":"2018-04-03T07:59:12.000Z","volume":2000,"label":"X","price":3.215},{"type":"U","date":"2018-04-03T07:59:21.000Z","volume":2000,"label":"X","price":3.215},{"type":"B","date":"2018-04-03T07:59:24.000Z","volume":6000,"label":" ","price":3.21},{"type":"A","date":"2018-04-03T07:59:25.000Z","volume":8000,"label":" ","price":3.22},{"type":"A","date":"2018-04-03T07:59:27.000Z","volume":2000,"label":" ","price":3.22},{"type":"A","date":"2018-04-03T07:59:30.000Z","volume":2000,"label":" ","price":3.22},{"type":"B","date":"2018-04-03T07:59:30.000Z","volume":2000,"label":" ","price":3.21},{"type":"A","date":"2018-04-03T07:59:40.000Z","volume":2000,"label":" ","price":3.22},{"type":"A","date":"2018-04-03T07:59:40.000Z","volume":2000,"label":" ","price":3.22},{"type":"A","date":"2018-04-03T07:59:55.000Z","volume":8000,"label":" ","price":3.22},{"type":"U","date":"2018-04-03T08:08:39.000Z","volume":142000,"label":"U","price":3.25}]