[{"type":"U","date":"2018-04-03T01:20:00.000Z","volume":124000,"label":"U","price":1.7},{"type":"A","date":"2018-04-03T01:30:03.000Z","volume":1000,"label":" ","price":1.7},{"type":"B","date":"2018-04-03T01:30:16.000Z","volume":1000,"label":" ","price":1.69},{"type":"A","date":"2018-04-03T01:30:17.000Z","volume":5000,"label":" ","price":1.7},{"type":"B","date":"2018-04-03T01:30:17.000Z","volume":1000,"label":" ","price":1.69},{"type":"A","date":"2018-04-03T01:30:18.000Z","volume":20000,"label":" ","price":1.7},{"type":"A","date":"2018-04-03T01:30:19.000Z","volume":32000,"label":" ","price":1.7},{"type":"A","date":"2018-04-03T01:30:19.000Z","volume":28000,"label":" ","price":1.71},{"type":"B","date":"2018-04-03T01:30:19.000Z","volume":2000,"label":" ","price":1.69},{"type":"A","date":"2018-04-03T01:30:20.000Z","volume":1000,"label":" ","price":1.7},{"type":"A","date":"2018-04-03T01:30:25.000Z","volume":16000,"label":" ","price":1.7},{"type":"B","date":"2018-04-03T01:30:27.000Z","volume":100000,"label":" ","price":1.7},{"type":"B","date":"2018-04-03T01:30:32.000Z","volume":12000,"label":" ","price":1.7},{"type":"U","date":"2018-04-03T01:35:01.000Z","volume":3000,"label":"X","price":1.701},{"type":"B","date":"2018-04-03T01:35:23.000Z","volume":2000,"label":" ","price":1.7},{"type":"B","date":"2018-04-03T01:35:23.000Z","volume":41000,"label":" ","price":1.7},{"type":"B","date":"2018-04-03T01:35:32.000Z","volume":5000,"label":" ","price":1.69},{"type":"B","date":"2018-04-03T01:35:32.000Z","volume":9000,"label":" ","price":1.69},{"type":"B","date":"2018-04-03T01:37:08.000Z","volume":29000,"label":"Y","price":1.68},{"type":"B","date":"2018-04-03T01:37:08.000Z","volume":11000,"label":" ","price":1.68},{"type":"A","date":"2018-04-03T01:37:08.000Z","volume":27000,"label":" ","price":1.69},{"type":"B","date":"2018-04-03T01:37:09.000Z","volume":8000,"label":"Y","price":1.68},{"type":"B","date":"2018-04-03T01:40:15.000Z","volume":1000,"label":"Y","price":1.68},{"type":"B","date":"2018-04-03T01:40:15.000Z","volume":6000,"label":" ","price":1.68},{"type":"B","date":"2018-04-03T01:45:40.000Z","volume":1000,"label":" ","price":1.68},{"type":"A","date":"2018-04-03T01:49:03.000Z","volume":1000,"label":" ","price":1.69},{"type":"B","date":"2018-04-03T01:49:20.000Z","volume":1000,"label":" ","price":1.68},{"type":"B","date":"2018-04-03T01:51:19.000Z","volume":145000,"label":" ","price":1.68},{"type":"B","date":"2018-04-03T01:51:19.000Z","volume":16000,"label":" ","price":1.67},{"type":"B","date":"2018-04-03T01:51:19.000Z","volume":35000,"label":" ","price":1.66},{"type":"B","date":"2018-04-03T01:51:19.000Z","volume":104000,"label":" ","price":1.65},{"type":"A","date":"2018-04-03T01:51:19.000Z","volume":27000,"label":" ","price":1.68},{"type":"U","date":"2018-04-03T01:51:19.000Z","volume":4000,"label":"X","price":1.68},{"type":"B","date":"2018-04-03T01:51:20.000Z","volume":15000,"label":" ","price":1.65},{"type":"B","date":"2018-04-03T01:51:20.000Z","volume":1000,"label":" ","price":1.65},{"type":"B","date":"2018-04-03T01:51:20.000Z","volume":1000,"label":" ","price":1.65},{"type":"B","date":"2018-04-03T01:51:20.000Z","volume":2000,"label":" ","price":1.65},{"type":"B","date":"2018-04-03T01:51:20.000Z","volume":6000,"label":" ","price":1.65},{"type":"A","date":"2018-04-03T01:51:34.000Z","volume":4000,"label":" ","price":1.65},{"type":"B","date":"2018-04-03T01:51:35.000Z","volume":1000,"label":" ","price":1.64},{"type":"A","date":"2018-04-03T01:51:38.000Z","volume":77000,"label":" ","price":1.65},{"type":"A","date":"2018-04-03T01:51:38.000Z","volume":13000,"label":"Y","price":1.65},{"type":"A","date":"2018-04-03T01:51:38.000Z","volume":13000,"label":" ","price":1.65},{"type":"A","date":"2018-04-03T01:51:38.000Z","volume":6000,"label":" ","price":1.65},{"type":"A","date":"2018-04-03T01:51:38.000Z","volume":11000,"label":" ","price":1.65},{"type":"U","date":"2018-04-03T01:52:08.000Z","volume":1000,"label":"X","price":1.662},{"type":"A","date":"2018-04-03T01:52:10.000Z","volume":30000,"label":" ","price":1.65},{"type":"B","date":"2018-04-03T01:53:08.000Z","volume":10000,"label":" ","price":1.64},{"type":"B","date":"2018-04-03T01:53:36.000Z","volume":12000,"label":" ","price":1.64},{"type":"A","date":"2018-04-03T01:53:39.000Z","volume":2000,"label":" ","price":1.65},{"type":"A","date":"2018-04-03T01:53:39.000Z","volume":21000,"label":"Y","price":1.65},{"type":"A","date":"2018-04-03T01:53:39.000Z","volume":52000,"label":" ","price":1.65},{"type":"B","date":"2018-04-03T01:54:11.000Z","volume":20000,"label":" ","price":1.65},{"type":"A","date":"2018-04-03T01:54:14.000Z","volume":6000,"label":"Y","price":1.66},{"type":"A","date":"2018-04-03T01:54:14.000Z","volume":21000,"label":" ","price":1.66},{"type":"A","date":"2018-04-03T01:54:14.000Z","volume":3000,"label":" ","price":1.66},{"type":"A","date":"2018-04-03T01:56:17.000Z","volume":1000,"label":" ","price":1.66},{"type":"A","date":"2018-04-03T01:56:26.000Z","volume":5000,"label":" ","price":1.66},{"type":"B","date":"2018-04-03T01:56:42.000Z","volume":21000,"label":" ","price":1.66},{"type":"A","date":"2018-04-03T01:56:42.000Z","volume":2000,"label":" ","price":1.66},{"type":"A","date":"2018-04-03T01:56:42.000Z","volume":13000,"label":" ","price":1.66},{"type":"U","date":"2018-04-03T01:57:08.000Z","volume":2000,"label":" ","price":1.66},{"type":"A","date":"2018-04-03T01:57:54.000Z","volume":20000,"label":" ","price":1.66},{"type":"B","date":"2018-04-03T01:58:31.000Z","volume":52000,"label":" ","price":1.65},{"type":"A","date":"2018-04-03T01:58:31.000Z","volume":6000,"label":" ","price":1.65},{"type":"A","date":"2018-04-03T01:58:31.000Z","volume":7000,"label":" ","price":1.65},{"type":"A","date":"2018-04-03T01:58:31.000Z","volume":25000,"label":" ","price":1.65},{"type":"U","date":"2018-04-03T01:59:05.000Z","volume":3000,"label":" ","price":1.65},{"type":"U","date":"2018-04-03T01:59:05.000Z","volume":7000,"label":"Y","price":1.65},{"type":"B","date":"2018-04-03T02:02:32.000Z","volume":30000,"label":" ","price":1.65},{"type":"A","date":"2018-04-03T02:02:32.000Z","volume":1000,"label":"Y","price":1.66},{"type":"B","date":"2018-04-03T02:03:32.000Z","volume":7000,"label":" ","price":1.65},{"type":"B","date":"2018-04-03T02:04:00.000Z","volume":4000,"label":" ","price":1.65},{"type":"B","date":"2018-04-03T02:04:23.000Z","volume":2000,"label":" ","price":1.65},{"type":"B","date":"2018-04-03T02:05:31.000Z","volume":6000,"label":" ","price":1.65},{"type":"B","date":"2018-04-03T02:06:24.000Z","volume":5000,"label":" ","price":1.65},{"type":"B","date":"2018-04-03T02:07:19.000Z","volume":6000,"label":" ","price":1.65},{"type":"B","date":"2018-04-03T02:08:10.000Z","volume":7000,"label":" ","price":1.65},{"type":"A","date":"2018-04-03T02:09:02.000Z","volume":100000,"label":" ","price":1.66},{"type":"A","date":"2018-04-03T02:09:15.000Z","volume":3000,"label":" ","price":1.66},{"type":"B","date":"2018-04-03T02:10:34.000Z","volume":20000,"label":" ","price":1.65},{"type":"A","date":"2018-04-03T02:11:22.000Z","volume":1000,"label":" ","price":1.66},{"type":"B","date":"2018-04-03T02:13:23.000Z","volume":10000,"label":" ","price":1.65},{"type":"U","date":"2018-04-03T02:13:56.000Z","volume":86,"label":"D","price":1.62},{"type":"B","date":"2018-04-03T02:15:33.000Z","volume":37000,"label":" ","price":1.65},{"type":"B","date":"2018-04-03T02:16:01.000Z","volume":2000,"label":" ","price":1.65},{"type":"A","date":"2018-04-03T02:16:02.000Z","volume":1000,"label":" ","price":1.66},{"type":"B","date":"2018-04-03T02:16:48.000Z","volume":2000,"label":"Y","price":1.65},{"type":"B","date":"2018-04-03T02:16:48.000Z","volume":88000,"label":" ","price":1.65},{"type":"B","date":"2018-04-03T02:16:48.000Z","volume":2000,"label":" ","price":1.65},{"type":"A","date":"2018-04-03T02:16:48.000Z","volume":54000,"label":" ","price":1.65},{"type":"A","date":"2018-04-03T02:19:15.000Z","volume":10000,"label":" ","price":1.65},{"type":"A","date":"2018-04-03T02:21:36.000Z","volume":9000,"label":" ","price":1.65},{"type":"A","date":"2018-04-03T02:22:11.000Z","volume":10000,"label":" ","price":1.65},{"type":"A","date":"2018-04-03T02:22:11.000Z","volume":33000,"label":" ","price":1.65},{"type":"A","date":"2018-04-03T02:23:03.000Z","volume":10000,"label":" ","price":1.65},{"type":"A","date":"2018-04-03T02:27:20.000Z","volume":8000,"label":" ","price":1.65},{"type":"B","date":"2018-04-03T02:27:34.000Z","volume":2000,"label":" ","price":1.64},{"type":"A","date":"2018-04-03T02:29:17.000Z","volume":1000,"label":" ","price":1.65},{"type":"A","date":"2018-04-03T02:33:15.000Z","volume":6000,"label":" ","price":1.65},{"type":"A","date":"2018-04-03T02:33:16.000Z","volume":13000,"label":" ","price":1.65},{"type":"A","date":"2018-04-03T02:33:42.000Z","volume":1000,"label":" ","price":1.65},{"type":"A","date":"2018-04-03T02:36:02.000Z","volume":14000,"label":" ","price":1.65},{"type":"A","date":"2018-04-03T02:36:59.000Z","volume":57000,"label":" ","price":1.65},{"type":"B","date":"2018-04-03T02:38:52.000Z","volume":1000,"label":" ","price":1.64},{"type":"A","date":"2018-04-03T02:39:07.000Z","volume":85000,"label":" ","price":1.65},{"type":"A","date":"2018-04-03T02:39:07.000Z","volume":25000,"label":" ","price":1.65},{"type":"A","date":"2018-04-03T02:39:07.000Z","volume":25000,"label":" ","price":1.65},{"type":"A","date":"2018-04-03T02:39:15.000Z","volume":14000,"label":" ","price":1.65},{"type":"A","date":"2018-04-03T02:39:17.000Z","volume":1000,"label":" ","price":1.65},{"type":"A","date":"2018-04-03T02:39:17.000Z","volume":1000,"label":" ","price":1.65},{"type":"A","date":"2018-04-03T02:39:45.000Z","volume":10000,"label":" ","price":1.65},{"type":"B","date":"2018-04-03T02:40:20.000Z","volume":2000,"label":" ","price":1.64},{"type":"A","date":"2018-04-03T02:41:34.000Z","volume":2000,"label":" ","price":1.65},{"type":"A","date":"2018-04-03T02:42:07.000Z","volume":2000,"label":" ","price":1.65},{"type":"A","date":"2018-04-03T02:42:22.000Z","volume":11000,"label":" ","price":1.65},{"type":"B","date":"2018-04-03T02:43:29.000Z","volume":300000,"label":" ","price":1.64},{"type":"U","date":"2018-04-03T02:43:58.000Z","volume":1000,"label":"X","price":1.64},{"type":"A","date":"2018-04-03T02:44:35.000Z","volume":10000,"label":" ","price":1.65},{"type":"B","date":"2018-04-03T02:44:37.000Z","volume":9000,"label":" ","price":1.64},{"type":"U","date":"2018-04-03T02:46:36.000Z","volume":834,"label":"D","price":1.61},{"type":"A","date":"2018-04-03T02:48:10.000Z","volume":13000,"label":" ","price":1.65},{"type":"B","date":"2018-04-03T02:48:18.000Z","volume":1000,"label":" ","price":1.64},{"type":"B","date":"2018-04-03T02:51:32.000Z","volume":2000,"label":"Y","price":1.64},{"type":"U","date":"2018-04-03T02:52:05.000Z","volume":2000,"label":"X","price":1.65},{"type":"U","date":"2018-04-03T02:52:22.000Z","volume":1000,"label":"X","price":1.648},{"type":"A","date":"2018-04-03T02:52:32.000Z","volume":1000,"label":" ","price":1.65},{"type":"A","date":"2018-04-03T02:52:32.000Z","volume":1000,"label":" ","price":1.65},{"type":"B","date":"2018-04-03T02:52:47.000Z","volume":30000,"label":" ","price":1.64},{"type":"A","date":"2018-04-03T02:52:48.000Z","volume":1000,"label":" ","price":1.65},{"type":"A","date":"2018-04-03T02:54:10.000Z","volume":14000,"label":" ","price":1.65},{"type":"A","date":"2018-04-03T02:54:10.000Z","volume":1000,"label":"Y","price":1.65},{"type":"B","date":"2018-04-03T02:54:47.000Z","volume":30000,"label":" ","price":1.64},{"type":"A","date":"2018-04-03T02:54:47.000Z","volume":1000,"label":"Y","price":1.65},{"type":"A","date":"2018-04-03T02:59:19.000Z","volume":15000,"label":" ","price":1.65},{"type":"B","date":"2018-04-03T03:05:14.000Z","volume":1000,"label":" ","price":1.64},{"type":"A","date":"2018-04-03T03:05:47.000Z","volume":1000,"label":" ","price":1.65},{"type":"A","date":"2018-04-03T03:05:47.000Z","volume":1000,"label":" ","price":1.65},{"type":"A","date":"2018-04-03T03:05:50.000Z","volume":9000,"label":" ","price":1.65},{"type":"A","date":"2018-04-03T03:09:05.000Z","volume":10000,"label":" ","price":1.65},{"type":"A","date":"2018-04-03T03:10:48.000Z","volume":1000,"label":" ","price":1.65},{"type":"B","date":"2018-04-03T03:11:00.000Z","volume":1000,"label":"Y","price":1.64},{"type":"B","date":"2018-04-03T03:11:00.000Z","volume":49000,"label":" ","price":1.64},{"type":"A","date":"2018-04-03T03:11:00.000Z","volume":1000,"label":" ","price":1.65},{"type":"B","date":"2018-04-03T03:11:03.000Z","volume":1000,"label":" ","price":1.64},{"type":"A","date":"2018-04-03T03:12:05.000Z","volume":8000,"label":" ","price":1.65},{"type":"U","date":"2018-04-03T03:12:38.000Z","volume":1000,"label":"X","price":1.65},{"type":"A","date":"2018-04-03T03:12:38.000Z","volume":1000,"label":" ","price":1.65},{"type":"A","date":"2018-04-03T03:13:36.000Z","volume":2000,"label":" ","price":1.65},{"type":"A","date":"2018-04-03T03:15:22.000Z","volume":10000,"label":" ","price":1.65},{"type":"B","date":"2018-04-03T03:17:00.000Z","volume":20000,"label":" ","price":1.64},{"type":"B","date":"2018-04-03T03:17:25.000Z","volume":4000,"label":"Y","price":1.64},{"type":"B","date":"2018-04-03T03:17:25.000Z","volume":76000,"label":" ","price":1.64},{"type":"B","date":"2018-04-03T03:17:29.000Z","volume":1000,"label":" ","price":1.64},{"type":"A","date":"2018-04-03T03:18:05.000Z","volume":11000,"label":" ","price":1.65},{"type":"A","date":"2018-04-03T03:22:02.000Z","volume":1000,"label":" ","price":1.65},{"type":"A","date":"2018-04-03T03:22:02.000Z","volume":1000,"label":" ","price":1.65},{"type":"B","date":"2018-04-03T03:23:43.000Z","volume":1000,"label":" ","price":1.64},{"type":"A","date":"2018-04-03T03:25:50.000Z","volume":5000,"label":" ","price":1.65},{"type":"U","date":"2018-04-03T03:28:16.000Z","volume":1000,"label":"X","price":1.649},{"type":"A","date":"2018-04-03T03:29:55.000Z","volume":6000,"label":" ","price":1.65},{"type":"A","date":"2018-04-03T03:29:56.000Z","volume":48000,"label":" ","price":1.65},{"type":"U","date":"2018-04-03T03:29:56.000Z","volume":10000,"label":"X","price":1.65},{"type":"A","date":"2018-04-03T03:30:33.000Z","volume":1000,"label":" ","price":1.65},{"type":"A","date":"2018-04-03T03:31:17.000Z","volume":1000,"label":" ","price":1.65},{"type":"A","date":"2018-04-03T03:31:17.000Z","volume":1000,"label":" ","price":1.65},{"type":"A","date":"2018-04-03T03:32:55.000Z","volume":4000,"label":" ","price":1.65},{"type":"B","date":"2018-04-03T03:33:30.000Z","volume":1000,"label":" ","price":1.64},{"type":"B","date":"2018-04-03T03:35:04.000Z","volume":5000,"label":" ","price":1.64},{"type":"B","date":"2018-04-03T03:35:35.000Z","volume":10000,"label":" ","price":1.64},{"type":"B","date":"2018-04-03T03:36:15.000Z","volume":10000,"label":" ","price":1.64},{"type":"B","date":"2018-04-03T03:37:06.000Z","volume":10000,"label":" ","price":1.64},{"type":"B","date":"2018-04-03T03:37:17.000Z","volume":1000,"label":" ","price":1.64},{"type":"B","date":"2018-04-03T03:37:35.000Z","volume":10000,"label":" ","price":1.64},{"type":"B","date":"2018-04-03T03:38:04.000Z","volume":15000,"label":" ","price":1.64},{"type":"U","date":"2018-04-03T03:38:16.000Z","volume":1000,"label":"X","price":1.645},{"type":"B","date":"2018-04-03T03:38:36.000Z","volume":15000,"label":" ","price":1.64},{"type":"B","date":"2018-04-03T03:39:20.000Z","volume":20000,"label":" ","price":1.64},{"type":"B","date":"2018-04-03T03:39:47.000Z","volume":1000,"label":" ","price":1.64},{"type":"B","date":"2018-04-03T03:40:00.000Z","volume":20000,"label":" ","price":1.64},{"type":"B","date":"2018-04-03T03:40:28.000Z","volume":44000,"label":" ","price":1.64},{"type":"B","date":"2018-04-03T03:41:04.000Z","volume":50000,"label":" ","price":1.64},{"type":"B","date":"2018-04-03T03:41:48.000Z","volume":50000,"label":" ","price":1.64},{"type":"A","date":"2018-04-03T03:41:48.000Z","volume":2000,"label":" ","price":1.65},{"type":"A","date":"2018-04-03T03:41:50.000Z","volume":6000,"label":" ","price":1.65},{"type":"B","date":"2018-04-03T03:42:25.000Z","volume":100000,"label":" ","price":1.64},{"type":"A","date":"2018-04-03T03:42:25.000Z","volume":1000,"label":" ","price":1.65},{"type":"B","date":"2018-04-03T03:43:12.000Z","volume":100000,"label":" ","price":1.64},{"type":"A","date":"2018-04-03T03:43:12.000Z","volume":4000,"label":" ","price":1.65},{"type":"B","date":"2018-04-03T03:43:56.000Z","volume":100000,"label":" ","price":1.64},{"type":"A","date":"2018-04-03T03:43:56.000Z","volume":1000,"label":" ","price":1.65},{"type":"B","date":"2018-04-03T03:44:14.000Z","volume":52000,"label":"Y","price":1.64},{"type":"B","date":"2018-04-03T03:44:14.000Z","volume":18000,"label":" ","price":1.64},{"type":"A","date":"2018-04-03T03:44:14.000Z","volume":3000,"label":" ","price":1.64},{"type":"A","date":"2018-04-03T03:44:14.000Z","volume":11000,"label":" ","price":1.64},{"type":"A","date":"2018-04-03T03:45:10.000Z","volume":10000,"label":" ","price":1.64},{"type":"A","date":"2018-04-03T03:45:16.000Z","volume":2000,"label":" ","price":1.64},{"type":"A","date":"2018-04-03T03:46:16.000Z","volume":212000,"label":"Y","price":1.64},{"type":"A","date":"2018-04-03T03:46:16.000Z","volume":256000,"label":" ","price":1.64},{"type":"A","date":"2018-04-03T03:46:16.000Z","volume":11000,"label":" ","price":1.64},{"type":"A","date":"2018-04-03T03:46:16.000Z","volume":1000,"label":" ","price":1.64},{"type":"A","date":"2018-04-03T03:46:21.000Z","volume":3000,"label":" ","price":1.65},{"type":"A","date":"2018-04-03T03:47:15.000Z","volume":20000,"label":" ","price":1.65},{"type":"B","date":"2018-04-03T03:47:23.000Z","volume":1000,"label":" ","price":1.64},{"type":"U","date":"2018-04-03T03:48:16.000Z","volume":1000,"label":"X","price":1.64},{"type":"B","date":"2018-04-03T03:48:35.000Z","volume":100000,"label":" ","price":1.64},{"type":"A","date":"2018-04-03T03:48:35.000Z","volume":1000,"label":" ","price":1.65},{"type":"U","date":"2018-04-03T03:48:41.000Z","volume":1000,"label":"X","price":1.64},{"type":"A","date":"2018-04-03T03:48:54.000Z","volume":3000,"label":" ","price":1.65},{"type":"B","date":"2018-04-03T03:49:52.000Z","volume":100000,"label":" ","price":1.64},{"type":"A","date":"2018-04-03T03:49:53.000Z","volume":1000,"label":" ","price":1.65},{"type":"U","date":"2018-04-03T03:50:41.000Z","volume":1000,"label":"X","price":1.64},{"type":"B","date":"2018-04-03T03:52:54.000Z","volume":5000,"label":" ","price":1.64},{"type":"B","date":"2018-04-03T03:52:57.000Z","volume":1000,"label":" ","price":1.64},{"type":"B","date":"2018-04-03T03:53:09.000Z","volume":3000,"label":" ","price":1.64},{"type":"U","date":"2018-04-03T03:53:41.000Z","volume":1000,"label":"X","price":1.64},{"type":"B","date":"2018-04-03T03:54:06.000Z","volume":8000,"label":" ","price":1.64},{"type":"B","date":"2018-04-03T03:54:42.000Z","volume":4000,"label":"Y","price":1.64},{"type":"B","date":"2018-04-03T03:55:04.000Z","volume":1000,"label":"Y","price":1.64},{"type":"B","date":"2018-04-03T03:55:04.000Z","volume":1000,"label":" ","price":1.64},{"type":"U","date":"2018-04-03T03:55:41.000Z","volume":1000,"label":"X","price":1.64},{"type":"A","date":"2018-04-03T03:55:49.000Z","volume":500000,"label":" ","price":1.65},{"type":"A","date":"2018-04-03T03:55:49.000Z","volume":170000,"label":" ","price":1.65},{"type":"A","date":"2018-04-03T03:55:49.000Z","volume":100000,"label":" ","price":1.65},{"type":"A","date":"2018-04-03T03:55:49.000Z","volume":112000,"label":" ","price":1.65},{"type":"B","date":"2018-04-03T03:55:49.000Z","volume":5000,"label":" ","price":1.64},{"type":"B","date":"2018-04-03T03:56:09.000Z","volume":78000,"label":" ","price":1.65},{"type":"B","date":"2018-04-03T03:56:09.000Z","volume":22000,"label":" ","price":1.64},{"type":"B","date":"2018-04-03T03:56:59.000Z","volume":100000,"label":" ","price":1.64},{"type":"U","date":"2018-04-03T03:57:41.000Z","volume":2000,"label":"X","price":1.649},{"type":"B","date":"2018-04-03T03:57:42.000Z","volume":100000,"label":" ","price":1.64},{"type":"B","date":"2018-04-03T03:58:27.000Z","volume":100000,"label":" ","price":1.64},{"type":"U","date":"2018-04-03T03:58:41.000Z","volume":3000,"label":"X","price":1.64},{"type":"B","date":"2018-04-03T05:00:02.000Z","volume":9000,"label":" ","price":1.65},{"type":"B","date":"2018-04-03T05:00:05.000Z","volume":1000,"label":" ","price":1.65},{"type":"B","date":"2018-04-03T05:00:35.000Z","volume":1000,"label":" ","price":1.65},{"type":"U","date":"2018-04-03T05:01:09.000Z","volume":1000,"label":"X","price":1.65},{"type":"U","date":"2018-04-03T05:01:51.000Z","volume":1000,"label":"X","price":1.65},{"type":"U","date":"2018-04-03T05:05:09.000Z","volume":1000,"label":"X","price":1.65},{"type":"U","date":"2018-04-03T05:05:10.000Z","volume":2000,"label":"X","price":1.65},{"type":"B","date":"2018-04-03T05:05:12.000Z","volume":1000,"label":" ","price":1.65},{"type":"A","date":"2018-04-03T05:10:02.000Z","volume":1000,"label":" ","price":1.66},{"type":"A","date":"2018-04-03T05:11:29.000Z","volume":14000,"label":" ","price":1.66},{"type":"A","date":"2018-04-03T05:14:02.000Z","volume":1000,"label":" ","price":1.66},{"type":"U","date":"2018-04-03T05:15:10.000Z","volume":2000,"label":"X","price":1.659},{"type":"A","date":"2018-04-03T05:18:02.000Z","volume":1000,"label":" ","price":1.66},{"type":"A","date":"2018-04-03T05:22:02.000Z","volume":1000,"label":" ","price":1.66},{"type":"B","date":"2018-04-03T05:22:41.000Z","volume":5000,"label":" ","price":1.65},{"type":"B","date":"2018-04-03T05:23:23.000Z","volume":1000,"label":"Y","price":1.65},{"type":"B","date":"2018-04-03T05:23:23.000Z","volume":66000,"label":" ","price":1.65},{"type":"B","date":"2018-04-03T05:23:23.000Z","volume":7000,"label":" ","price":1.65},{"type":"A","date":"2018-04-03T05:23:23.000Z","volume":1000,"label":" ","price":1.66},{"type":"U","date":"2018-04-03T05:25:10.000Z","volume":2000,"label":"X","price":1.65},{"type":"A","date":"2018-04-03T05:26:03.000Z","volume":20000,"label":" ","price":1.66},{"type":"U","date":"2018-04-03T05:28:20.000Z","volume":1000,"label":"X","price":1.66},{"type":"B","date":"2018-04-03T05:30:45.000Z","volume":1000,"label":" ","price":1.65},{"type":"B","date":"2018-04-03T05:31:38.000Z","volume":5000,"label":"Y","price":1.65},{"type":"B","date":"2018-04-03T05:31:38.000Z","volume":14000,"label":" ","price":1.65},{"type":"B","date":"2018-04-03T05:31:38.000Z","volume":5000,"label":" ","price":1.65},{"type":"A","date":"2018-04-03T05:35:11.000Z","volume":1000,"label":" ","price":1.66},{"type":"B","date":"2018-04-03T05:36:16.000Z","volume":193000,"label":" ","price":1.65},{"type":"A","date":"2018-04-03T05:36:16.000Z","volume":34000,"label":" ","price":1.65},{"type":"A","date":"2018-04-03T05:36:18.000Z","volume":11000,"label":" ","price":1.65},{"type":"A","date":"2018-04-03T05:36:25.000Z","volume":66000,"label":" ","price":1.65},{"type":"A","date":"2018-04-03T05:37:45.000Z","volume":9000,"label":" ","price":1.65},{"type":"A","date":"2018-04-03T05:40:16.000Z","volume":39000,"label":" ","price":1.65},{"type":"A","date":"2018-04-03T05:40:48.000Z","volume":30000,"label":" ","price":1.65},{"type":"A","date":"2018-04-03T05:41:42.000Z","volume":5000,"label":" ","price":1.65},{"type":"A","date":"2018-04-03T05:41:58.000Z","volume":30000,"label":" ","price":1.65},{"type":"A","date":"2018-04-03T05:41:59.000Z","volume":11000,"label":" ","price":1.65},{"type":"A","date":"2018-04-03T05:42:45.000Z","volume":7000,"label":" ","price":1.65},{"type":"A","date":"2018-04-03T05:45:34.000Z","volume":100000,"label":" ","price":1.65},{"type":"A","date":"2018-04-03T05:48:45.000Z","volume":7000,"label":" ","price":1.65},{"type":"A","date":"2018-04-03T05:48:56.000Z","volume":1000,"label":" ","price":1.65},{"type":"A","date":"2018-04-03T05:52:47.000Z","volume":1000,"label":" ","price":1.65},{"type":"A","date":"2018-04-03T05:52:47.000Z","volume":1000,"label":" ","price":1.65},{"type":"A","date":"2018-04-03T05:52:55.000Z","volume":11000,"label":" ","price":1.65},{"type":"A","date":"2018-04-03T05:53:46.000Z","volume":50000,"label":" ","price":1.65},{"type":"A","date":"2018-04-03T05:54:45.000Z","volume":7000,"label":" ","price":1.65},{"type":"B","date":"2018-04-03T05:55:02.000Z","volume":20000,"label":" ","price":1.64},{"type":"A","date":"2018-04-03T06:00:40.000Z","volume":8000,"label":" ","price":1.65},{"type":"A","date":"2018-04-03T06:00:47.000Z","volume":1000,"label":" ","price":1.65},{"type":"A","date":"2018-04-03T06:00:47.000Z","volume":1000,"label":" ","price":1.65},{"type":"A","date":"2018-04-03T06:01:16.000Z","volume":150000,"label":" ","price":1.65},{"type":"A","date":"2018-04-03T06:01:16.000Z","volume":23000,"label":"Y","price":1.65},{"type":"A","date":"2018-04-03T06:01:16.000Z","volume":77000,"label":" ","price":1.65},{"type":"A","date":"2018-04-03T06:01:16.000Z","volume":30000,"label":" ","price":1.65},{"type":"A","date":"2018-04-03T06:01:16.000Z","volume":3000,"label":" ","price":1.65},{"type":"A","date":"2018-04-03T06:01:16.000Z","volume":32000,"label":" ","price":1.65},{"type":"A","date":"2018-04-03T06:01:16.000Z","volume":100000,"label":" ","price":1.65},{"type":"A","date":"2018-04-03T06:01:16.000Z","volume":66000,"label":" ","price":1.65},{"type":"U","date":"2018-04-03T06:02:28.000Z","volume":1000,"label":"X","price":1.655},{"type":"U","date":"2018-04-03T06:03:07.000Z","volume":1000,"label":"X","price":1.65},{"type":"B","date":"2018-04-03T06:07:32.000Z","volume":4000,"label":" ","price":1.65},{"type":"B","date":"2018-04-03T06:07:45.000Z","volume":5000,"label":" ","price":1.65},{"type":"A","date":"2018-04-03T06:08:47.000Z","volume":1000,"label":" ","price":1.66},{"type":"B","date":"2018-04-03T06:08:50.000Z","volume":4000,"label":" ","price":1.65},{"type":"U","date":"2018-04-03T06:10:29.000Z","volume":1000,"label":"X","price":1.65},{"type":"A","date":"2018-04-03T06:14:17.000Z","volume":1000,"label":" ","price":1.66},{"type":"A","date":"2018-04-03T06:18:02.000Z","volume":1000,"label":" ","price":1.66},{"type":"A","date":"2018-04-03T06:20:19.000Z","volume":1000,"label":" ","price":1.66},{"type":"A","date":"2018-04-03T06:22:02.000Z","volume":1000,"label":" ","price":1.66},{"type":"U","date":"2018-04-03T06:23:14.000Z","volume":1000,"label":"X","price":1.66},{"type":"U","date":"2018-04-03T06:23:43.000Z","volume":2000,"label":"X","price":1.66},{"type":"A","date":"2018-04-03T06:24:56.000Z","volume":10000,"label":" ","price":1.66},{"type":"B","date":"2018-04-03T06:24:59.000Z","volume":6000,"label":" ","price":1.65},{"type":"A","date":"2018-04-03T06:26:02.000Z","volume":1000,"label":" ","price":1.66},{"type":"A","date":"2018-04-03T06:28:16.000Z","volume":45000,"label":" ","price":1.66},{"type":"A","date":"2018-04-03T06:29:47.000Z","volume":1000,"label":" ","price":1.66},{"type":"U","date":"2018-04-03T06:29:58.000Z","volume":1000,"label":"X","price":1.655},{"type":"U","date":"2018-04-03T06:30:12.000Z","volume":1000,"label":"X","price":1.66},{"type":"A","date":"2018-04-03T06:35:32.000Z","volume":1000,"label":" ","price":1.66},{"type":"U","date":"2018-04-03T06:36:44.000Z","volume":2000,"label":"X","price":1.66},{"type":"A","date":"2018-04-03T06:39:17.000Z","volume":1000,"label":" ","price":1.66},{"type":"A","date":"2018-04-03T06:40:23.000Z","volume":1000,"label":" ","price":1.66},{"type":"A","date":"2018-04-03T06:42:10.000Z","volume":20000,"label":" ","price":1.66},{"type":"A","date":"2018-04-03T06:43:02.000Z","volume":1000,"label":" ","price":1.66},{"type":"A","date":"2018-04-03T06:43:13.000Z","volume":1000,"label":" ","price":1.66},{"type":"A","date":"2018-04-03T06:43:40.000Z","volume":1000,"label":" ","price":1.66},{"type":"A","date":"2018-04-03T06:45:14.000Z","volume":2000,"label":" ","price":1.66},{"type":"A","date":"2018-04-03T06:45:24.000Z","volume":1000,"label":" ","price":1.66},{"type":"A","date":"2018-04-03T06:46:47.000Z","volume":1000,"label":" ","price":1.66},{"type":"A","date":"2018-04-03T06:50:47.000Z","volume":1000,"label":" ","price":1.66},{"type":"A","date":"2018-04-03T06:53:05.000Z","volume":466000,"label":" ","price":1.66},{"type":"B","date":"2018-04-03T06:53:09.000Z","volume":9000,"label":" ","price":1.66},{"type":"U","date":"2018-04-03T06:53:45.000Z","volume":1000,"label":"X","price":1.67},{"type":"A","date":"2018-04-03T06:53:45.000Z","volume":1000,"label":" ","price":1.67},{"type":"A","date":"2018-04-03T06:55:02.000Z","volume":10000,"label":" ","price":1.67},{"type":"A","date":"2018-04-03T06:55:02.000Z","volume":58000,"label":" ","price":1.67},{"type":"A","date":"2018-04-03T06:55:12.000Z","volume":1000,"label":" ","price":1.67},{"type":"U","date":"2018-04-03T06:55:43.000Z","volume":1000,"label":"X","price":1.67},{"type":"A","date":"2018-04-03T06:56:12.000Z","volume":48000,"label":" ","price":1.67},{"type":"U","date":"2018-04-03T06:56:26.000Z","volume":1000,"label":"X","price":1.67},{"type":"A","date":"2018-04-03T06:56:32.000Z","volume":1000,"label":" ","price":1.67},{"type":"A","date":"2018-04-03T07:00:17.000Z","volume":1000,"label":" ","price":1.67},{"type":"A","date":"2018-04-03T07:03:47.000Z","volume":1000,"label":" ","price":1.67},{"type":"A","date":"2018-04-03T07:05:16.000Z","volume":1000,"label":" ","price":1.67},{"type":"A","date":"2018-04-03T07:06:06.000Z","volume":100000,"label":" ","price":1.67},{"type":"U","date":"2018-04-03T07:06:26.000Z","volume":1000,"label":"X","price":1.67},{"type":"A","date":"2018-04-03T07:07:32.000Z","volume":1000,"label":" ","price":1.67},{"type":"B","date":"2018-04-03T07:09:25.000Z","volume":60000,"label":" ","price":1.66},{"type":"U","date":"2018-04-03T07:09:45.000Z","volume":11000,"label":"X","price":1.67},{"type":"B","date":"2018-04-03T07:10:49.000Z","volume":2000,"label":" ","price":1.66},{"type":"A","date":"2018-04-03T07:11:17.000Z","volume":1000,"label":" ","price":1.67},{"type":"U","date":"2018-04-03T07:13:49.000Z","volume":2000,"label":"X","price":1.66},{"type":"A","date":"2018-04-03T07:14:17.000Z","volume":10000,"label":" ","price":1.67},{"type":"A","date":"2018-04-03T07:17:02.000Z","volume":1000,"label":" ","price":1.67},{"type":"U","date":"2018-04-03T07:19:14.000Z","volume":1000,"label":"X","price":1.67},{"type":"U","date":"2018-04-03T07:20:17.000Z","volume":2000,"label":"X","price":1.67},{"type":"A","date":"2018-04-03T07:20:32.000Z","volume":1000,"label":" ","price":1.67},{"type":"B","date":"2018-04-03T07:23:50.000Z","volume":100000,"label":" ","price":1.66},{"type":"A","date":"2018-04-03T07:24:17.000Z","volume":1000,"label":" ","price":1.67},{"type":"A","date":"2018-04-03T07:25:16.000Z","volume":1000,"label":" ","price":1.67},{"type":"A","date":"2018-04-03T07:27:06.000Z","volume":7000,"label":"Y","price":1.67},{"type":"A","date":"2018-04-03T07:27:06.000Z","volume":480000,"label":" ","price":1.67},{"type":"A","date":"2018-04-03T07:27:06.000Z","volume":20000,"label":" ","price":1.67},{"type":"B","date":"2018-04-03T07:27:06.000Z","volume":20000,"label":" ","price":1.67},{"type":"A","date":"2018-04-03T07:27:06.000Z","volume":27000,"label":" ","price":1.67},{"type":"A","date":"2018-04-03T07:27:09.000Z","volume":4000,"label":" ","price":1.67},{"type":"A","date":"2018-04-03T07:27:11.000Z","volume":2000,"label":" ","price":1.67},{"type":"A","date":"2018-04-03T07:27:12.000Z","volume":25000,"label":" ","price":1.67},{"type":"U","date":"2018-04-03T07:27:24.000Z","volume":11000,"label":"X","price":1.67},{"type":"A","date":"2018-04-03T07:27:47.000Z","volume":1000,"label":" ","price":1.68},{"type":"U","date":"2018-04-03T07:31:14.000Z","volume":1000,"label":"X","price":1.68},{"type":"U","date":"2018-04-03T07:32:16.000Z","volume":1000,"label":"X","price":1.68},{"type":"U","date":"2018-04-03T07:32:16.000Z","volume":1000,"label":"X","price":1.68},{"type":"U","date":"2018-04-03T07:32:55.000Z","volume":1000,"label":"X","price":1.669},{"type":"A","date":"2018-04-03T07:33:47.000Z","volume":1000,"label":" ","price":1.68},{"type":"B","date":"2018-04-03T07:33:54.000Z","volume":15000,"label":" ","price":1.67},{"type":"U","date":"2018-04-03T07:34:13.000Z","volume":1000,"label":"X","price":1.671},{"type":"A","date":"2018-04-03T07:34:16.000Z","volume":9000,"label":"Y","price":1.68},{"type":"A","date":"2018-04-03T07:34:16.000Z","volume":2000,"label":" ","price":1.68},{"type":"A","date":"2018-04-03T07:35:17.000Z","volume":2000,"label":" ","price":1.68},{"type":"A","date":"2018-04-03T07:35:31.000Z","volume":1000,"label":"Y","price":1.68},{"type":"A","date":"2018-04-03T07:37:02.000Z","volume":1000,"label":" ","price":1.68},{"type":"A","date":"2018-04-03T07:37:16.000Z","volume":1000,"label":"Y","price":1.68},{"type":"B","date":"2018-04-03T07:39:38.000Z","volume":10000,"label":" ","price":1.67},{"type":"B","date":"2018-04-03T07:40:11.000Z","volume":16000,"label":" ","price":1.67},{"type":"A","date":"2018-04-03T07:40:17.000Z","volume":1000,"label":" ","price":1.68},{"type":"A","date":"2018-04-03T07:43:17.000Z","volume":1000,"label":" ","price":1.68},{"type":"B","date":"2018-04-03T07:44:34.000Z","volume":100000,"label":" ","price":1.67},{"type":"B","date":"2018-04-03T07:44:46.000Z","volume":12000,"label":"Y","price":1.67},{"type":"B","date":"2018-04-03T07:44:46.000Z","volume":16000,"label":" ","price":1.67},{"type":"B","date":"2018-04-03T07:44:46.000Z","volume":45000,"label":"Y","price":1.67},{"type":"A","date":"2018-04-03T07:44:55.000Z","volume":73000,"label":" ","price":1.67},{"type":"A","date":"2018-04-03T07:45:01.000Z","volume":3000,"label":"Y","price":1.67},{"type":"A","date":"2018-04-03T07:45:01.000Z","volume":46000,"label":" ","price":1.67},{"type":"A","date":"2018-04-03T07:45:01.000Z","volume":4000,"label":"Y","price":1.67},{"type":"A","date":"2018-04-03T07:45:01.000Z","volume":26000,"label":" ","price":1.67},{"type":"A","date":"2018-04-03T07:45:16.000Z","volume":10000,"label":"Y","price":1.67},{"type":"A","date":"2018-04-03T07:45:16.000Z","volume":10000,"label":" ","price":1.67},{"type":"A","date":"2018-04-03T07:46:21.000Z","volume":5000,"label":" ","price":1.67},{"type":"A","date":"2018-04-03T07:46:31.000Z","volume":4000,"label":"Y","price":1.67},{"type":"A","date":"2018-04-03T07:49:17.000Z","volume":1000,"label":" ","price":1.67},{"type":"A","date":"2018-04-03T07:49:22.000Z","volume":50000,"label":" ","price":1.67},{"type":"A","date":"2018-04-03T07:49:31.000Z","volume":34000,"label":" ","price":1.67},{"type":"A","date":"2018-04-03T07:49:31.000Z","volume":7000,"label":" ","price":1.67},{"type":"A","date":"2018-04-03T07:49:46.000Z","volume":4000,"label":" ","price":1.67},{"type":"A","date":"2018-04-03T07:49:46.000Z","volume":4000,"label":" ","price":1.67},{"type":"A","date":"2018-04-03T07:49:49.000Z","volume":3000,"label":" ","price":1.67},{"type":"A","date":"2018-04-03T07:50:21.000Z","volume":1000,"label":" ","price":1.67},{"type":"A","date":"2018-04-03T07:50:38.000Z","volume":50000,"label":" ","price":1.67},{"type":"A","date":"2018-04-03T07:51:47.000Z","volume":1000,"label":" ","price":1.67},{"type":"A","date":"2018-04-03T07:54:06.000Z","volume":1000,"label":" ","price":1.67},{"type":"A","date":"2018-04-03T07:54:32.000Z","volume":1000,"label":" ","price":1.67},{"type":"A","date":"2018-04-03T07:54:36.000Z","volume":2000,"label":" ","price":1.67},{"type":"A","date":"2018-04-03T07:55:37.000Z","volume":11000,"label":" ","price":1.67},{"type":"A","date":"2018-04-03T07:56:06.000Z","volume":2000,"label":" ","price":1.67},{"type":"B","date":"2018-04-03T07:56:29.000Z","volume":1000,"label":" ","price":1.66},{"type":"B","date":"2018-04-03T07:56:43.000Z","volume":8000,"label":"Y","price":1.66},{"type":"B","date":"2018-04-03T07:56:43.000Z","volume":41000,"label":" ","price":1.66},{"type":"A","date":"2018-04-03T07:56:43.000Z","volume":1000,"label":" ","price":1.67},{"type":"B","date":"2018-04-03T07:57:22.000Z","volume":3000,"label":" ","price":1.66},{"type":"B","date":"2018-04-03T07:57:36.000Z","volume":1000,"label":" ","price":1.66},{"type":"A","date":"2018-04-03T07:57:37.000Z","volume":2000,"label":" ","price":1.67},{"type":"A","date":"2018-04-03T07:57:37.000Z","volume":35000,"label":" ","price":1.67},{"type":"A","date":"2018-04-03T07:57:38.000Z","volume":1000,"label":" ","price":1.67},{"type":"B","date":"2018-04-03T07:57:42.000Z","volume":1000,"label":" ","price":1.66},{"type":"U","date":"2018-04-03T07:57:54.000Z","volume":10000,"label":"X","price":1.67},{"type":"B","date":"2018-04-03T07:58:26.000Z","volume":1000,"label":" ","price":1.66},{"type":"A","date":"2018-04-03T07:58:27.000Z","volume":1000,"label":" ","price":1.67},{"type":"B","date":"2018-04-03T07:58:46.000Z","volume":1000,"label":" ","price":1.66},{"type":"A","date":"2018-04-03T07:59:03.000Z","volume":3000,"label":" ","price":1.67},{"type":"A","date":"2018-04-03T07:59:04.000Z","volume":1000,"label":" ","price":1.67},{"type":"B","date":"2018-04-03T07:59:09.000Z","volume":1000,"label":" ","price":1.66},{"type":"A","date":"2018-04-03T07:59:15.000Z","volume":1000,"label":" ","price":1.67},{"type":"A","date":"2018-04-03T07:59:17.000Z","volume":3000,"label":" ","price":1.67},{"type":"B","date":"2018-04-03T07:59:29.000Z","volume":1000,"label":" ","price":1.66},{"type":"B","date":"2018-04-03T07:59:30.000Z","volume":23000,"label":" ","price":1.66},{"type":"A","date":"2018-04-03T07:59:30.000Z","volume":1000,"label":" ","price":1.67},{"type":"A","date":"2018-04-03T07:59:50.000Z","volume":1000,"label":" ","price":1.67},{"type":"A","date":"2018-04-03T07:59:55.000Z","volume":1000,"label":" ","price":1.67},{"type":"U","date":"2018-04-03T08:08:39.000Z","volume":1675000,"label":"U","price":1.65}]