[{"type":"U","date":"2018-03-19T01:20:00.000Z","volume":1000,"label":"U","price":0.246},{"type":"A","date":"2018-03-19T01:30:11.000Z","volume":16000,"label":" ","price":0.247},{"type":"B","date":"2018-03-19T01:37:00.000Z","volume":300000,"label":" ","price":0.247},{"type":"A","date":"2018-03-19T01:51:48.000Z","volume":10000,"label":" ","price":0.249},{"type":"B","date":"2018-03-19T01:57:05.000Z","volume":14000,"label":" ","price":0.247},{"type":"A","date":"2018-03-19T01:57:36.000Z","volume":136000,"label":" ","price":0.247},{"type":"B","date":"2018-03-19T02:05:55.000Z","volume":100000,"label":" ","price":0.247},{"type":"B","date":"2018-03-19T02:10:43.000Z","volume":53000,"label":" ","price":0.247},{"type":"A","date":"2018-03-19T02:11:46.000Z","volume":47000,"label":" ","price":0.247},{"type":"B","date":"2018-03-19T02:25:36.000Z","volume":23000,"label":" ","price":0.247},{"type":"A","date":"2018-03-19T02:25:54.000Z","volume":160000,"label":" ","price":0.25},{"type":"B","date":"2018-03-19T02:28:00.000Z","volume":197000,"label":" ","price":0.25},{"type":"A","date":"2018-03-19T03:17:43.000Z","volume":8000,"label":" ","price":0.25},{"type":"B","date":"2018-03-19T03:19:20.000Z","volume":6000,"label":" ","price":0.25},{"type":"B","date":"2018-03-19T03:49:42.000Z","volume":40000,"label":" ","price":0.25},{"type":"B","date":"2018-03-19T05:33:38.000Z","volume":4000,"label":" ","price":0.25},{"type":"B","date":"2018-03-19T05:48:53.000Z","volume":2000,"label":" ","price":0.25},{"type":"B","date":"2018-03-19T05:52:34.000Z","volume":1000,"label":" ","price":0.25},{"type":"A","date":"2018-03-19T06:00:43.000Z","volume":150000,"label":" ","price":0.255},{"type":"A","date":"2018-03-19T06:59:07.000Z","volume":86000,"label":" ","price":0.255},{"type":"B","date":"2018-03-19T07:52:03.000Z","volume":20000,"label":" ","price":0.255},{"type":"B","date":"2018-03-19T07:55:24.000Z","volume":30000,"label":" ","price":0.25},{"type":"B","date":"2018-03-19T07:59:03.000Z","volume":9000,"label":" ","price":0.25}]