[{"type":"U","date":"2018-04-27T01:00:00.000Z","volume":199500,"label":"P","price":5.15},{"type":"A","date":"2018-04-27T01:55:15.000Z","volume":10000,"label":"Y","price":5.14},{"type":"A","date":"2018-04-27T01:55:15.000Z","volume":5500,"label":" ","price":5.14},{"type":"A","date":"2018-04-27T01:55:53.000Z","volume":6000,"label":" ","price":5.1},{"type":"A","date":"2018-04-27T01:55:53.000Z","volume":4000,"label":" ","price":5.11},{"type":"A","date":"2018-04-27T03:04:22.000Z","volume":500,"label":" ","price":5.13},{"type":"A","date":"2018-04-27T03:41:46.000Z","volume":500,"label":" ","price":5.13},{"type":"A","date":"2018-04-27T03:54:00.000Z","volume":500,"label":" ","price":5.19},{"type":"A","date":"2018-04-27T05:20:02.000Z","volume":6500,"label":" ","price":5.19},{"type":"B","date":"2018-04-27T05:20:05.000Z","volume":500,"label":" ","price":5.11},{"type":"A","date":"2018-04-27T05:59:32.000Z","volume":500,"label":" ","price":5.18},{"type":"A","date":"2018-04-27T05:59:32.000Z","volume":1000,"label":" ","price":5.18},{"type":"B","date":"2018-04-27T05:59:34.000Z","volume":1500,"label":" ","price":5.15},{"type":"A","date":"2018-04-27T06:14:06.000Z","volume":12500,"label":" ","price":5.18},{"type":"B","date":"2018-04-27T06:14:07.000Z","volume":2500,"label":" ","price":5.16},{"type":"A","date":"2018-04-27T06:14:07.000Z","volume":2500,"label":" ","price":5.19},{"type":"A","date":"2018-04-27T06:20:59.000Z","volume":11500,"label":" ","price":5.19},{"type":"A","date":"2018-04-27T06:20:59.000Z","volume":1000,"label":" ","price":5.19},{"type":"B","date":"2018-04-27T06:20:59.000Z","volume":6000,"label":" ","price":5.17},{"type":"A","date":"2018-04-27T06:21:00.000Z","volume":4500,"label":" ","price":5.2},{"type":"B","date":"2018-04-27T06:21:00.000Z","volume":500,"label":" ","price":5.17},{"type":"B","date":"2018-04-27T06:58:53.000Z","volume":1500,"label":" ","price":5.17},{"type":"A","date":"2018-04-27T06:58:54.000Z","volume":500,"label":" ","price":5.2},{"type":"B","date":"2018-04-27T06:58:54.000Z","volume":2000,"label":" ","price":5.17},{"type":"B","date":"2018-04-27T06:58:54.000Z","volume":2000,"label":" ","price":5.17},{"type":"A","date":"2018-04-27T06:58:55.000Z","volume":1000,"label":" ","price":5.2},{"type":"B","date":"2018-04-27T06:59:11.000Z","volume":500,"label":" ","price":5.17},{"type":"B","date":"2018-04-27T07:22:51.000Z","volume":500,"label":" ","price":5.17},{"type":"A","date":"2018-04-27T07:22:52.000Z","volume":500,"label":" ","price":5.18},{"type":"B","date":"2018-04-27T07:22:53.000Z","volume":500,"label":" ","price":5.17},{"type":"A","date":"2018-04-27T07:30:27.000Z","volume":1500,"label":" ","price":5.18},{"type":"A","date":"2018-04-27T07:30:28.000Z","volume":500,"label":" ","price":5.18},{"type":"B","date":"2018-04-27T07:30:28.000Z","volume":2000,"label":" ","price":5.17},{"type":"A","date":"2018-04-27T07:30:29.000Z","volume":500,"label":" ","price":5.18},{"type":"B","date":"2018-04-27T07:30:32.000Z","volume":500,"label":" ","price":5.17},{"type":"A","date":"2018-04-27T07:40:27.000Z","volume":6500,"label":" ","price":5.18},{"type":"A","date":"2018-04-27T07:40:28.000Z","volume":1000,"label":" ","price":5.19},{"type":"B","date":"2018-04-27T07:40:29.000Z","volume":1500,"label":" ","price":5.17},{"type":"A","date":"2018-04-27T07:40:29.000Z","volume":500,"label":" ","price":5.19},{"type":"B","date":"2018-04-27T07:40:30.000Z","volume":500,"label":" ","price":5.17},{"type":"A","date":"2018-04-27T07:56:14.000Z","volume":5500,"label":" ","price":5.19},{"type":"B","date":"2018-04-27T07:56:14.000Z","volume":5500,"label":" ","price":5.17},{"type":"A","date":"2018-04-27T07:56:15.000Z","volume":2500,"label":" ","price":5.19}]