[{"type":"A","date":"2018-03-14T07:58:49.000Z","volume":41000,"price":9.02,"category":"ubbull"},{"type":"A","date":"2018-03-14T07:58:49.000Z","volume":19000,"price":9.01,"category":"ubbull"},{"type":"A","date":"2018-03-14T07:58:30.000Z","volume":23000,"price":8.99,"category":"ubbull"},{"type":"A","date":"2018-03-14T07:58:16.000Z","volume":20000,"price":8.99,"category":"ubbull"},{"type":"A","date":"2018-03-14T07:57:24.000Z","volume":20000,"price":8.97,"category":"ubbull"},{"type":"A","date":"2018-03-14T07:48:36.000Z","volume":38000,"price":8.97,"category":"ubbull"},{"type":"A","date":"2018-03-14T07:48:18.000Z","volume":24000,"price":8.97,"category":"ubbull"},{"type":"A","date":"2018-03-14T07:48:03.000Z","volume":22000,"price":8.97,"category":"ubbull"},{"type":"A","date":"2018-03-14T07:46:59.000Z","volume":30000,"price":8.97,"category":"ubbull"},{"type":"A","date":"2018-03-14T07:46:42.000Z","volume":36000,"price":8.97,"category":"ubbull"},{"type":"A","date":"2018-03-14T07:46:18.000Z","volume":20000,"price":8.97,"category":"ubbull"},{"type":"A","date":"2018-03-14T07:44:02.000Z","volume":20000,"price":8.97,"category":"ubbull"},{"type":"A","date":"2018-03-14T07:31:07.000Z","volume":20000,"price":8.98,"category":"ubbull"},{"type":"A","date":"2018-03-14T07:30:49.000Z","volume":55000,"price":8.97,"category":"ubbull"},{"type":"A","date":"2018-03-14T07:30:49.000Z","volume":30000,"price":8.97,"category":"ubbull"},{"type":"A","date":"2018-03-14T07:28:36.000Z","volume":30000,"price":8.97,"category":"ubbull"},{"type":"A","date":"2018-03-14T07:24:28.000Z","volume":50000,"price":8.97,"category":"ubbull"},{"type":"A","date":"2018-03-14T07:23:17.000Z","volume":20000,"price":8.97,"category":"ubbull"},{"type":"A","date":"2018-03-14T07:23:07.000Z","volume":30000,"price":8.97,"category":"ubbull"},{"type":"A","date":"2018-03-14T07:21:53.000Z","volume":30000,"price":8.97,"category":"ubbull"},{"type":"A","date":"2018-03-14T07:21:34.000Z","volume":22000,"price":8.97,"category":"ubbull"},{"type":"A","date":"2018-03-14T07:20:21.000Z","volume":30000,"price":8.97,"category":"ubbull"},{"type":"A","date":"2018-03-14T07:18:35.000Z","volume":30000,"price":8.97,"category":"ubbull"},{"type":"A","date":"2018-03-14T07:14:23.000Z","volume":30000,"price":8.97,"category":"ubbull"},{"type":"A","date":"2018-03-14T07:13:07.000Z","volume":18000,"price":8.97,"category":"ubbull"},{"type":"A","date":"2018-03-14T07:12:29.000Z","volume":18000,"price":8.97,"category":"ubbull"},{"type":"A","date":"2018-03-14T07:12:12.000Z","volume":80000,"price":8.97,"category":"ubbull"},{"type":"A","date":"2018-03-14T07:12:05.000Z","volume":27000,"price":8.97,"category":"ubbull"},{"type":"A","date":"2018-03-14T07:11:35.000Z","volume":27000,"price":8.97,"category":"ubbull"},{"type":"A","date":"2018-03-14T07:11:31.000Z","volume":20000,"price":8.97,"category":"ubbull"},{"type":"A","date":"2018-03-14T07:10:33.000Z","volume":31000,"price":8.97,"category":"ubbull"},{"type":"A","date":"2018-03-14T07:09:07.000Z","volume":70000,"price":8.98,"category":"ubbull"},{"type":"A","date":"2018-03-14T07:08:39.000Z","volume":30000,"price":8.98,"category":"ubbull"},{"type":"A","date":"2018-03-14T07:08:32.000Z","volume":24000,"price":8.98,"category":"ubbull"},{"type":"A","date":"2018-03-14T07:07:26.000Z","volume":40000,"price":8.98,"category":"ubbull"},{"type":"A","date":"2018-03-14T07:07:04.000Z","volume":25000,"price":8.98,"category":"ubbull"},{"type":"A","date":"2018-03-14T07:06:17.000Z","volume":40000,"price":8.99,"category":"ubbull"},{"type":"A","date":"2018-03-14T07:05:58.000Z","volume":50000,"price":9,"category":"ubbull"},{"type":"A","date":"2018-03-14T07:05:45.000Z","volume":28000,"price":9,"category":"ubbull"},{"type":"A","date":"2018-03-14T07:05:35.000Z","volume":20000,"price":9,"category":"ubbull"},{"type":"A","date":"2018-03-14T07:03:13.000Z","volume":18000,"price":8.98,"category":"ubbull"},{"type":"A","date":"2018-03-14T07:00:51.000Z","volume":24000,"price":8.97,"category":"ubbull"},{"type":"A","date":"2018-03-14T06:59:41.000Z","volume":20000,"price":8.97,"category":"ubbull"},{"type":"A","date":"2018-03-14T06:58:25.000Z","volume":125000,"price":8.9,"category":"ubbull"},{"type":"A","date":"2018-03-14T06:58:17.000Z","volume":20000,"price":8.97,"category":"ubbull"},{"type":"A","date":"2018-03-14T06:38:35.000Z","volume":20000,"price":8.97,"category":"ubbull"},{"type":"A","date":"2018-03-14T06:35:13.000Z","volume":18000,"price":8.97,"category":"ubbull"},{"type":"A","date":"2018-03-14T06:31:46.000Z","volume":25000,"price":8.97,"category":"ubbull"},{"type":"A","date":"2018-03-14T06:31:08.000Z","volume":50000,"price":8.98,"category":"ubbull"},{"type":"A","date":"2018-03-14T06:29:55.000Z","volume":20000,"price":8.98,"category":"ubbull"},{"type":"A","date":"2018-03-14T06:29:37.000Z","volume":20000,"price":8.98,"category":"ubbull"},{"type":"A","date":"2018-03-14T06:28:54.000Z","volume":27000,"price":8.98,"category":"ubbull"},{"type":"A","date":"2018-03-14T06:27:53.000Z","volume":21000,"price":8.99,"category":"ubbull"},{"type":"A","date":"2018-03-14T06:26:22.000Z","volume":20000,"price":9,"category":"ubbull"},{"type":"A","date":"2018-03-14T06:25:44.000Z","volume":20000,"price":9,"category":"ubbull"},{"type":"A","date":"2018-03-14T06:23:22.000Z","volume":27000,"price":9,"category":"ubbull"},{"type":"A","date":"2018-03-14T06:22:52.000Z","volume":37000,"price":8.96,"category":"ubbull"},{"type":"A","date":"2018-03-14T06:22:28.000Z","volume":19000,"price":8.96,"category":"ubbull"},{"type":"A","date":"2018-03-14T06:22:27.000Z","volume":20000,"price":8.96,"category":"ubbull"},{"type":"A","date":"2018-03-14T06:22:11.000Z","volume":20000,"price":8.97,"category":"ubbull"},{"type":"A","date":"2018-03-14T06:21:48.000Z","volume":19000,"price":8.96,"category":"ubbull"},{"type":"A","date":"2018-03-14T06:20:58.000Z","volume":32000,"price":8.95,"category":"ubbull"},{"type":"A","date":"2018-03-14T06:20:39.000Z","volume":30000,"price":8.95,"category":"ubbull"},{"type":"A","date":"2018-03-14T06:20:10.000Z","volume":20000,"price":8.94,"category":"ubbull"},{"type":"A","date":"2018-03-14T06:20:10.000Z","volume":20000,"price":8.94,"category":"ubbull"},{"type":"A","date":"2018-03-14T06:19:20.000Z","volume":30000,"price":8.94,"category":"ubbull"},{"type":"A","date":"2018-03-14T06:17:24.000Z","volume":40000,"price":8.94,"category":"ubbull"},{"type":"A","date":"2018-03-14T06:12:44.000Z","volume":29000,"price":8.95,"category":"ubbull"},{"type":"A","date":"2018-03-14T06:11:17.000Z","volume":30000,"price":8.95,"category":"ubbull"},{"type":"A","date":"2018-03-14T06:09:34.000Z","volume":19000,"price":8.96,"category":"ubbull"},{"type":"A","date":"2018-03-14T06:04:06.000Z","volume":25000,"price":8.97,"category":"ubbull"},{"type":"A","date":"2018-03-14T06:02:52.000Z","volume":33000,"price":8.97,"category":"ubbull"},{"type":"A","date":"2018-03-14T06:02:45.000Z","volume":30000,"price":8.97,"category":"ubbull"},{"type":"A","date":"2018-03-14T06:02:21.000Z","volume":29000,"price":8.97,"category":"ubbull"},{"type":"A","date":"2018-03-14T06:02:11.000Z","volume":30000,"price":8.97,"category":"ubbull"},{"type":"A","date":"2018-03-14T06:02:03.000Z","volume":50000,"price":8.97,"category":"ubbull"},{"type":"A","date":"2018-03-14T06:00:17.000Z","volume":20000,"price":8.97,"category":"ubbull"},{"type":"A","date":"2018-03-14T05:58:50.000Z","volume":30000,"price":8.97,"category":"ubbull"},{"type":"A","date":"2018-03-14T05:47:28.000Z","volume":20000,"price":8.97,"category":"ubbull"},{"type":"A","date":"2018-03-14T05:46:22.000Z","volume":20000,"price":8.97,"category":"ubbull"},{"type":"A","date":"2018-03-14T05:46:09.000Z","volume":20000,"price":8.97,"category":"ubbull"},{"type":"A","date":"2018-03-14T05:41:50.000Z","volume":25000,"price":8.97,"category":"ubbull"},{"type":"A","date":"2018-03-14T05:40:27.000Z","volume":44000,"price":8.97,"category":"ubbull"},{"type":"A","date":"2018-03-14T05:30:31.000Z","volume":28000,"price":8.97,"category":"ubbull"},{"type":"A","date":"2018-03-14T05:28:31.000Z","volume":20000,"price":8.97,"category":"ubbull"},{"type":"A","date":"2018-03-14T05:28:04.000Z","volume":20000,"price":8.97,"category":"ubbull"},{"type":"A","date":"2018-03-14T05:27:55.000Z","volume":50000,"price":8.97,"category":"ubbull"},{"type":"A","date":"2018-03-14T05:26:47.000Z","volume":31000,"price":8.97,"category":"ubbull"},{"type":"A","date":"2018-03-14T05:24:54.000Z","volume":47000,"price":8.97,"category":"ubbull"},{"type":"A","date":"2018-03-14T05:23:17.000Z","volume":20000,"price":8.97,"category":"ubbull"},{"type":"A","date":"2018-03-14T05:22:52.000Z","volume":25000,"price":8.97,"category":"ubbull"},{"type":"A","date":"2018-03-14T05:16:44.000Z","volume":40000,"price":8.98,"category":"ubbull"},{"type":"A","date":"2018-03-14T05:16:28.000Z","volume":20000,"price":8.98,"category":"ubbull"},{"type":"A","date":"2018-03-14T05:15:23.000Z","volume":20000,"price":8.98,"category":"ubbull"},{"type":"A","date":"2018-03-14T05:15:04.000Z","volume":20000,"price":8.98,"category":"ubbull"},{"type":"A","date":"2018-03-14T05:14:18.000Z","volume":20000,"price":9,"category":"ubbull"},{"type":"A","date":"2018-03-14T05:12:14.000Z","volume":20000,"price":8.98,"category":"ubbull"},{"type":"A","date":"2018-03-14T05:11:54.000Z","volume":20000,"price":8.97,"category":"ubbull"},{"type":"A","date":"2018-03-14T05:11:52.000Z","volume":20000,"price":8.97,"category":"ubbull"},{"type":"A","date":"2018-03-14T03:57:42.000Z","volume":20000,"price":8.98,"category":"ubbull"},{"type":"A","date":"2018-03-14T03:53:35.000Z","volume":40000,"price":8.98,"category":"ubbull"},{"type":"A","date":"2018-03-14T03:52:41.000Z","volume":20000,"price":8.98,"category":"ubbull"},{"type":"A","date":"2018-03-14T03:50:35.000Z","volume":19000,"price":8.98,"category":"ubbull"},{"type":"A","date":"2018-03-14T03:49:25.000Z","volume":25000,"price":8.98,"category":"ubbull"},{"type":"A","date":"2018-03-14T03:47:01.000Z","volume":24000,"price":8.98,"category":"ubbull"},{"type":"A","date":"2018-03-14T03:45:56.000Z","volume":47000,"price":8.98,"category":"ubbull"},{"type":"A","date":"2018-03-14T03:45:43.000Z","volume":19000,"price":8.98,"category":"ubbull"},{"type":"A","date":"2018-03-14T03:44:13.000Z","volume":35000,"price":8.99,"category":"ubbull"},{"type":"A","date":"2018-03-14T03:43:38.000Z","volume":30000,"price":8.99,"category":"ubbull"},{"type":"A","date":"2018-03-14T03:41:36.000Z","volume":20000,"price":9,"category":"ubbull"},{"type":"A","date":"2018-03-14T03:40:09.000Z","volume":19000,"price":8.99,"category":"ubbull"},{"type":"A","date":"2018-03-14T03:37:53.000Z","volume":20000,"price":9,"category":"ubbull"},{"type":"A","date":"2018-03-14T03:37:12.000Z","volume":21000,"price":9,"category":"ubbull"},{"type":"A","date":"2018-03-14T03:36:39.000Z","volume":20000,"price":9,"category":"ubbull"},{"type":"A","date":"2018-03-14T03:34:20.000Z","volume":19000,"price":9,"category":"ubbull"},{"type":"A","date":"2018-03-14T03:31:55.000Z","volume":22000,"price":9,"category":"ubbull"},{"type":"A","date":"2018-03-14T03:31:36.000Z","volume":20000,"price":9,"category":"ubbull"},{"type":"A","date":"2018-03-14T03:16:09.000Z","volume":20000,"price":9,"category":"ubbull"},{"type":"A","date":"2018-03-14T03:08:02.000Z","volume":24000,"price":9,"category":"ubbull"},{"type":"A","date":"2018-03-14T03:07:00.000Z","volume":22000,"price":8.98,"category":"ubbull"},{"type":"A","date":"2018-03-14T03:07:00.000Z","volume":25000,"price":8.98,"category":"ubbull"},{"type":"A","date":"2018-03-14T03:05:40.000Z","volume":26000,"price":8.97,"category":"ubbull"},{"type":"A","date":"2018-03-14T03:01:22.000Z","volume":20000,"price":8.98,"category":"ubbull"},{"type":"A","date":"2018-03-14T02:58:05.000Z","volume":30000,"price":8.97,"category":"ubbull"},{"type":"A","date":"2018-03-14T02:55:31.000Z","volume":21000,"price":8.98,"category":"ubbull"},{"type":"A","date":"2018-03-14T02:53:27.000Z","volume":20000,"price":8.98,"category":"ubbull"},{"type":"A","date":"2018-03-14T02:46:44.000Z","volume":19000,"price":8.93,"category":"ubbull"},{"type":"A","date":"2018-03-14T02:36:40.000Z","volume":22000,"price":8.9,"category":"ubbull"},{"type":"A","date":"2018-03-14T02:34:06.000Z","volume":20000,"price":8.9,"category":"ubbull"},{"type":"A","date":"2018-03-14T02:32:33.000Z","volume":19000,"price":8.9,"category":"ubbull"},{"type":"A","date":"2018-03-14T02:31:43.000Z","volume":20000,"price":8.9,"category":"ubbull"},{"type":"A","date":"2018-03-14T02:29:48.000Z","volume":20000,"price":8.9,"category":"ubbull"},{"type":"A","date":"2018-03-14T02:27:16.000Z","volume":20000,"price":8.91,"category":"ubbull"},{"type":"A","date":"2018-03-14T02:27:04.000Z","volume":20000,"price":8.91,"category":"ubbull"},{"type":"A","date":"2018-03-14T02:26:51.000Z","volume":26000,"price":8.9,"category":"ubbull"},{"type":"A","date":"2018-03-14T02:24:46.000Z","volume":20000,"price":8.9,"category":"ubbull"},{"type":"A","date":"2018-03-14T02:22:00.000Z","volume":20000,"price":8.9,"category":"ubbull"},{"type":"A","date":"2018-03-14T02:20:37.000Z","volume":30000,"price":8.92,"category":"ubbull"},{"type":"A","date":"2018-03-14T02:06:11.000Z","volume":27000,"price":8.92,"category":"ubbull"},{"type":"A","date":"2018-03-14T02:03:53.000Z","volume":20000,"price":8.91,"category":"ubbull"},{"type":"A","date":"2018-03-14T07:59:52.000Z","volume":14000,"price":9.03,"category":"bbull"},{"type":"A","date":"2018-03-14T07:57:55.000Z","volume":13000,"price":8.99,"category":"bbull"},{"type":"A","date":"2018-03-14T07:57:55.000Z","volume":17000,"price":8.98,"category":"bbull"},{"type":"A","date":"2018-03-14T07:57:49.000Z","volume":10000,"price":8.98,"category":"bbull"},{"type":"A","date":"2018-03-14T07:57:43.000Z","volume":10000,"price":8.98,"category":"bbull"},{"type":"A","date":"2018-03-14T07:57:29.000Z","volume":14000,"price":8.97,"category":"bbull"},{"type":"A","date":"2018-03-14T07:47:51.000Z","volume":10000,"price":8.97,"category":"bbull"},{"type":"A","date":"2018-03-14T07:44:57.000Z","volume":16000,"price":8.97,"category":"bbull"},{"type":"A","date":"2018-03-14T07:29:13.000Z","volume":10000,"price":8.97,"category":"bbull"},{"type":"A","date":"2018-03-14T07:21:34.000Z","volume":10000,"price":8.97,"category":"bbull"},{"type":"A","date":"2018-03-14T07:21:13.000Z","volume":16000,"price":8.97,"category":"bbull"},{"type":"A","date":"2018-03-14T07:18:41.000Z","volume":16000,"price":8.97,"category":"bbull"},{"type":"A","date":"2018-03-14T07:14:22.000Z","volume":16000,"price":8.97,"category":"bbull"},{"type":"A","date":"2018-03-14T07:14:01.000Z","volume":10000,"price":8.97,"category":"bbull"},{"type":"A","date":"2018-03-14T07:11:17.000Z","volume":15000,"price":8.97,"category":"bbull"},{"type":"A","date":"2018-03-14T07:10:33.000Z","volume":15000,"price":8.97,"category":"bbull"},{"type":"A","date":"2018-03-14T07:07:57.000Z","volume":15000,"price":8.98,"category":"bbull"},{"type":"A","date":"2018-03-14T07:07:32.000Z","volume":9000,"price":8.99,"category":"bbull"},{"type":"A","date":"2018-03-14T07:04:25.000Z","volume":15000,"price":9,"category":"bbull"},{"type":"A","date":"2018-03-14T07:02:59.000Z","volume":16000,"price":8.98,"category":"bbull"},{"type":"A","date":"2018-03-14T07:02:19.000Z","volume":12000,"price":8.97,"category":"bbull"},{"type":"A","date":"2018-03-14T07:01:58.000Z","volume":11000,"price":8.97,"category":"bbull"},{"type":"A","date":"2018-03-14T07:01:27.000Z","volume":11000,"price":8.98,"category":"bbull"},{"type":"A","date":"2018-03-14T07:00:29.000Z","volume":10000,"price":8.97,"category":"bbull"},{"type":"A","date":"2018-03-14T06:59:00.000Z","volume":10000,"price":8.97,"category":"bbull"},{"type":"A","date":"2018-03-14T06:58:35.000Z","volume":15000,"price":8.98,"category":"bbull"},{"type":"A","date":"2018-03-14T06:58:17.000Z","volume":10000,"price":8.97,"category":"bbull"},{"type":"A","date":"2018-03-14T06:58:16.000Z","volume":10000,"price":8.97,"category":"bbull"},{"type":"A","date":"2018-03-14T06:56:52.000Z","volume":10000,"price":8.97,"category":"bbull"},{"type":"A","date":"2018-03-14T06:56:31.000Z","volume":15000,"price":8.97,"category":"bbull"},{"type":"A","date":"2018-03-14T06:27:41.000Z","volume":10000,"price":8.99,"category":"bbull"},{"type":"A","date":"2018-03-14T06:27:40.000Z","volume":10000,"price":8.99,"category":"bbull"},{"type":"A","date":"2018-03-14T06:22:55.000Z","volume":10000,"price":8.97,"category":"bbull"},{"type":"A","date":"2018-03-14T06:20:22.000Z","volume":10000,"price":8.94,"category":"bbull"},{"type":"A","date":"2018-03-14T06:20:22.000Z","volume":14000,"price":8.94,"category":"bbull"},{"type":"A","date":"2018-03-14T06:17:12.000Z","volume":13000,"price":8.94,"category":"bbull"},{"type":"A","date":"2018-03-14T06:16:57.000Z","volume":12000,"price":8.94,"category":"bbull"},{"type":"A","date":"2018-03-14T06:12:44.000Z","volume":11000,"price":8.95,"category":"bbull"},{"type":"A","date":"2018-03-14T06:10:56.000Z","volume":9000,"price":8.95,"category":"bbull"},{"type":"A","date":"2018-03-14T06:02:50.000Z","volume":12000,"price":8.97,"category":"bbull"},{"type":"A","date":"2018-03-14T06:01:57.000Z","volume":12000,"price":8.97,"category":"bbull"},{"type":"A","date":"2018-03-14T05:59:36.000Z","volume":15000,"price":8.97,"category":"bbull"},{"type":"A","date":"2018-03-14T05:50:30.000Z","volume":10000,"price":8.97,"category":"bbull"},{"type":"A","date":"2018-03-14T05:48:13.000Z","volume":10000,"price":8.97,"category":"bbull"},{"type":"A","date":"2018-03-14T05:47:59.000Z","volume":10000,"price":8.97,"category":"bbull"},{"type":"A","date":"2018-03-14T05:46:53.000Z","volume":10000,"price":8.97,"category":"bbull"},{"type":"A","date":"2018-03-14T05:42:28.000Z","volume":10000,"price":8.97,"category":"bbull"},{"type":"A","date":"2018-03-14T05:38:31.000Z","volume":10000,"price":8.97,"category":"bbull"},{"type":"A","date":"2018-03-14T05:30:10.000Z","volume":10000,"price":8.97,"category":"bbull"},{"type":"A","date":"2018-03-14T05:30:08.000Z","volume":10000,"price":8.97,"category":"bbull"},{"type":"A","date":"2018-03-14T05:28:06.000Z","volume":9000,"price":8.97,"category":"bbull"},{"type":"A","date":"2018-03-14T05:24:21.000Z","volume":10000,"price":8.98,"category":"bbull"},{"type":"A","date":"2018-03-14T05:23:12.000Z","volume":12000,"price":8.97,"category":"bbull"},{"type":"A","date":"2018-03-14T05:22:50.000Z","volume":13000,"price":8.97,"category":"bbull"},{"type":"A","date":"2018-03-14T05:22:45.000Z","volume":12000,"price":8.97,"category":"bbull"},{"type":"A","date":"2018-03-14T05:22:09.000Z","volume":9000,"price":8.97,"category":"bbull"},{"type":"A","date":"2018-03-14T05:20:34.000Z","volume":10000,"price":8.97,"category":"bbull"},{"type":"A","date":"2018-03-14T05:20:30.000Z","volume":10000,"price":8.97,"category":"bbull"},{"type":"A","date":"2018-03-14T05:18:23.000Z","volume":15000,"price":8.98,"category":"bbull"},{"type":"A","date":"2018-03-14T05:17:03.000Z","volume":10000,"price":8.98,"category":"bbull"},{"type":"A","date":"2018-03-14T05:16:55.000Z","volume":10000,"price":8.98,"category":"bbull"},{"type":"A","date":"2018-03-14T05:15:57.000Z","volume":9000,"price":8.97,"category":"bbull"},{"type":"A","date":"2018-03-14T05:12:51.000Z","volume":10000,"price":9,"category":"bbull"},{"type":"A","date":"2018-03-14T05:11:30.000Z","volume":11000,"price":8.97,"category":"bbull"},{"type":"A","date":"2018-03-14T05:10:44.000Z","volume":11000,"price":8.97,"category":"bbull"},{"type":"A","date":"2018-03-14T03:55:50.000Z","volume":10000,"price":8.98,"category":"bbull"},{"type":"A","date":"2018-03-14T03:54:57.000Z","volume":10000,"price":8.99,"category":"bbull"},{"type":"A","date":"2018-03-14T03:54:03.000Z","volume":11000,"price":8.98,"category":"bbull"},{"type":"A","date":"2018-03-14T03:53:29.000Z","volume":13000,"price":8.99,"category":"bbull"},{"type":"A","date":"2018-03-14T03:53:29.000Z","volume":17000,"price":8.99,"category":"bbull"},{"type":"A","date":"2018-03-14T03:53:24.000Z","volume":10000,"price":8.98,"category":"bbull"},{"type":"A","date":"2018-03-14T03:53:00.000Z","volume":10000,"price":8.98,"category":"bbull"},{"type":"A","date":"2018-03-14T03:47:40.000Z","volume":17000,"price":8.99,"category":"bbull"},{"type":"A","date":"2018-03-14T03:45:58.000Z","volume":16000,"price":8.98,"category":"bbull"},{"type":"A","date":"2018-03-14T03:41:36.000Z","volume":12000,"price":9,"category":"bbull"},{"type":"A","date":"2018-03-14T03:39:58.000Z","volume":13000,"price":8.99,"category":"bbull"},{"type":"A","date":"2018-03-14T03:34:37.000Z","volume":9000,"price":9,"category":"bbull"},{"type":"A","date":"2018-03-14T03:33:04.000Z","volume":14000,"price":9,"category":"bbull"},{"type":"A","date":"2018-03-14T03:32:50.000Z","volume":12000,"price":9,"category":"bbull"},{"type":"A","date":"2018-03-14T03:30:47.000Z","volume":13000,"price":8.99,"category":"bbull"},{"type":"A","date":"2018-03-14T03:15:00.000Z","volume":15000,"price":9.01,"category":"bbull"},{"type":"A","date":"2018-03-14T03:13:44.000Z","volume":10000,"price":9,"category":"bbull"},{"type":"A","date":"2018-03-14T03:13:24.000Z","volume":10000,"price":9.01,"category":"bbull"},{"type":"A","date":"2018-03-14T03:13:05.000Z","volume":10000,"price":9,"category":"bbull"},{"type":"A","date":"2018-03-14T03:12:54.000Z","volume":15000,"price":9,"category":"bbull"},{"type":"A","date":"2018-03-14T03:06:31.000Z","volume":10000,"price":8.97,"category":"bbull"},{"type":"A","date":"2018-03-14T03:06:23.000Z","volume":10000,"price":8.97,"category":"bbull"},{"type":"A","date":"2018-03-14T03:06:20.000Z","volume":10000,"price":8.97,"category":"bbull"},{"type":"A","date":"2018-03-14T03:04:59.000Z","volume":15000,"price":8.97,"category":"bbull"},{"type":"A","date":"2018-03-14T03:03:43.000Z","volume":14000,"price":8.97,"category":"bbull"},{"type":"A","date":"2018-03-14T03:03:41.000Z","volume":16000,"price":8.97,"category":"bbull"},{"type":"A","date":"2018-03-14T03:03:23.000Z","volume":10000,"price":8.98,"category":"bbull"},{"type":"A","date":"2018-03-14T02:56:34.000Z","volume":15000,"price":8.98,"category":"bbull"},{"type":"A","date":"2018-03-14T02:55:53.000Z","volume":12000,"price":8.98,"category":"bbull"},{"type":"A","date":"2018-03-14T02:55:14.000Z","volume":10000,"price":8.98,"category":"bbull"},{"type":"A","date":"2018-03-14T02:53:39.000Z","volume":10000,"price":8.98,"category":"bbull"},{"type":"A","date":"2018-03-14T02:52:47.000Z","volume":10000,"price":8.98,"category":"bbull"},{"type":"A","date":"2018-03-14T02:51:03.000Z","volume":10000,"price":8.97,"category":"bbull"},{"type":"A","date":"2018-03-14T02:50:45.000Z","volume":10000,"price":8.96,"category":"bbull"},{"type":"A","date":"2018-03-14T02:49:03.000Z","volume":14000,"price":8.95,"category":"bbull"},{"type":"A","date":"2018-03-14T02:48:28.000Z","volume":15000,"price":8.95,"category":"bbull"},{"type":"A","date":"2018-03-14T02:47:00.000Z","volume":15000,"price":8.93,"category":"bbull"},{"type":"A","date":"2018-03-14T02:36:51.000Z","volume":10000,"price":8.91,"category":"bbull"},{"type":"A","date":"2018-03-14T02:36:12.000Z","volume":9000,"price":8.9,"category":"bbull"},{"type":"A","date":"2018-03-14T02:32:24.000Z","volume":10000,"price":8.9,"category":"bbull"},{"type":"A","date":"2018-03-14T02:29:08.000Z","volume":14000,"price":8.9,"category":"bbull"},{"type":"A","date":"2018-03-14T02:27:45.000Z","volume":10000,"price":8.9,"category":"bbull"},{"type":"A","date":"2018-03-14T02:20:16.000Z","volume":11000,"price":8.92,"category":"bbull"},{"type":"A","date":"2018-03-14T02:18:11.000Z","volume":15000,"price":8.93,"category":"bbull"},{"type":"A","date":"2018-03-14T02:17:38.000Z","volume":11000,"price":8.92,"category":"bbull"},{"type":"A","date":"2018-03-14T02:17:16.000Z","volume":10000,"price":8.93,"category":"bbull"},{"type":"A","date":"2018-03-14T02:11:13.000Z","volume":14000,"price":8.93,"category":"bbull"},{"type":"A","date":"2018-03-14T02:03:31.000Z","volume":15000,"price":8.9,"category":"bbull"},{"type":"A","date":"2018-03-14T02:02:48.000Z","volume":13000,"price":8.9,"category":"bbull"},{"type":"A","date":"2018-03-14T02:01:50.000Z","volume":11000,"price":8.89,"category":"bbull"},{"type":"A","date":"2018-03-14T02:01:15.000Z","volume":10000,"price":8.89,"category":"bbull"},{"type":"A","date":"2018-03-14T02:01:06.000Z","volume":10000,"price":8.89,"category":"bbull"},{"type":"A","date":"2018-03-14T02:00:14.000Z","volume":16000,"price":8.89,"category":"bbull"},{"type":"A","date":"2018-03-14T01:58:53.000Z","volume":14000,"price":8.89,"category":"bbull"},{"type":"A","date":"2018-03-14T01:31:33.000Z","volume":9000,"price":8.93,"category":"bbull"},{"type":"A","date":"2018-03-14T07:58:00.000Z","volume":1000,"price":8.99,"category":"rbull"},{"type":"A","date":"2018-03-14T07:57:57.000Z","volume":1000,"price":8.99,"category":"rbull"},{"type":"A","date":"2018-03-14T07:57:56.000Z","volume":1000,"price":8.99,"category":"rbull"},{"type":"A","date":"2018-03-14T07:57:50.000Z","volume":1000,"price":8.98,"category":"rbull"},{"type":"A","date":"2018-03-14T07:57:45.000Z","volume":1000,"price":8.98,"category":"rbull"},{"type":"A","date":"2018-03-14T07:57:44.000Z","volume":1000,"price":8.98,"category":"rbull"},{"type":"A","date":"2018-03-14T07:57:44.000Z","volume":1000,"price":8.98,"category":"rbull"},{"type":"A","date":"2018-03-14T07:57:30.000Z","volume":1000,"price":8.98,"category":"rbull"},{"type":"A","date":"2018-03-14T07:57:25.000Z","volume":1000,"price":8.97,"category":"rbull"},{"type":"A","date":"2018-03-14T07:57:02.000Z","volume":1000,"price":8.97,"category":"rbull"},{"type":"A","date":"2018-03-14T07:57:02.000Z","volume":1000,"price":8.97,"category":"rbull"},{"type":"A","date":"2018-03-14T07:56:47.000Z","volume":1000,"price":8.97,"category":"rbull"},{"type":"A","date":"2018-03-14T07:56:17.000Z","volume":1000,"price":8.97,"category":"rbull"},{"type":"A","date":"2018-03-14T07:55:47.000Z","volume":1000,"price":8.97,"category":"rbull"},{"type":"A","date":"2018-03-14T07:50:47.000Z","volume":1000,"price":8.97,"category":"rbull"},{"type":"A","date":"2018-03-14T07:24:32.000Z","volume":1000,"price":8.97,"category":"rbull"},{"type":"A","date":"2018-03-14T07:10:33.000Z","volume":1000,"price":8.97,"category":"rbull"},{"type":"A","date":"2018-03-14T07:03:17.000Z","volume":1000,"price":8.98,"category":"rbull"},{"type":"A","date":"2018-03-14T06:57:32.000Z","volume":1000,"price":8.96,"category":"rbull"},{"type":"A","date":"2018-03-14T06:56:52.000Z","volume":1000,"price":8.97,"category":"rbull"},{"type":"A","date":"2018-03-14T06:56:32.000Z","volume":1000,"price":8.97,"category":"rbull"},{"type":"A","date":"2018-03-14T06:55:17.000Z","volume":1000,"price":8.97,"category":"rbull"},{"type":"A","date":"2018-03-14T06:54:47.000Z","volume":1000,"price":8.97,"category":"rbull"},{"type":"A","date":"2018-03-14T06:54:17.000Z","volume":1000,"price":8.97,"category":"rbull"},{"type":"A","date":"2018-03-14T06:53:52.000Z","volume":1000,"price":8.97,"category":"rbull"},{"type":"A","date":"2018-03-14T06:53:32.000Z","volume":1000,"price":8.97,"category":"rbull"},{"type":"A","date":"2018-03-14T06:49:32.000Z","volume":1000,"price":8.96,"category":"rbull"},{"type":"A","date":"2018-03-14T06:44:32.000Z","volume":1000,"price":8.96,"category":"rbull"},{"type":"A","date":"2018-03-14T06:44:32.000Z","volume":1000,"price":8.96,"category":"rbull"},{"type":"A","date":"2018-03-14T06:43:02.000Z","volume":1000,"price":8.98,"category":"rbull"},{"type":"A","date":"2018-03-14T06:38:48.000Z","volume":1000,"price":8.97,"category":"rbull"},{"type":"A","date":"2018-03-14T06:38:47.000Z","volume":1000,"price":8.97,"category":"rbull"},{"type":"A","date":"2018-03-14T06:38:47.000Z","volume":1000,"price":8.97,"category":"rbull"},{"type":"A","date":"2018-03-14T06:38:47.000Z","volume":1000,"price":8.97,"category":"rbull"},{"type":"A","date":"2018-03-14T06:38:47.000Z","volume":1000,"price":8.97,"category":"rbull"},{"type":"A","date":"2018-03-14T06:38:35.000Z","volume":1000,"price":8.97,"category":"rbull"},{"type":"A","date":"2018-03-14T06:37:32.000Z","volume":1000,"price":8.97,"category":"rbull"},{"type":"A","date":"2018-03-14T06:37:17.000Z","volume":1000,"price":8.97,"category":"rbull"},{"type":"A","date":"2018-03-14T06:37:02.000Z","volume":1000,"price":8.97,"category":"rbull"},{"type":"A","date":"2018-03-14T06:35:32.000Z","volume":1000,"price":8.97,"category":"rbull"},{"type":"A","date":"2018-03-14T06:35:17.000Z","volume":1000,"price":8.97,"category":"rbull"},{"type":"A","date":"2018-03-14T06:35:02.000Z","volume":1000,"price":8.97,"category":"rbull"},{"type":"A","date":"2018-03-14T06:34:47.000Z","volume":1000,"price":8.97,"category":"rbull"},{"type":"A","date":"2018-03-14T06:34:32.000Z","volume":1000,"price":8.97,"category":"rbull"},{"type":"A","date":"2018-03-14T06:29:22.000Z","volume":1000,"price":8.98,"category":"rbull"},{"type":"A","date":"2018-03-14T06:29:22.000Z","volume":1000,"price":8.98,"category":"rbull"},{"type":"A","date":"2018-03-14T06:23:22.000Z","volume":1000,"price":8.98,"category":"rbull"},{"type":"A","date":"2018-03-14T06:23:07.000Z","volume":1000,"price":8.98,"category":"rbull"},{"type":"A","date":"2018-03-14T06:23:02.000Z","volume":1000,"price":8.98,"category":"rbull"},{"type":"A","date":"2018-03-14T06:21:48.000Z","volume":1000,"price":8.96,"category":"rbull"},{"type":"A","date":"2018-03-14T06:21:22.000Z","volume":1000,"price":8.96,"category":"rbull"},{"type":"A","date":"2018-03-14T06:21:02.000Z","volume":1000,"price":8.96,"category":"rbull"},{"type":"A","date":"2018-03-14T06:21:02.000Z","volume":1000,"price":8.96,"category":"rbull"},{"type":"A","date":"2018-03-14T06:20:32.000Z","volume":1000,"price":8.94,"category":"rbull"},{"type":"A","date":"2018-03-14T06:20:32.000Z","volume":1000,"price":8.94,"category":"rbull"},{"type":"A","date":"2018-03-14T06:20:32.000Z","volume":1000,"price":8.94,"category":"rbull"},{"type":"A","date":"2018-03-14T06:20:17.000Z","volume":1000,"price":8.94,"category":"rbull"},{"type":"A","date":"2018-03-14T06:20:17.000Z","volume":1000,"price":8.94,"category":"rbull"},{"type":"A","date":"2018-03-14T06:19:17.000Z","volume":1000,"price":8.94,"category":"rbull"},{"type":"A","date":"2018-03-14T06:19:17.000Z","volume":1000,"price":8.94,"category":"rbull"},{"type":"A","date":"2018-03-14T06:19:17.000Z","volume":1000,"price":8.94,"category":"rbull"},{"type":"A","date":"2018-03-14T06:18:17.000Z","volume":1000,"price":8.94,"category":"rbull"},{"type":"A","date":"2018-03-14T06:17:17.000Z","volume":1000,"price":8.94,"category":"rbull"},{"type":"A","date":"2018-03-14T06:14:32.000Z","volume":1000,"price":8.95,"category":"rbull"},{"type":"A","date":"2018-03-14T06:14:32.000Z","volume":1000,"price":8.95,"category":"rbull"},{"type":"A","date":"2018-03-14T06:10:57.000Z","volume":1000,"price":8.95,"category":"rbull"},{"type":"A","date":"2018-03-14T06:07:32.000Z","volume":1000,"price":8.97,"category":"rbull"},{"type":"A","date":"2018-03-14T06:07:17.000Z","volume":1000,"price":8.97,"category":"rbull"},{"type":"A","date":"2018-03-14T06:07:02.000Z","volume":1000,"price":8.97,"category":"rbull"},{"type":"A","date":"2018-03-14T06:06:37.000Z","volume":1000,"price":8.97,"category":"rbull"},{"type":"A","date":"2018-03-14T06:06:22.000Z","volume":1000,"price":8.97,"category":"rbull"},{"type":"A","date":"2018-03-14T06:05:32.000Z","volume":1000,"price":8.97,"category":"rbull"},{"type":"A","date":"2018-03-14T06:04:47.000Z","volume":1000,"price":8.97,"category":"rbull"},{"type":"A","date":"2018-03-14T06:04:47.000Z","volume":1000,"price":8.97,"category":"rbull"},{"type":"A","date":"2018-03-14T06:04:02.000Z","volume":1000,"price":8.97,"category":"rbull"},{"type":"A","date":"2018-03-14T06:04:02.000Z","volume":1000,"price":8.97,"category":"rbull"},{"type":"A","date":"2018-03-14T06:03:37.000Z","volume":1000,"price":8.97,"category":"rbull"},{"type":"A","date":"2018-03-14T06:03:02.000Z","volume":1000,"price":8.97,"category":"rbull"},{"type":"A","date":"2018-03-14T06:03:02.000Z","volume":1000,"price":8.97,"category":"rbull"},{"type":"A","date":"2018-03-14T06:02:32.000Z","volume":1000,"price":8.97,"category":"rbull"},{"type":"A","date":"2018-03-14T06:02:29.000Z","volume":1000,"price":8.97,"category":"rbull"},{"type":"A","date":"2018-03-14T06:02:17.000Z","volume":1000,"price":8.97,"category":"rbull"},{"type":"A","date":"2018-03-14T06:02:02.000Z","volume":1000,"price":8.97,"category":"rbull"},{"type":"A","date":"2018-03-14T06:01:32.000Z","volume":1000,"price":8.97,"category":"rbull"},{"type":"A","date":"2018-03-14T06:01:32.000Z","volume":1000,"price":8.97,"category":"rbull"},{"type":"A","date":"2018-03-14T06:01:07.000Z","volume":1000,"price":8.97,"category":"rbull"},{"type":"A","date":"2018-03-14T06:00:52.000Z","volume":1000,"price":8.97,"category":"rbull"},{"type":"A","date":"2018-03-14T06:00:37.000Z","volume":1000,"price":8.97,"category":"rbull"},{"type":"A","date":"2018-03-14T06:00:18.000Z","volume":1000,"price":8.97,"category":"rbull"},{"type":"A","date":"2018-03-14T06:00:02.000Z","volume":1000,"price":8.97,"category":"rbull"},{"type":"A","date":"2018-03-14T05:59:47.000Z","volume":1000,"price":8.97,"category":"rbull"},{"type":"A","date":"2018-03-14T05:59:32.000Z","volume":1000,"price":8.97,"category":"rbull"},{"type":"A","date":"2018-03-14T05:59:02.000Z","volume":1000,"price":8.97,"category":"rbull"},{"type":"A","date":"2018-03-14T05:59:02.000Z","volume":1000,"price":8.97,"category":"rbull"},{"type":"A","date":"2018-03-14T05:58:37.000Z","volume":1000,"price":8.97,"category":"rbull"},{"type":"A","date":"2018-03-14T05:58:17.000Z","volume":1000,"price":8.97,"category":"rbull"},{"type":"A","date":"2018-03-14T05:58:02.000Z","volume":1000,"price":8.97,"category":"rbull"},{"type":"A","date":"2018-03-14T05:57:47.000Z","volume":1000,"price":8.97,"category":"rbull"},{"type":"A","date":"2018-03-14T05:56:47.000Z","volume":1000,"price":8.97,"category":"rbull"},{"type":"A","date":"2018-03-14T05:56:32.000Z","volume":1000,"price":8.97,"category":"rbull"},{"type":"A","date":"2018-03-14T05:55:32.000Z","volume":1000,"price":8.97,"category":"rbull"},{"type":"A","date":"2018-03-14T05:55:17.000Z","volume":1000,"price":8.97,"category":"rbull"},{"type":"A","date":"2018-03-14T05:54:52.000Z","volume":1000,"price":8.97,"category":"rbull"},{"type":"A","date":"2018-03-14T05:54:32.000Z","volume":1000,"price":8.97,"category":"rbull"},{"type":"A","date":"2018-03-14T05:54:17.000Z","volume":1000,"price":8.97,"category":"rbull"},{"type":"A","date":"2018-03-14T05:53:52.000Z","volume":1000,"price":8.97,"category":"rbull"},{"type":"A","date":"2018-03-14T05:53:32.000Z","volume":1000,"price":8.97,"category":"rbull"},{"type":"A","date":"2018-03-14T05:52:32.000Z","volume":1000,"price":8.97,"category":"rbull"},{"type":"A","date":"2018-03-14T05:52:07.000Z","volume":1000,"price":8.97,"category":"rbull"},{"type":"A","date":"2018-03-14T05:51:47.000Z","volume":1000,"price":8.97,"category":"rbull"},{"type":"A","date":"2018-03-14T05:51:32.000Z","volume":1000,"price":8.97,"category":"rbull"},{"type":"A","date":"2018-03-14T05:51:07.000Z","volume":1000,"price":8.97,"category":"rbull"},{"type":"A","date":"2018-03-14T05:50:47.000Z","volume":1000,"price":8.97,"category":"rbull"},{"type":"A","date":"2018-03-14T05:50:22.000Z","volume":1000,"price":8.97,"category":"rbull"},{"type":"A","date":"2018-03-14T05:50:02.000Z","volume":1000,"price":8.97,"category":"rbull"},{"type":"A","date":"2018-03-14T05:49:37.000Z","volume":1000,"price":8.97,"category":"rbull"},{"type":"A","date":"2018-03-14T05:49:17.000Z","volume":1000,"price":8.97,"category":"rbull"},{"type":"A","date":"2018-03-14T05:48:52.000Z","volume":1000,"price":8.97,"category":"rbull"},{"type":"A","date":"2018-03-14T05:48:32.000Z","volume":1000,"price":8.97,"category":"rbull"},{"type":"A","date":"2018-03-14T05:48:02.000Z","volume":1000,"price":8.97,"category":"rbull"},{"type":"A","date":"2018-03-14T05:47:47.000Z","volume":1000,"price":8.97,"category":"rbull"},{"type":"A","date":"2018-03-14T05:47:17.000Z","volume":1000,"price":8.97,"category":"rbull"},{"type":"A","date":"2018-03-14T05:46:52.000Z","volume":1000,"price":8.97,"category":"rbull"},{"type":"A","date":"2018-03-14T05:46:32.000Z","volume":1000,"price":8.97,"category":"rbull"},{"type":"A","date":"2018-03-14T05:46:02.000Z","volume":1000,"price":8.97,"category":"rbull"},{"type":"A","date":"2018-03-14T05:43:36.000Z","volume":1000,"price":8.97,"category":"rbull"},{"type":"A","date":"2018-03-14T05:43:36.000Z","volume":1000,"price":8.97,"category":"rbull"},{"type":"A","date":"2018-03-14T05:43:36.000Z","volume":1000,"price":8.97,"category":"rbull"},{"type":"A","date":"2018-03-14T05:43:32.000Z","volume":1000,"price":8.98,"category":"rbull"},{"type":"A","date":"2018-03-14T05:43:02.000Z","volume":1000,"price":8.98,"category":"rbull"},{"type":"A","date":"2018-03-14T05:42:32.000Z","volume":1000,"price":8.98,"category":"rbull"},{"type":"A","date":"2018-03-14T05:40:17.000Z","volume":1000,"price":8.97,"category":"rbull"},{"type":"A","date":"2018-03-14T05:39:47.000Z","volume":1000,"price":8.97,"category":"rbull"},{"type":"A","date":"2018-03-14T05:39:17.000Z","volume":1000,"price":8.97,"category":"rbull"},{"type":"A","date":"2018-03-14T05:38:47.000Z","volume":1000,"price":8.97,"category":"rbull"},{"type":"A","date":"2018-03-14T05:38:17.000Z","volume":1000,"price":8.97,"category":"rbull"},{"type":"A","date":"2018-03-14T05:37:52.000Z","volume":1000,"price":8.97,"category":"rbull"},{"type":"A","date":"2018-03-14T05:37:22.000Z","volume":1000,"price":8.97,"category":"rbull"},{"type":"A","date":"2018-03-14T05:36:52.000Z","volume":1000,"price":8.97,"category":"rbull"},{"type":"A","date":"2018-03-14T05:36:32.000Z","volume":1000,"price":8.97,"category":"rbull"},{"type":"A","date":"2018-03-14T05:36:02.000Z","volume":1000,"price":8.97,"category":"rbull"},{"type":"A","date":"2018-03-14T05:35:32.000Z","volume":1000,"price":8.97,"category":"rbull"},{"type":"A","date":"2018-03-14T05:35:02.000Z","volume":1000,"price":8.97,"category":"rbull"},{"type":"A","date":"2018-03-14T05:34:22.000Z","volume":1000,"price":8.97,"category":"rbull"},{"type":"A","date":"2018-03-14T05:33:52.000Z","volume":1000,"price":8.97,"category":"rbull"},{"type":"A","date":"2018-03-14T05:33:17.000Z","volume":1000,"price":8.97,"category":"rbull"},{"type":"A","date":"2018-03-14T05:32:47.000Z","volume":1000,"price":8.97,"category":"rbull"},{"type":"A","date":"2018-03-14T05:30:17.000Z","volume":1000,"price":8.97,"category":"rbull"},{"type":"A","date":"2018-03-14T05:19:45.000Z","volume":1000,"price":8.97,"category":"rbull"},{"type":"A","date":"2018-03-14T05:19:45.000Z","volume":1000,"price":8.97,"category":"rbull"},{"type":"A","date":"2018-03-14T05:19:45.000Z","volume":1000,"price":8.97,"category":"rbull"},{"type":"A","date":"2018-03-14T05:19:45.000Z","volume":1000,"price":8.97,"category":"rbull"},{"type":"A","date":"2018-03-14T05:19:45.000Z","volume":1000,"price":8.97,"category":"rbull"},{"type":"A","date":"2018-03-14T05:17:17.000Z","volume":1000,"price":8.99,"category":"rbull"},{"type":"A","date":"2018-03-14T05:15:37.000Z","volume":1000,"price":8.99,"category":"rbull"},{"type":"A","date":"2018-03-14T05:15:17.000Z","volume":1000,"price":8.98,"category":"rbull"},{"type":"A","date":"2018-03-14T05:14:02.000Z","volume":1000,"price":9,"category":"rbull"},{"type":"A","date":"2018-03-14T05:13:22.000Z","volume":1000,"price":9,"category":"rbull"},{"type":"A","date":"2018-03-14T05:09:02.000Z","volume":1000,"price":8.98,"category":"rbull"},{"type":"A","date":"2018-03-14T05:08:32.000Z","volume":1000,"price":8.98,"category":"rbull"},{"type":"A","date":"2018-03-14T05:07:52.000Z","volume":1000,"price":8.98,"category":"rbull"},{"type":"A","date":"2018-03-14T05:07:17.000Z","volume":1000,"price":8.98,"category":"rbull"},{"type":"A","date":"2018-03-14T05:04:52.000Z","volume":1000,"price":8.98,"category":"rbull"},{"type":"A","date":"2018-03-14T05:04:17.000Z","volume":1000,"price":8.98,"category":"rbull"},{"type":"A","date":"2018-03-14T05:03:47.000Z","volume":1000,"price":8.99,"category":"rbull"},{"type":"A","date":"2018-03-14T05:03:32.000Z","volume":1000,"price":8.99,"category":"rbull"},{"type":"A","date":"2018-03-14T05:01:47.000Z","volume":1000,"price":8.99,"category":"rbull"},{"type":"A","date":"2018-03-14T05:01:17.000Z","volume":1000,"price":8.99,"category":"rbull"},{"type":"A","date":"2018-03-14T03:59:49.000Z","volume":1000,"price":8.99,"category":"rbull"},{"type":"A","date":"2018-03-14T03:58:47.000Z","volume":1000,"price":8.99,"category":"rbull"},{"type":"A","date":"2018-03-14T03:58:17.000Z","volume":1000,"price":8.99,"category":"rbull"},{"type":"A","date":"2018-03-14T03:57:47.000Z","volume":1000,"price":8.99,"category":"rbull"},{"type":"A","date":"2018-03-14T03:53:25.000Z","volume":1000,"price":8.98,"category":"rbull"},{"type":"A","date":"2018-03-14T03:53:09.000Z","volume":1000,"price":8.97,"category":"rbull"},{"type":"A","date":"2018-03-14T03:53:09.000Z","volume":1000,"price":8.97,"category":"rbull"},{"type":"A","date":"2018-03-14T03:53:09.000Z","volume":1000,"price":8.97,"category":"rbull"},{"type":"A","date":"2018-03-14T03:53:02.000Z","volume":1000,"price":8.98,"category":"rbull"},{"type":"A","date":"2018-03-14T03:52:32.000Z","volume":1000,"price":8.98,"category":"rbull"},{"type":"A","date":"2018-03-14T03:51:47.000Z","volume":1000,"price":8.98,"category":"rbull"},{"type":"A","date":"2018-03-14T03:51:17.000Z","volume":1000,"price":8.98,"category":"rbull"},{"type":"A","date":"2018-03-14T03:50:45.000Z","volume":1000,"price":8.98,"category":"rbull"},{"type":"A","date":"2018-03-14T03:50:32.000Z","volume":1000,"price":8.98,"category":"rbull"},{"type":"A","date":"2018-03-14T03:49:47.000Z","volume":1000,"price":8.99,"category":"rbull"},{"type":"A","date":"2018-03-14T03:39:02.000Z","volume":1000,"price":8.99,"category":"rbull"},{"type":"A","date":"2018-03-14T03:39:02.000Z","volume":1000,"price":8.99,"category":"rbull"},{"type":"A","date":"2018-03-14T03:37:27.000Z","volume":1000,"price":8.99,"category":"rbull"},{"type":"A","date":"2018-03-14T03:37:27.000Z","volume":1000,"price":8.99,"category":"rbull"},{"type":"A","date":"2018-03-14T03:35:49.000Z","volume":1000,"price":9,"category":"rbull"},{"type":"A","date":"2018-03-14T03:35:37.000Z","volume":1000,"price":9,"category":"rbull"},{"type":"A","date":"2018-03-14T03:35:34.000Z","volume":1000,"price":9,"category":"rbull"},{"type":"A","date":"2018-03-14T03:35:19.000Z","volume":1000,"price":9,"category":"rbull"},{"type":"A","date":"2018-03-14T03:34:58.000Z","volume":1000,"price":9,"category":"rbull"},{"type":"A","date":"2018-03-14T03:34:48.000Z","volume":1000,"price":9,"category":"rbull"},{"type":"A","date":"2018-03-14T03:34:47.000Z","volume":1000,"price":9,"category":"rbull"},{"type":"A","date":"2018-03-14T03:34:47.000Z","volume":1000,"price":9,"category":"rbull"},{"type":"A","date":"2018-03-14T03:34:47.000Z","volume":1000,"price":9,"category":"rbull"},{"type":"A","date":"2018-03-14T03:34:47.000Z","volume":1000,"price":9,"category":"rbull"},{"type":"A","date":"2018-03-14T03:34:04.000Z","volume":1000,"price":9,"category":"rbull"},{"type":"A","date":"2018-03-14T03:32:02.000Z","volume":1000,"price":9,"category":"rbull"},{"type":"A","date":"2018-03-14T03:31:47.000Z","volume":1000,"price":9,"category":"rbull"},{"type":"A","date":"2018-03-14T03:31:47.000Z","volume":1000,"price":9,"category":"rbull"},{"type":"A","date":"2018-03-14T03:31:47.000Z","volume":1000,"price":9,"category":"rbull"},{"type":"A","date":"2018-03-14T03:31:47.000Z","volume":1000,"price":9,"category":"rbull"},{"type":"A","date":"2018-03-14T03:31:32.000Z","volume":1000,"price":9,"category":"rbull"},{"type":"A","date":"2018-03-14T03:31:04.000Z","volume":1000,"price":9,"category":"rbull"},{"type":"A","date":"2018-03-14T03:30:47.000Z","volume":1000,"price":8.99,"category":"rbull"},{"type":"A","date":"2018-03-14T03:30:32.000Z","volume":1000,"price":8.99,"category":"rbull"},{"type":"A","date":"2018-03-14T03:30:17.000Z","volume":1000,"price":8.99,"category":"rbull"},{"type":"A","date":"2018-03-14T03:30:02.000Z","volume":1000,"price":8.99,"category":"rbull"},{"type":"A","date":"2018-03-14T03:29:34.000Z","volume":1000,"price":8.99,"category":"rbull"},{"type":"A","date":"2018-03-14T03:29:17.000Z","volume":1000,"price":8.99,"category":"rbull"},{"type":"A","date":"2018-03-14T03:29:02.000Z","volume":1000,"price":8.99,"category":"rbull"},{"type":"A","date":"2018-03-14T03:28:47.000Z","volume":1000,"price":8.99,"category":"rbull"},{"type":"A","date":"2018-03-14T03:28:32.000Z","volume":1000,"price":8.99,"category":"rbull"},{"type":"A","date":"2018-03-14T03:28:04.000Z","volume":1000,"price":8.99,"category":"rbull"},{"type":"A","date":"2018-03-14T03:27:47.000Z","volume":1000,"price":8.99,"category":"rbull"},{"type":"A","date":"2018-03-14T03:27:32.000Z","volume":1000,"price":8.99,"category":"rbull"},{"type":"A","date":"2018-03-14T03:27:17.000Z","volume":1000,"price":8.99,"category":"rbull"},{"type":"A","date":"2018-03-14T03:26:49.000Z","volume":1000,"price":8.99,"category":"rbull"},{"type":"A","date":"2018-03-14T03:25:19.000Z","volume":1000,"price":8.98,"category":"rbull"},{"type":"A","date":"2018-03-14T03:25:04.000Z","volume":1000,"price":8.98,"category":"rbull"},{"type":"A","date":"2018-03-14T03:24:34.000Z","volume":1000,"price":8.98,"category":"rbull"},{"type":"A","date":"2018-03-14T03:24:18.000Z","volume":1000,"price":8.98,"category":"rbull"},{"type":"A","date":"2018-03-14T03:24:17.000Z","volume":1000,"price":8.98,"category":"rbull"},{"type":"A","date":"2018-03-14T03:24:17.000Z","volume":1000,"price":8.98,"category":"rbull"},{"type":"A","date":"2018-03-14T03:24:17.000Z","volume":1000,"price":8.98,"category":"rbull"},{"type":"A","date":"2018-03-14T03:24:17.000Z","volume":1000,"price":8.98,"category":"rbull"},{"type":"A","date":"2018-03-14T03:23:47.000Z","volume":1000,"price":8.98,"category":"rbull"},{"type":"A","date":"2018-03-14T03:23:32.000Z","volume":1000,"price":8.98,"category":"rbull"},{"type":"A","date":"2018-03-14T03:23:02.000Z","volume":1000,"price":8.98,"category":"rbull"},{"type":"A","date":"2018-03-14T03:13:17.000Z","volume":1000,"price":9,"category":"rbull"},{"type":"A","date":"2018-03-14T03:13:17.000Z","volume":1000,"price":9,"category":"rbull"},{"type":"A","date":"2018-03-14T03:13:17.000Z","volume":1000,"price":9,"category":"rbull"},{"type":"A","date":"2018-03-14T03:13:02.000Z","volume":1000,"price":9,"category":"rbull"},{"type":"A","date":"2018-03-14T03:12:47.000Z","volume":1000,"price":9,"category":"rbull"},{"type":"A","date":"2018-03-14T03:12:17.000Z","volume":1000,"price":9,"category":"rbull"},{"type":"A","date":"2018-03-14T03:11:47.000Z","volume":1000,"price":9,"category":"rbull"},{"type":"A","date":"2018-03-14T03:10:34.000Z","volume":1000,"price":9,"category":"rbull"},{"type":"A","date":"2018-03-14T03:10:17.000Z","volume":1000,"price":9,"category":"rbull"},{"type":"A","date":"2018-03-14T03:08:02.000Z","volume":1000,"price":9,"category":"rbull"},{"type":"A","date":"2018-03-14T03:07:32.000Z","volume":1000,"price":8.99,"category":"rbull"},{"type":"A","date":"2018-03-14T03:05:52.000Z","volume":1000,"price":8.97,"category":"rbull"},{"type":"A","date":"2018-03-14T03:05:52.000Z","volume":1000,"price":8.97,"category":"rbull"},{"type":"A","date":"2018-03-14T03:05:47.000Z","volume":1000,"price":8.98,"category":"rbull"},{"type":"A","date":"2018-03-14T03:05:32.000Z","volume":1000,"price":8.97,"category":"rbull"},{"type":"A","date":"2018-03-14T03:05:02.000Z","volume":1000,"price":8.97,"category":"rbull"},{"type":"A","date":"2018-03-14T03:04:34.000Z","volume":1000,"price":8.97,"category":"rbull"},{"type":"A","date":"2018-03-14T03:04:17.000Z","volume":1000,"price":8.97,"category":"rbull"},{"type":"A","date":"2018-03-14T03:03:47.000Z","volume":1000,"price":8.98,"category":"rbull"},{"type":"A","date":"2018-03-14T03:03:17.000Z","volume":1000,"price":8.98,"category":"rbull"},{"type":"A","date":"2018-03-14T03:03:02.000Z","volume":1000,"price":8.98,"category":"rbull"},{"type":"A","date":"2018-03-14T03:02:32.000Z","volume":1000,"price":8.98,"category":"rbull"},{"type":"A","date":"2018-03-14T03:01:32.000Z","volume":1000,"price":8.98,"category":"rbull"},{"type":"A","date":"2018-03-14T03:01:32.000Z","volume":1000,"price":8.98,"category":"rbull"},{"type":"A","date":"2018-03-14T02:58:17.000Z","volume":1000,"price":8.98,"category":"rbull"},{"type":"A","date":"2018-03-14T02:58:17.000Z","volume":1000,"price":8.98,"category":"rbull"},{"type":"A","date":"2018-03-14T02:57:31.000Z","volume":1000,"price":8.97,"category":"rbull"},{"type":"A","date":"2018-03-14T02:55:40.000Z","volume":1000,"price":8.98,"category":"rbull"},{"type":"A","date":"2018-03-14T02:55:40.000Z","volume":1000,"price":8.98,"category":"rbull"},{"type":"A","date":"2018-03-14T02:55:02.000Z","volume":1000,"price":8.98,"category":"rbull"},{"type":"A","date":"2018-03-14T02:53:22.000Z","volume":1000,"price":8.97,"category":"rbull"},{"type":"A","date":"2018-03-14T02:53:17.000Z","volume":1000,"price":8.98,"category":"rbull"},{"type":"A","date":"2018-03-14T02:53:02.000Z","volume":1000,"price":8.98,"category":"rbull"},{"type":"A","date":"2018-03-14T02:52:32.000Z","volume":1000,"price":8.97,"category":"rbull"},{"type":"A","date":"2018-03-14T02:52:32.000Z","volume":1000,"price":8.97,"category":"rbull"},{"type":"A","date":"2018-03-14T02:52:04.000Z","volume":1000,"price":8.97,"category":"rbull"},{"type":"A","date":"2018-03-14T02:51:47.000Z","volume":1000,"price":8.97,"category":"rbull"},{"type":"A","date":"2018-03-14T02:51:32.000Z","volume":1000,"price":8.97,"category":"rbull"},{"type":"A","date":"2018-03-14T02:51:14.000Z","volume":1000,"price":8.97,"category":"rbull"},{"type":"A","date":"2018-03-14T02:51:02.000Z","volume":1000,"price":8.97,"category":"rbull"},{"type":"A","date":"2018-03-14T02:50:46.000Z","volume":1000,"price":8.97,"category":"rbull"},{"type":"A","date":"2018-03-14T02:50:32.000Z","volume":1000,"price":8.96,"category":"rbull"},{"type":"A","date":"2018-03-14T02:50:17.000Z","volume":1000,"price":8.96,"category":"rbull"},{"type":"A","date":"2018-03-14T02:49:04.000Z","volume":1000,"price":8.95,"category":"rbull"},{"type":"A","date":"2018-03-14T02:48:32.000Z","volume":1000,"price":8.96,"category":"rbull"},{"type":"A","date":"2018-03-14T02:48:32.000Z","volume":1000,"price":8.96,"category":"rbull"},{"type":"A","date":"2018-03-14T02:48:32.000Z","volume":1000,"price":8.96,"category":"rbull"},{"type":"A","date":"2018-03-14T02:48:17.000Z","volume":1000,"price":8.94,"category":"rbull"},{"type":"A","date":"2018-03-14T02:48:02.000Z","volume":1000,"price":8.94,"category":"rbull"},{"type":"A","date":"2018-03-14T02:47:26.000Z","volume":1000,"price":8.95,"category":"rbull"},{"type":"A","date":"2018-03-14T02:47:14.000Z","volume":1000,"price":8.94,"category":"rbull"},{"type":"A","date":"2018-03-14T02:46:17.000Z","volume":1000,"price":8.93,"category":"rbull"},{"type":"A","date":"2018-03-14T02:46:17.000Z","volume":1000,"price":8.93,"category":"rbull"},{"type":"A","date":"2018-03-14T02:46:17.000Z","volume":1000,"price":8.93,"category":"rbull"},{"type":"A","date":"2018-03-14T02:45:49.000Z","volume":1000,"price":8.93,"category":"rbull"},{"type":"A","date":"2018-03-14T02:45:17.000Z","volume":1000,"price":8.93,"category":"rbull"},{"type":"A","date":"2018-03-14T02:45:17.000Z","volume":1000,"price":8.93,"category":"rbull"},{"type":"A","date":"2018-03-14T02:44:49.000Z","volume":1000,"price":8.93,"category":"rbull"},{"type":"A","date":"2018-03-14T02:44:17.000Z","volume":1000,"price":8.93,"category":"rbull"},{"type":"A","date":"2018-03-14T02:44:17.000Z","volume":1000,"price":8.93,"category":"rbull"},{"type":"A","date":"2018-03-14T02:43:49.000Z","volume":1000,"price":8.93,"category":"rbull"},{"type":"A","date":"2018-03-14T02:43:17.000Z","volume":1000,"price":8.93,"category":"rbull"},{"type":"A","date":"2018-03-14T02:43:17.000Z","volume":1000,"price":8.93,"category":"rbull"},{"type":"A","date":"2018-03-14T02:41:47.000Z","volume":1000,"price":8.92,"category":"rbull"},{"type":"A","date":"2018-03-14T02:41:47.000Z","volume":1000,"price":8.92,"category":"rbull"},{"type":"A","date":"2018-03-14T02:41:47.000Z","volume":1000,"price":8.92,"category":"rbull"},{"type":"A","date":"2018-03-14T02:41:47.000Z","volume":1000,"price":8.92,"category":"rbull"},{"type":"A","date":"2018-03-14T02:41:47.000Z","volume":1000,"price":8.92,"category":"rbull"},{"type":"A","date":"2018-03-14T02:41:02.000Z","volume":1000,"price":8.92,"category":"rbull"},{"type":"A","date":"2018-03-14T02:41:02.000Z","volume":1000,"price":8.92,"category":"rbull"},{"type":"A","date":"2018-03-14T02:40:17.000Z","volume":1000,"price":8.92,"category":"rbull"},{"type":"A","date":"2018-03-14T02:40:17.000Z","volume":1000,"price":8.92,"category":"rbull"},{"type":"A","date":"2018-03-14T02:39:47.000Z","volume":1000,"price":8.92,"category":"rbull"},{"type":"A","date":"2018-03-14T02:37:27.000Z","volume":1000,"price":8.9,"category":"rbull"},{"type":"A","date":"2018-03-14T02:37:27.000Z","volume":1000,"price":8.9,"category":"rbull"},{"type":"A","date":"2018-03-14T02:36:32.000Z","volume":1000,"price":8.9,"category":"rbull"},{"type":"A","date":"2018-03-14T02:36:12.000Z","volume":1000,"price":8.91,"category":"rbull"},{"type":"A","date":"2018-03-14T02:34:49.000Z","volume":1000,"price":8.9,"category":"rbull"},{"type":"A","date":"2018-03-14T02:33:47.000Z","volume":1000,"price":8.9,"category":"rbull"},{"type":"A","date":"2018-03-14T02:33:47.000Z","volume":1000,"price":8.9,"category":"rbull"},{"type":"A","date":"2018-03-14T02:33:17.000Z","volume":1000,"price":8.9,"category":"rbull"},{"type":"A","date":"2018-03-14T02:33:17.000Z","volume":1000,"price":8.9,"category":"rbull"},{"type":"A","date":"2018-03-14T02:31:44.000Z","volume":1000,"price":8.9,"category":"rbull"},{"type":"A","date":"2018-03-14T02:31:44.000Z","volume":1000,"price":8.9,"category":"rbull"},{"type":"A","date":"2018-03-14T02:31:44.000Z","volume":1000,"price":8.9,"category":"rbull"},{"type":"A","date":"2018-03-14T02:31:44.000Z","volume":1000,"price":8.9,"category":"rbull"},{"type":"A","date":"2018-03-14T02:30:59.000Z","volume":1000,"price":8.9,"category":"rbull"},{"type":"A","date":"2018-03-14T02:30:47.000Z","volume":1000,"price":8.91,"category":"rbull"},{"type":"A","date":"2018-03-14T02:30:47.000Z","volume":1000,"price":8.91,"category":"rbull"},{"type":"A","date":"2018-03-14T02:30:47.000Z","volume":1000,"price":8.91,"category":"rbull"},{"type":"A","date":"2018-03-14T02:28:19.000Z","volume":1000,"price":8.9,"category":"rbull"},{"type":"A","date":"2018-03-14T02:28:02.000Z","volume":1000,"price":8.9,"category":"rbull"},{"type":"A","date":"2018-03-14T02:28:02.000Z","volume":1000,"price":8.9,"category":"rbull"},{"type":"A","date":"2018-03-14T02:27:17.000Z","volume":1000,"price":8.91,"category":"rbull"},{"type":"A","date":"2018-03-14T02:27:17.000Z","volume":1000,"price":8.91,"category":"rbull"},{"type":"A","date":"2018-03-14T02:27:17.000Z","volume":1000,"price":8.91,"category":"rbull"},{"type":"A","date":"2018-03-14T02:27:17.000Z","volume":1000,"price":8.91,"category":"rbull"},{"type":"A","date":"2018-03-14T02:27:17.000Z","volume":1000,"price":8.91,"category":"rbull"},{"type":"A","date":"2018-03-14T02:25:49.000Z","volume":1000,"price":8.9,"category":"rbull"},{"type":"A","date":"2018-03-14T02:25:33.000Z","volume":1000,"price":8.9,"category":"rbull"},{"type":"A","date":"2018-03-14T02:25:32.000Z","volume":1000,"price":8.9,"category":"rbull"},{"type":"A","date":"2018-03-14T02:24:47.000Z","volume":1000,"price":8.9,"category":"rbull"},{"type":"A","date":"2018-03-14T02:24:47.000Z","volume":1000,"price":8.9,"category":"rbull"},{"type":"A","date":"2018-03-14T02:24:47.000Z","volume":1000,"price":8.9,"category":"rbull"},{"type":"A","date":"2018-03-14T02:24:47.000Z","volume":1000,"price":8.9,"category":"rbull"},{"type":"A","date":"2018-03-14T02:24:02.000Z","volume":1000,"price":8.9,"category":"rbull"},{"type":"A","date":"2018-03-14T02:24:02.000Z","volume":1000,"price":8.9,"category":"rbull"},{"type":"A","date":"2018-03-14T02:23:17.000Z","volume":1000,"price":8.9,"category":"rbull"},{"type":"A","date":"2018-03-14T02:23:17.000Z","volume":1000,"price":8.9,"category":"rbull"},{"type":"A","date":"2018-03-14T02:22:49.000Z","volume":1000,"price":8.9,"category":"rbull"},{"type":"A","date":"2018-03-14T02:20:47.000Z","volume":1000,"price":8.9,"category":"rbull"},{"type":"A","date":"2018-03-14T02:20:02.000Z","volume":1000,"price":8.93,"category":"rbull"},{"type":"A","date":"2018-03-14T02:20:02.000Z","volume":1000,"price":8.93,"category":"rbull"},{"type":"A","date":"2018-03-14T02:17:39.000Z","volume":1000,"price":8.92,"category":"rbull"},{"type":"A","date":"2018-03-14T02:17:39.000Z","volume":1000,"price":8.92,"category":"rbull"},{"type":"A","date":"2018-03-14T02:17:39.000Z","volume":1000,"price":8.92,"category":"rbull"},{"type":"A","date":"2018-03-14T02:17:17.000Z","volume":1000,"price":8.93,"category":"rbull"},{"type":"A","date":"2018-03-14T02:17:17.000Z","volume":1000,"price":8.93,"category":"rbull"},{"type":"A","date":"2018-03-14T02:17:01.000Z","volume":1000,"price":8.93,"category":"rbull"},{"type":"A","date":"2018-03-14T02:16:32.000Z","volume":1000,"price":8.91,"category":"rbull"},{"type":"A","date":"2018-03-14T02:16:32.000Z","volume":1000,"price":8.91,"category":"rbull"},{"type":"A","date":"2018-03-14T02:14:43.000Z","volume":1000,"price":8.91,"category":"rbull"},{"type":"A","date":"2018-03-14T02:13:47.000Z","volume":1000,"price":8.93,"category":"rbull"},{"type":"A","date":"2018-03-14T02:13:47.000Z","volume":1000,"price":8.93,"category":"rbull"},{"type":"A","date":"2018-03-14T02:12:52.000Z","volume":1000,"price":8.91,"category":"rbull"},{"type":"A","date":"2018-03-14T02:12:52.000Z","volume":1000,"price":8.91,"category":"rbull"},{"type":"A","date":"2018-03-14T02:11:02.000Z","volume":1000,"price":8.93,"category":"rbull"},{"type":"A","date":"2018-03-14T02:11:02.000Z","volume":1000,"price":8.93,"category":"rbull"},{"type":"A","date":"2018-03-14T02:10:49.000Z","volume":1000,"price":8.94,"category":"rbull"},{"type":"A","date":"2018-03-14T02:10:17.000Z","volume":1000,"price":8.93,"category":"rbull"},{"type":"A","date":"2018-03-14T02:10:00.000Z","volume":1000,"price":8.93,"category":"rbull"},{"type":"A","date":"2018-03-14T02:09:32.000Z","volume":1000,"price":8.93,"category":"rbull"},{"type":"A","date":"2018-03-14T02:08:32.000Z","volume":1000,"price":8.93,"category":"rbull"},{"type":"A","date":"2018-03-14T02:08:02.000Z","volume":1000,"price":8.93,"category":"rbull"},{"type":"A","date":"2018-03-14T02:07:32.000Z","volume":1000,"price":8.93,"category":"rbull"},{"type":"A","date":"2018-03-14T02:07:32.000Z","volume":1000,"price":8.93,"category":"rbull"},{"type":"A","date":"2018-03-14T02:06:23.000Z","volume":1000,"price":8.93,"category":"rbull"},{"type":"A","date":"2018-03-14T02:06:12.000Z","volume":1000,"price":8.93,"category":"rbull"},{"type":"A","date":"2018-03-14T02:05:32.000Z","volume":1000,"price":8.92,"category":"rbull"},{"type":"A","date":"2018-03-14T02:05:32.000Z","volume":1000,"price":8.92,"category":"rbull"},{"type":"A","date":"2018-03-14T02:05:02.000Z","volume":1000,"price":8.92,"category":"rbull"},{"type":"A","date":"2018-03-14T02:05:02.000Z","volume":1000,"price":8.92,"category":"rbull"},{"type":"A","date":"2018-03-14T02:03:32.000Z","volume":1000,"price":8.9,"category":"rbull"},{"type":"A","date":"2018-03-14T02:03:32.000Z","volume":1000,"price":8.9,"category":"rbull"},{"type":"A","date":"2018-03-14T02:03:02.000Z","volume":1000,"price":8.9,"category":"rbull"},{"type":"A","date":"2018-03-14T02:02:47.000Z","volume":1000,"price":8.9,"category":"rbull"},{"type":"A","date":"2018-03-14T02:02:47.000Z","volume":1000,"price":8.9,"category":"rbull"},{"type":"A","date":"2018-03-14T02:00:15.000Z","volume":1000,"price":8.89,"category":"rbull"},{"type":"A","date":"2018-03-14T01:59:26.000Z","volume":1000,"price":8.89,"category":"rbull"},{"type":"A","date":"2018-03-14T01:58:47.000Z","volume":1000,"price":8.9,"category":"rbull"},{"type":"A","date":"2018-03-14T01:58:47.000Z","volume":1000,"price":8.9,"category":"rbull"},{"type":"A","date":"2018-03-14T01:58:02.000Z","volume":1000,"price":8.9,"category":"rbull"},{"type":"A","date":"2018-03-14T01:58:02.000Z","volume":1000,"price":8.9,"category":"rbull"},{"type":"A","date":"2018-03-14T01:57:17.000Z","volume":1000,"price":8.89,"category":"rbull"},{"type":"A","date":"2018-03-14T01:54:33.000Z","volume":1000,"price":8.85,"category":"rbull"},{"type":"A","date":"2018-03-14T01:54:02.000Z","volume":1000,"price":8.9,"category":"rbull"},{"type":"A","date":"2018-03-14T01:53:32.000Z","volume":1000,"price":8.9,"category":"rbull"},{"type":"A","date":"2018-03-14T01:53:32.000Z","volume":1000,"price":8.9,"category":"rbull"},{"type":"A","date":"2018-03-14T01:53:02.000Z","volume":1000,"price":8.9,"category":"rbull"},{"type":"A","date":"2018-03-14T01:53:02.000Z","volume":1000,"price":8.9,"category":"rbull"},{"type":"A","date":"2018-03-14T01:52:02.000Z","volume":1000,"price":8.92,"category":"rbull"},{"type":"A","date":"2018-03-14T01:52:02.000Z","volume":1000,"price":8.92,"category":"rbull"},{"type":"A","date":"2018-03-14T01:51:02.000Z","volume":1000,"price":8.94,"category":"rbull"},{"type":"A","date":"2018-03-14T01:51:02.000Z","volume":1000,"price":8.94,"category":"rbull"},{"type":"A","date":"2018-03-14T01:51:02.000Z","volume":1000,"price":8.94,"category":"rbull"},{"type":"A","date":"2018-03-14T01:50:17.000Z","volume":1000,"price":8.93,"category":"rbull"},{"type":"A","date":"2018-03-14T01:50:17.000Z","volume":1000,"price":8.93,"category":"rbull"},{"type":"A","date":"2018-03-14T01:50:02.000Z","volume":1000,"price":8.93,"category":"rbull"},{"type":"A","date":"2018-03-14T01:50:02.000Z","volume":1000,"price":8.93,"category":"rbull"},{"type":"A","date":"2018-03-14T01:49:32.000Z","volume":1000,"price":8.93,"category":"rbull"},{"type":"A","date":"2018-03-14T01:49:32.000Z","volume":1000,"price":8.93,"category":"rbull"},{"type":"A","date":"2018-03-14T01:47:32.000Z","volume":1000,"price":8.92,"category":"rbull"},{"type":"A","date":"2018-03-14T01:47:32.000Z","volume":1000,"price":8.92,"category":"rbull"},{"type":"A","date":"2018-03-14T01:47:32.000Z","volume":1000,"price":8.92,"category":"rbull"},{"type":"A","date":"2018-03-14T01:47:32.000Z","volume":1000,"price":8.92,"category":"rbull"},{"type":"A","date":"2018-03-14T01:46:04.000Z","volume":1000,"price":8.92,"category":"rbull"},{"type":"A","date":"2018-03-14T01:46:04.000Z","volume":1000,"price":8.92,"category":"rbull"},{"type":"A","date":"2018-03-14T01:45:47.000Z","volume":1000,"price":8.93,"category":"rbull"},{"type":"A","date":"2018-03-14T01:43:47.000Z","volume":1000,"price":8.93,"category":"rbull"},{"type":"A","date":"2018-03-14T01:43:47.000Z","volume":1000,"price":8.93,"category":"rbull"},{"type":"A","date":"2018-03-14T01:43:47.000Z","volume":1000,"price":8.93,"category":"rbull"},{"type":"A","date":"2018-03-14T01:43:32.000Z","volume":1000,"price":8.93,"category":"rbull"},{"type":"A","date":"2018-03-14T01:43:32.000Z","volume":1000,"price":8.93,"category":"rbull"},{"type":"A","date":"2018-03-14T01:41:02.000Z","volume":1000,"price":8.93,"category":"rbull"},{"type":"A","date":"2018-03-14T01:41:02.000Z","volume":1000,"price":8.93,"category":"rbull"},{"type":"A","date":"2018-03-14T01:40:32.000Z","volume":1000,"price":8.93,"category":"rbull"},{"type":"A","date":"2018-03-14T01:40:32.000Z","volume":1000,"price":8.93,"category":"rbull"},{"type":"A","date":"2018-03-14T01:39:17.000Z","volume":1000,"price":8.92,"category":"rbull"},{"type":"A","date":"2018-03-14T01:37:33.000Z","volume":1000,"price":8.9,"category":"rbull"},{"type":"A","date":"2018-03-14T01:37:32.000Z","volume":1000,"price":8.9,"category":"rbull"},{"type":"A","date":"2018-03-14T01:36:48.000Z","volume":1000,"price":8.91,"category":"rbull"},{"type":"A","date":"2018-03-14T01:36:48.000Z","volume":1000,"price":8.91,"category":"rbull"},{"type":"A","date":"2018-03-14T01:34:17.000Z","volume":1000,"price":8.92,"category":"rbull"},{"type":"A","date":"2018-03-14T01:34:17.000Z","volume":1000,"price":8.92,"category":"rbull"},{"type":"A","date":"2018-03-14T01:34:04.000Z","volume":1000,"price":8.92,"category":"rbull"},{"type":"A","date":"2018-03-14T01:33:47.000Z","volume":1000,"price":8.92,"category":"rbull"},{"type":"A","date":"2018-03-14T01:31:32.000Z","volume":1000,"price":8.93,"category":"rbull"},{"type":"A","date":"2018-03-14T01:31:32.000Z","volume":1000,"price":8.93,"category":"rbull"},{"type":"A","date":"2018-03-14T01:31:32.000Z","volume":1000,"price":8.93,"category":"rbull"},{"type":"A","date":"2018-03-14T01:31:32.000Z","volume":1000,"price":8.93,"category":"rbull"},{"type":"B","date":"2018-03-14T07:59:39.000Z","volume":1000,"price":9.02,"category":"rbear"},{"type":"B","date":"2018-03-14T07:59:04.000Z","volume":1000,"price":8.99,"category":"rbear"},{"type":"B","date":"2018-03-14T07:58:59.000Z","volume":1000,"price":9.02,"category":"rbear"},{"type":"B","date":"2018-03-14T07:57:30.000Z","volume":1000,"price":8.97,"category":"rbear"},{"type":"B","date":"2018-03-14T07:57:02.000Z","volume":1000,"price":8.96,"category":"rbear"},{"type":"B","date":"2018-03-14T07:56:47.000Z","volume":1000,"price":8.96,"category":"rbear"},{"type":"B","date":"2018-03-14T07:55:17.000Z","volume":1000,"price":8.96,"category":"rbear"},{"type":"B","date":"2018-03-14T07:45:24.000Z","volume":1000,"price":8.96,"category":"rbear"},{"type":"B","date":"2018-03-14T07:45:17.000Z","volume":1000,"price":8.96,"category":"rbear"},{"type":"B","date":"2018-03-14T07:45:17.000Z","volume":1000,"price":8.96,"category":"rbear"},{"type":"B","date":"2018-03-14T07:43:17.000Z","volume":1000,"price":8.96,"category":"rbear"},{"type":"B","date":"2018-03-14T07:43:17.000Z","volume":1000,"price":8.96,"category":"rbear"},{"type":"B","date":"2018-03-14T07:29:34.000Z","volume":1000,"price":8.97,"category":"rbear"},{"type":"B","date":"2018-03-14T07:18:00.000Z","volume":1000,"price":8.96,"category":"rbear"},{"type":"B","date":"2018-03-14T07:08:34.000Z","volume":1000,"price":8.98,"category":"rbear"},{"type":"B","date":"2018-03-14T07:08:34.000Z","volume":1000,"price":8.98,"category":"rbear"},{"type":"B","date":"2018-03-14T06:34:35.000Z","volume":1000,"price":8.96,"category":"rbear"},{"type":"B","date":"2018-03-14T06:27:19.000Z","volume":1000,"price":8.99,"category":"rbear"},{"type":"B","date":"2018-03-14T06:27:18.000Z","volume":1000,"price":8.99,"category":"rbear"},{"type":"B","date":"2018-03-14T05:10:04.000Z","volume":1000,"price":8.97,"category":"rbear"},{"type":"B","date":"2018-03-14T05:10:04.000Z","volume":1000,"price":8.97,"category":"rbear"},{"type":"B","date":"2018-03-14T05:09:32.000Z","volume":1000,"price":8.97,"category":"rbear"},{"type":"B","date":"2018-03-14T05:09:32.000Z","volume":1000,"price":8.97,"category":"rbear"},{"type":"B","date":"2018-03-14T05:05:22.000Z","volume":1000,"price":8.97,"category":"rbear"},{"type":"B","date":"2018-03-14T03:54:35.000Z","volume":1000,"price":8.98,"category":"rbear"},{"type":"B","date":"2018-03-14T03:43:10.000Z","volume":1000,"price":8.99,"category":"rbear"},{"type":"B","date":"2018-03-14T03:31:48.000Z","volume":1000,"price":9,"category":"rbear"},{"type":"B","date":"2018-03-14T03:21:34.000Z","volume":1000,"price":8.98,"category":"rbear"},{"type":"B","date":"2018-03-14T03:19:49.000Z","volume":1000,"price":8.99,"category":"rbear"},{"type":"B","date":"2018-03-14T03:19:09.000Z","volume":1000,"price":8.99,"category":"rbear"},{"type":"B","date":"2018-03-14T03:19:09.000Z","volume":1000,"price":8.99,"category":"rbear"},{"type":"B","date":"2018-03-14T03:17:50.000Z","volume":1000,"price":8.99,"category":"rbear"},{"type":"B","date":"2018-03-14T03:01:29.000Z","volume":1000,"price":8.98,"category":"rbear"},{"type":"B","date":"2018-03-14T02:53:21.000Z","volume":1000,"price":8.93,"category":"rbear"},{"type":"B","date":"2018-03-14T02:47:10.000Z","volume":1000,"price":8.91,"category":"rbear"},{"type":"B","date":"2018-03-14T02:39:18.000Z","volume":1000,"price":8.9,"category":"rbear"},{"type":"B","date":"2018-03-14T02:39:18.000Z","volume":1000,"price":8.9,"category":"rbear"},{"type":"B","date":"2018-03-14T02:20:47.000Z","volume":1000,"price":8.9,"category":"rbear"},{"type":"B","date":"2018-03-14T02:17:46.000Z","volume":1000,"price":8.92,"category":"rbear"},{"type":"B","date":"2018-03-14T02:17:39.000Z","volume":1000,"price":8.92,"category":"rbear"},{"type":"B","date":"2018-03-14T02:16:33.000Z","volume":1000,"price":8.89,"category":"rbear"},{"type":"B","date":"2018-03-14T02:15:00.000Z","volume":1000,"price":8.89,"category":"rbear"},{"type":"B","date":"2018-03-14T02:14:34.000Z","volume":1000,"price":8.91,"category":"rbear"},{"type":"B","date":"2018-03-14T02:14:34.000Z","volume":1000,"price":8.91,"category":"rbear"},{"type":"B","date":"2018-03-14T02:12:53.000Z","volume":1000,"price":8.9,"category":"rbear"},{"type":"B","date":"2018-03-14T02:11:14.000Z","volume":1000,"price":8.9,"category":"rbear"},{"type":"B","date":"2018-03-14T02:10:00.000Z","volume":1000,"price":8.89,"category":"rbear"},{"type":"B","date":"2018-03-14T02:08:40.000Z","volume":1000,"price":8.89,"category":"rbear"},{"type":"B","date":"2018-03-14T02:08:03.000Z","volume":1000,"price":8.88,"category":"rbear"},{"type":"B","date":"2018-03-14T02:04:56.000Z","volume":1000,"price":8.89,"category":"rbear"},{"type":"B","date":"2018-03-14T02:03:54.000Z","volume":1000,"price":8.86,"category":"rbear"},{"type":"B","date":"2018-03-14T02:03:32.000Z","volume":1000,"price":8.86,"category":"rbear"},{"type":"B","date":"2018-03-14T02:01:51.000Z","volume":1000,"price":8.86,"category":"rbear"},{"type":"B","date":"2018-03-14T02:01:16.000Z","volume":1000,"price":8.86,"category":"rbear"},{"type":"B","date":"2018-03-14T02:00:15.000Z","volume":1000,"price":8.85,"category":"rbear"},{"type":"B","date":"2018-03-14T01:58:54.000Z","volume":1000,"price":8.84,"category":"rbear"},{"type":"B","date":"2018-03-14T01:57:48.000Z","volume":1000,"price":8.83,"category":"rbear"},{"type":"B","date":"2018-03-14T01:55:20.000Z","volume":1000,"price":8.81,"category":"rbear"},{"type":"B","date":"2018-03-14T01:52:33.000Z","volume":1000,"price":8.85,"category":"rbear"},{"type":"B","date":"2018-03-14T01:50:23.000Z","volume":1000,"price":8.86,"category":"rbear"},{"type":"B","date":"2018-03-14T01:49:03.000Z","volume":1000,"price":8.82,"category":"rbear"},{"type":"B","date":"2018-03-14T01:42:32.000Z","volume":1000,"price":8.88,"category":"rbear"},{"type":"B","date":"2018-03-14T01:42:32.000Z","volume":1000,"price":8.87,"category":"rbear"},{"type":"B","date":"2018-03-14T01:42:09.000Z","volume":1000,"price":8.88,"category":"rbear"},{"type":"B","date":"2018-03-14T01:39:48.000Z","volume":1000,"price":8.89,"category":"rbear"},{"type":"B","date":"2018-03-14T01:37:42.000Z","volume":1000,"price":8.76,"category":"rbear"},{"type":"B","date":"2018-03-14T01:36:47.000Z","volume":1000,"price":8.61,"category":"rbear"},{"type":"B","date":"2018-03-14T01:33:47.000Z","volume":1000,"price":8.59,"category":"rbear"},{"type":"B","date":"2018-03-14T07:59:44.000Z","volume":9000,"price":8.98,"category":"bbear"},{"type":"B","date":"2018-03-14T07:59:44.000Z","volume":10000,"price":9.02,"category":"bbear"},{"type":"B","date":"2018-03-14T07:58:59.000Z","volume":13000,"price":9,"category":"bbear"},{"type":"B","date":"2018-03-14T07:49:12.000Z","volume":10000,"price":8.96,"category":"bbear"},{"type":"B","date":"2018-03-14T07:48:22.000Z","volume":9000,"price":8.97,"category":"bbear"},{"type":"B","date":"2018-03-14T07:09:12.000Z","volume":10000,"price":8.98,"category":"bbear"},{"type":"B","date":"2018-03-14T06:58:25.000Z","volume":16000,"price":8.9,"category":"bbear"},{"type":"B","date":"2018-03-14T06:58:25.000Z","volume":11000,"price":8.94,"category":"bbear"},{"type":"B","date":"2018-03-14T06:58:25.000Z","volume":10000,"price":8.95,"category":"bbear"},{"type":"B","date":"2018-03-14T06:39:17.000Z","volume":9000,"price":8.96,"category":"bbear"},{"type":"B","date":"2018-03-14T06:30:13.000Z","volume":16000,"price":8.97,"category":"bbear"},{"type":"B","date":"2018-03-14T06:27:18.000Z","volume":15000,"price":8.99,"category":"bbear"},{"type":"B","date":"2018-03-14T06:22:20.000Z","volume":15000,"price":8.96,"category":"bbear"},{"type":"B","date":"2018-03-14T06:20:32.000Z","volume":12000,"price":8.94,"category":"bbear"},{"type":"B","date":"2018-03-14T06:09:25.000Z","volume":12000,"price":8.94,"category":"bbear"},{"type":"B","date":"2018-03-14T06:09:08.000Z","volume":10000,"price":8.95,"category":"bbear"},{"type":"B","date":"2018-03-14T05:48:34.000Z","volume":10000,"price":8.96,"category":"bbear"},{"type":"B","date":"2018-03-14T05:41:26.000Z","volume":17000,"price":8.97,"category":"bbear"},{"type":"B","date":"2018-03-14T05:41:08.000Z","volume":13000,"price":8.97,"category":"bbear"},{"type":"B","date":"2018-03-14T05:29:25.000Z","volume":16000,"price":8.97,"category":"bbear"},{"type":"B","date":"2018-03-14T05:26:10.000Z","volume":11000,"price":8.97,"category":"bbear"},{"type":"B","date":"2018-03-14T05:26:08.000Z","volume":10000,"price":8.97,"category":"bbear"},{"type":"B","date":"2018-03-14T05:24:28.000Z","volume":9000,"price":8.97,"category":"bbear"},{"type":"B","date":"2018-03-14T05:24:28.000Z","volume":10000,"price":8.97,"category":"bbear"},{"type":"B","date":"2018-03-14T05:24:17.000Z","volume":9000,"price":8.97,"category":"bbear"},{"type":"B","date":"2018-03-14T05:23:49.000Z","volume":15000,"price":8.97,"category":"bbear"},{"type":"B","date":"2018-03-14T05:19:45.000Z","volume":15000,"price":8.97,"category":"bbear"},{"type":"B","date":"2018-03-14T05:15:54.000Z","volume":11000,"price":8.97,"category":"bbear"},{"type":"B","date":"2018-03-14T05:14:14.000Z","volume":10000,"price":8.97,"category":"bbear"},{"type":"B","date":"2018-03-14T05:12:54.000Z","volume":9000,"price":9,"category":"bbear"},{"type":"B","date":"2018-03-14T05:12:18.000Z","volume":13000,"price":8.97,"category":"bbear"},{"type":"B","date":"2018-03-14T05:10:30.000Z","volume":10000,"price":8.97,"category":"bbear"},{"type":"B","date":"2018-03-14T03:55:13.000Z","volume":10000,"price":8.98,"category":"bbear"},{"type":"B","date":"2018-03-14T03:55:13.000Z","volume":10000,"price":8.98,"category":"bbear"},{"type":"B","date":"2018-03-14T03:54:52.000Z","volume":11000,"price":8.98,"category":"bbear"},{"type":"B","date":"2018-03-14T03:53:34.000Z","volume":10000,"price":8.97,"category":"bbear"},{"type":"B","date":"2018-03-14T03:53:09.000Z","volume":15000,"price":8.97,"category":"bbear"},{"type":"B","date":"2018-03-14T03:52:05.000Z","volume":10000,"price":8.97,"category":"bbear"},{"type":"B","date":"2018-03-14T03:42:19.000Z","volume":12000,"price":8.99,"category":"bbear"},{"type":"B","date":"2018-03-14T03:41:34.000Z","volume":16000,"price":8.99,"category":"bbear"},{"type":"B","date":"2018-03-14T03:40:50.000Z","volume":15000,"price":8.99,"category":"bbear"},{"type":"B","date":"2018-03-14T03:34:45.000Z","volume":11000,"price":9,"category":"bbear"},{"type":"B","date":"2018-03-14T03:34:29.000Z","volume":11000,"price":9,"category":"bbear"},{"type":"B","date":"2018-03-14T03:34:14.000Z","volume":10000,"price":8.99,"category":"bbear"},{"type":"B","date":"2018-03-14T03:33:26.000Z","volume":17000,"price":8.99,"category":"bbear"},{"type":"B","date":"2018-03-14T03:21:26.000Z","volume":13000,"price":8.98,"category":"bbear"},{"type":"B","date":"2018-03-14T03:17:51.000Z","volume":10000,"price":8.99,"category":"bbear"},{"type":"B","date":"2018-03-14T03:14:16.000Z","volume":12000,"price":8.99,"category":"bbear"},{"type":"B","date":"2018-03-14T03:13:53.000Z","volume":14000,"price":8.99,"category":"bbear"},{"type":"B","date":"2018-03-14T03:09:40.000Z","volume":10000,"price":8.98,"category":"bbear"},{"type":"B","date":"2018-03-14T03:08:05.000Z","volume":9000,"price":8.98,"category":"bbear"},{"type":"B","date":"2018-03-14T03:08:05.000Z","volume":11000,"price":8.98,"category":"bbear"},{"type":"B","date":"2018-03-14T02:59:00.000Z","volume":10000,"price":8.96,"category":"bbear"},{"type":"B","date":"2018-03-14T02:21:47.000Z","volume":11000,"price":8.89,"category":"bbear"},{"type":"B","date":"2018-03-14T02:20:19.000Z","volume":11000,"price":8.9,"category":"bbear"},{"type":"B","date":"2018-03-14T02:14:33.000Z","volume":15000,"price":8.91,"category":"bbear"},{"type":"B","date":"2018-03-14T02:09:59.000Z","volume":11000,"price":8.9,"category":"bbear"},{"type":"B","date":"2018-03-14T07:59:29.000Z","volume":19000,"price":9.02,"category":"ubbear"},{"type":"B","date":"2018-03-14T07:59:14.000Z","volume":19000,"price":9.02,"category":"ubbear"},{"type":"B","date":"2018-03-14T07:39:22.000Z","volume":20000,"price":8.96,"category":"ubbear"},{"type":"B","date":"2018-03-14T07:25:13.000Z","volume":33000,"price":8.97,"category":"ubbear"},{"type":"B","date":"2018-03-14T07:22:14.000Z","volume":22000,"price":8.97,"category":"ubbear"},{"type":"B","date":"2018-03-14T07:07:50.000Z","volume":53000,"price":8.97,"category":"ubbear"},{"type":"B","date":"2018-03-14T06:58:25.000Z","volume":19000,"price":8.91,"category":"ubbear"},{"type":"B","date":"2018-03-14T06:44:32.000Z","volume":38000,"price":8.96,"category":"ubbear"},{"type":"B","date":"2018-03-14T06:30:48.000Z","volume":28000,"price":8.97,"category":"ubbear"},{"type":"B","date":"2018-03-14T06:29:22.000Z","volume":27000,"price":8.98,"category":"ubbear"},{"type":"B","date":"2018-03-14T06:28:59.000Z","volume":23000,"price":8.98,"category":"ubbear"},{"type":"B","date":"2018-03-14T06:26:17.000Z","volume":20000,"price":8.99,"category":"ubbear"},{"type":"B","date":"2018-03-14T06:25:45.000Z","volume":29000,"price":8.99,"category":"ubbear"},{"type":"B","date":"2018-03-14T06:25:00.000Z","volume":20000,"price":8.99,"category":"ubbear"},{"type":"B","date":"2018-03-14T06:24:08.000Z","volume":30000,"price":8.99,"category":"ubbear"},{"type":"B","date":"2018-03-14T06:21:04.000Z","volume":20000,"price":8.95,"category":"ubbear"},{"type":"B","date":"2018-03-14T06:16:19.000Z","volume":52000,"price":8.94,"category":"ubbear"},{"type":"B","date":"2018-03-14T06:14:49.000Z","volume":30000,"price":8.94,"category":"ubbear"},{"type":"B","date":"2018-03-14T06:12:44.000Z","volume":19000,"price":8.95,"category":"ubbear"},{"type":"B","date":"2018-03-14T06:09:00.000Z","volume":20000,"price":8.96,"category":"ubbear"},{"type":"B","date":"2018-03-14T06:07:51.000Z","volume":30000,"price":8.96,"category":"ubbear"},{"type":"B","date":"2018-03-14T06:07:47.000Z","volume":41000,"price":8.96,"category":"ubbear"},{"type":"B","date":"2018-03-14T06:07:34.000Z","volume":50000,"price":8.96,"category":"ubbear"},{"type":"B","date":"2018-03-14T06:00:40.000Z","volume":51000,"price":8.96,"category":"ubbear"},{"type":"B","date":"2018-03-14T05:45:30.000Z","volume":28000,"price":8.96,"category":"ubbear"},{"type":"B","date":"2018-03-14T05:43:36.000Z","volume":37000,"price":8.97,"category":"ubbear"},{"type":"B","date":"2018-03-14T05:40:41.000Z","volume":40000,"price":8.97,"category":"ubbear"},{"type":"B","date":"2018-03-14T05:40:36.000Z","volume":41000,"price":8.97,"category":"ubbear"},{"type":"B","date":"2018-03-14T05:39:53.000Z","volume":50000,"price":8.96,"category":"ubbear"},{"type":"B","date":"2018-03-14T05:29:12.000Z","volume":22000,"price":8.97,"category":"ubbear"},{"type":"B","date":"2018-03-14T05:17:41.000Z","volume":20000,"price":8.98,"category":"ubbear"},{"type":"B","date":"2018-03-14T05:17:33.000Z","volume":20000,"price":8.98,"category":"ubbear"},{"type":"B","date":"2018-03-14T05:13:10.000Z","volume":18000,"price":8.97,"category":"ubbear"},{"type":"B","date":"2018-03-14T03:53:47.000Z","volume":20000,"price":8.97,"category":"ubbear"},{"type":"B","date":"2018-03-14T03:49:45.000Z","volume":21000,"price":8.98,"category":"ubbear"},{"type":"B","date":"2018-03-14T03:46:25.000Z","volume":26000,"price":8.98,"category":"ubbear"},{"type":"B","date":"2018-03-14T03:43:07.000Z","volume":40000,"price":8.99,"category":"ubbear"},{"type":"B","date":"2018-03-14T03:42:15.000Z","volume":20000,"price":8.99,"category":"ubbear"},{"type":"B","date":"2018-03-14T03:40:43.000Z","volume":20000,"price":8.99,"category":"ubbear"},{"type":"B","date":"2018-03-14T03:38:50.000Z","volume":19000,"price":8.99,"category":"ubbear"},{"type":"B","date":"2018-03-14T03:35:38.000Z","volume":19000,"price":9,"category":"ubbear"},{"type":"B","date":"2018-03-14T03:34:25.000Z","volume":20000,"price":9,"category":"ubbear"},{"type":"B","date":"2018-03-14T03:32:55.000Z","volume":25000,"price":8.99,"category":"ubbear"},{"type":"B","date":"2018-03-14T03:31:49.000Z","volume":20000,"price":8.99,"category":"ubbear"},{"type":"B","date":"2018-03-14T03:21:26.000Z","volume":20000,"price":8.98,"category":"ubbear"},{"type":"B","date":"2018-03-14T03:13:36.000Z","volume":25000,"price":8.99,"category":"ubbear"},{"type":"B","date":"2018-03-14T03:08:02.000Z","volume":37000,"price":8.98,"category":"ubbear"},{"type":"B","date":"2018-03-14T03:05:51.000Z","volume":21000,"price":8.97,"category":"ubbear"},{"type":"B","date":"2018-03-14T02:31:28.000Z","volume":30000,"price":8.89,"category":"ubbear"},{"type":"B","date":"2018-03-14T02:18:35.000Z","volume":21000,"price":8.92,"category":"ubbear"},{"type":"B","date":"2018-03-14T02:14:57.000Z","volume":20000,"price":8.9,"category":"ubbear"}]