[{"type":"B","date":"2018-03-19T01:34:19.000Z","volume":10000,"label":" ","price":5.81},{"type":"B","date":"2018-03-19T01:34:20.000Z","volume":500,"label":" ","price":5.81},{"type":"A","date":"2018-03-19T01:47:42.000Z","volume":3500,"label":" ","price":5.85},{"type":"A","date":"2018-03-19T01:55:12.000Z","volume":2500,"label":" ","price":5.9},{"type":"A","date":"2018-03-19T01:59:00.000Z","volume":1000,"label":" ","price":5.9},{"type":"A","date":"2018-03-19T01:59:00.000Z","volume":500,"label":" ","price":5.91},{"type":"A","date":"2018-03-19T01:59:00.000Z","volume":2000,"label":" ","price":5.92},{"type":"B","date":"2018-03-19T01:59:00.000Z","volume":16500,"label":" ","price":5.93},{"type":"B","date":"2018-03-19T01:59:02.000Z","volume":500,"label":" ","price":5.87},{"type":"B","date":"2018-03-19T02:00:58.000Z","volume":2500,"label":" ","price":5.87},{"type":"A","date":"2018-03-19T02:02:57.000Z","volume":18500,"label":" ","price":5.87},{"type":"A","date":"2018-03-19T02:02:57.000Z","volume":500,"label":" ","price":5.87},{"type":"B","date":"2018-03-19T02:17:25.000Z","volume":1000,"label":" ","price":5.95},{"type":"A","date":"2018-03-19T02:42:57.000Z","volume":500,"label":" ","price":5.87},{"type":"A","date":"2018-03-19T03:10:29.000Z","volume":500,"label":" ","price":5.87},{"type":"B","date":"2018-03-19T03:10:29.000Z","volume":4500,"label":" ","price":5.87},{"type":"B","date":"2018-03-19T03:17:39.000Z","volume":10000,"label":" ","price":5.87},{"type":"B","date":"2018-03-19T03:17:55.000Z","volume":5000,"label":" ","price":5.87},{"type":"A","date":"2018-03-19T06:31:06.000Z","volume":1000,"label":" ","price":5.87},{"type":"A","date":"2018-03-19T06:31:46.000Z","volume":1000,"label":" ","price":5.88},{"type":"A","date":"2018-03-19T06:32:16.000Z","volume":1500,"label":" ","price":5.89},{"type":"A","date":"2018-03-19T06:33:52.000Z","volume":3500,"label":" ","price":5.9},{"type":"A","date":"2018-03-19T06:34:49.000Z","volume":500,"label":" ","price":5.89},{"type":"A","date":"2018-03-19T06:34:49.000Z","volume":1000,"label":" ","price":5.9},{"type":"B","date":"2018-03-19T06:34:49.000Z","volume":1500,"label":" ","price":5.9},{"type":"B","date":"2018-03-19T06:35:53.000Z","volume":1500,"label":" ","price":5.9},{"type":"B","date":"2018-03-19T06:36:50.000Z","volume":500,"label":" ","price":5.9},{"type":"A","date":"2018-03-19T06:36:55.000Z","volume":2000,"label":" ","price":5.92},{"type":"A","date":"2018-03-19T06:36:55.000Z","volume":1000,"label":" ","price":5.95},{"type":"B","date":"2018-03-19T07:09:01.000Z","volume":1000,"label":" ","price":5.87},{"type":"B","date":"2018-03-19T07:09:01.000Z","volume":500,"label":" ","price":5.86},{"type":"B","date":"2018-03-19T07:09:01.000Z","volume":1500,"label":" ","price":5.85},{"type":"B","date":"2018-03-19T07:29:02.000Z","volume":500,"label":" ","price":5.85},{"type":"B","date":"2018-03-19T07:59:03.000Z","volume":500,"label":" ","price":5.84},{"type":"A","date":"2018-03-19T07:59:31.000Z","volume":500,"label":" ","price":5.89},{"type":"A","date":"2018-03-19T07:59:36.000Z","volume":500,"label":" ","price":5.89}]