[{"type":"B","date":"2018-04-04T02:46:47.000Z","volume":32000,"label":" ","price":1.36},{"type":"B","date":"2018-04-04T02:46:47.000Z","volume":12000,"label":" ","price":1.35},{"type":"B","date":"2018-04-04T02:47:46.000Z","volume":4000,"label":" ","price":1.35},{"type":"B","date":"2018-04-04T02:47:46.000Z","volume":20000,"label":" ","price":1.34},{"type":"B","date":"2018-04-04T02:47:46.000Z","volume":4000,"label":" ","price":1.32},{"type":"B","date":"2018-04-04T02:47:46.000Z","volume":90000,"label":" ","price":1.31},{"type":"B","date":"2018-04-04T02:47:46.000Z","volume":10000,"label":" ","price":1.28},{"type":"B","date":"2018-04-04T02:47:46.000Z","volume":100000,"label":" ","price":1.27},{"type":"B","date":"2018-04-04T02:47:46.000Z","volume":102000,"label":" ","price":1.26},{"type":"A","date":"2018-04-04T02:47:49.000Z","volume":22000,"label":" ","price":1.26},{"type":"B","date":"2018-04-04T02:49:14.000Z","volume":8000,"label":" ","price":1.3},{"type":"B","date":"2018-04-04T02:49:14.000Z","volume":34000,"label":" ","price":1.28},{"type":"B","date":"2018-04-04T02:49:14.000Z","volume":108000,"label":" ","price":1.27},{"type":"B","date":"2018-04-04T02:49:14.000Z","volume":50000,"label":" ","price":1.26},{"type":"B","date":"2018-04-04T02:49:36.000Z","volume":4000,"label":" ","price":1.25},{"type":"A","date":"2018-04-04T02:55:55.000Z","volume":2000,"label":" ","price":1.28},{"type":"B","date":"2018-04-04T02:56:11.000Z","volume":8000,"label":" ","price":1.28},{"type":"B","date":"2018-04-04T02:56:11.000Z","volume":4000,"label":" ","price":1.27},{"type":"B","date":"2018-04-04T02:56:11.000Z","volume":38000,"label":" ","price":1.26},{"type":"B","date":"2018-04-04T02:56:11.000Z","volume":116000,"label":" ","price":1.25},{"type":"A","date":"2018-04-04T02:57:49.000Z","volume":4000,"label":" ","price":1.28},{"type":"B","date":"2018-04-04T02:58:55.000Z","volume":2000,"label":" ","price":1.27},{"type":"B","date":"2018-04-04T02:59:24.000Z","volume":34000,"label":" ","price":1.25},{"type":"B","date":"2018-04-04T03:00:04.000Z","volume":50000,"label":" ","price":1.25},{"type":"B","date":"2018-04-04T03:00:56.000Z","volume":4000,"label":" ","price":1.25},{"type":"B","date":"2018-04-04T03:01:29.000Z","volume":22000,"label":" ","price":1.24},{"type":"A","date":"2018-04-04T03:01:31.000Z","volume":28000,"label":" ","price":1.25},{"type":"A","date":"2018-04-04T03:01:31.000Z","volume":4000,"label":" ","price":1.25},{"type":"A","date":"2018-04-04T03:01:31.000Z","volume":16000,"label":" ","price":1.25},{"type":"B","date":"2018-04-04T03:01:44.000Z","volume":2000,"label":" ","price":1.23},{"type":"B","date":"2018-04-04T03:01:44.000Z","volume":2000,"label":" ","price":1.23},{"type":"B","date":"2018-04-04T03:01:54.000Z","volume":6000,"label":" ","price":1.22},{"type":"B","date":"2018-04-04T03:01:54.000Z","volume":100000,"label":" ","price":1.21},{"type":"A","date":"2018-04-04T03:03:32.000Z","volume":8000,"label":" ","price":1.21},{"type":"A","date":"2018-04-04T03:03:45.000Z","volume":6000,"label":" ","price":1.21},{"type":"A","date":"2018-04-04T03:05:11.000Z","volume":2000,"label":" ","price":1.21},{"type":"B","date":"2018-04-04T03:05:13.000Z","volume":2000,"label":" ","price":1.21},{"type":"B","date":"2018-04-04T03:05:13.000Z","volume":6000,"label":" ","price":1.2},{"type":"B","date":"2018-04-04T03:05:13.000Z","volume":4000,"label":" ","price":1.18},{"type":"A","date":"2018-04-04T03:05:29.000Z","volume":2000,"label":" ","price":1.22},{"type":"B","date":"2018-04-04T03:05:34.000Z","volume":4000,"label":" ","price":1.21},{"type":"B","date":"2018-04-04T03:05:38.000Z","volume":20000,"label":" ","price":1.21},{"type":"B","date":"2018-04-04T03:05:40.000Z","volume":2000,"label":" ","price":1.21},{"type":"A","date":"2018-04-04T03:08:13.000Z","volume":2000,"label":" ","price":1.22},{"type":"A","date":"2018-04-04T03:10:25.000Z","volume":2000,"label":" ","price":1.24},{"type":"A","date":"2018-04-04T03:10:49.000Z","volume":4000,"label":" ","price":1.24},{"type":"A","date":"2018-04-04T03:10:49.000Z","volume":4000,"label":" ","price":1.24},{"type":"A","date":"2018-04-04T03:10:53.000Z","volume":16000,"label":" ","price":1.25},{"type":"A","date":"2018-04-04T03:25:42.000Z","volume":12000,"label":" ","price":1.3},{"type":"B","date":"2018-04-04T03:25:44.000Z","volume":22000,"label":" ","price":1.3},{"type":"A","date":"2018-04-04T03:29:03.000Z","volume":20000,"label":" ","price":1.3},{"type":"A","date":"2018-04-04T03:30:31.000Z","volume":6000,"label":" ","price":1.31},{"type":"B","date":"2018-04-04T03:30:32.000Z","volume":4000,"label":" ","price":1.31},{"type":"B","date":"2018-04-04T03:31:25.000Z","volume":10000,"label":" ","price":1.31},{"type":"B","date":"2018-04-04T03:31:28.000Z","volume":4000,"label":" ","price":1.31},{"type":"B","date":"2018-04-04T03:31:36.000Z","volume":2000,"label":" ","price":1.31},{"type":"B","date":"2018-04-04T03:31:47.000Z","volume":8000,"label":" ","price":1.31},{"type":"A","date":"2018-04-04T05:00:00.000Z","volume":8000,"label":" ","price":1.3},{"type":"B","date":"2018-04-04T05:00:26.000Z","volume":20000,"label":" ","price":1.3},{"type":"A","date":"2018-04-04T05:09:10.000Z","volume":10000,"label":" ","price":1.31},{"type":"B","date":"2018-04-04T05:16:16.000Z","volume":22000,"label":" ","price":1.31},{"type":"B","date":"2018-04-04T05:23:05.000Z","volume":6000,"label":" ","price":1.3},{"type":"B","date":"2018-04-04T05:27:43.000Z","volume":6000,"label":" ","price":1.28},{"type":"B","date":"2018-04-04T05:27:43.000Z","volume":16000,"label":" ","price":1.26},{"type":"B","date":"2018-04-04T05:27:43.000Z","volume":14000,"label":" ","price":1.25},{"type":"B","date":"2018-04-04T05:27:43.000Z","volume":14000,"label":" ","price":1.25},{"type":"A","date":"2018-04-04T05:30:50.000Z","volume":4000,"label":" ","price":1.27},{"type":"B","date":"2018-04-04T05:32:55.000Z","volume":30000,"label":" ","price":1.27},{"type":"A","date":"2018-04-04T06:00:47.000Z","volume":4000,"label":" ","price":1.3},{"type":"U","date":"2018-04-04T06:03:34.000Z","volume":8000,"label":" ","price":1.28},{"type":"B","date":"2018-04-04T06:07:10.000Z","volume":38000,"label":" ","price":1.27},{"type":"B","date":"2018-04-04T06:07:56.000Z","volume":4000,"label":" ","price":1.26},{"type":"B","date":"2018-04-04T06:07:56.000Z","volume":26000,"label":" ","price":1.25},{"type":"B","date":"2018-04-04T06:07:56.000Z","volume":2000,"label":" ","price":1.25},{"type":"U","date":"2018-04-04T06:08:12.000Z","volume":10000,"label":" ","price":1.26},{"type":"A","date":"2018-04-04T06:10:38.000Z","volume":6000,"label":" ","price":1.27},{"type":"U","date":"2018-04-04T06:47:57.000Z","volume":10000,"label":" ","price":1.26},{"type":"U","date":"2018-04-04T06:52:10.000Z","volume":16000,"label":" ","price":1.26},{"type":"B","date":"2018-04-04T07:19:55.000Z","volume":10000,"label":" ","price":1.24},{"type":"A","date":"2018-04-04T07:22:23.000Z","volume":10000,"label":" ","price":1.24},{"type":"A","date":"2018-04-04T07:34:12.000Z","volume":20000,"label":" ","price":1.24},{"type":"A","date":"2018-04-04T07:34:17.000Z","volume":4000,"label":" ","price":1.25},{"type":"A","date":"2018-04-04T07:35:36.000Z","volume":2000,"label":" ","price":1.25},{"type":"A","date":"2018-04-04T07:36:19.000Z","volume":4000,"label":" ","price":1.25},{"type":"B","date":"2018-04-04T07:46:50.000Z","volume":20000,"label":" ","price":1.24},{"type":"B","date":"2018-04-04T07:46:50.000Z","volume":20000,"label":" ","price":1.23},{"type":"B","date":"2018-04-04T07:46:50.000Z","volume":36000,"label":" ","price":1.22},{"type":"B","date":"2018-04-04T07:46:50.000Z","volume":42000,"label":" ","price":1.21},{"type":"B","date":"2018-04-04T07:46:50.000Z","volume":62000,"label":" ","price":1.2},{"type":"B","date":"2018-04-04T07:52:28.000Z","volume":46000,"label":" ","price":1.2},{"type":"B","date":"2018-04-04T07:52:28.000Z","volume":8000,"label":" ","price":1.18},{"type":"B","date":"2018-04-04T07:52:28.000Z","volume":44000,"label":" ","price":1.17},{"type":"B","date":"2018-04-04T07:52:28.000Z","volume":112000,"label":" ","price":1.16},{"type":"B","date":"2018-04-04T07:52:28.000Z","volume":30000,"label":" ","price":1.15},{"type":"A","date":"2018-04-04T07:52:57.000Z","volume":20000,"label":" ","price":1.2},{"type":"A","date":"2018-04-04T07:53:33.000Z","volume":2000,"label":" ","price":1.19},{"type":"A","date":"2018-04-04T07:55:25.000Z","volume":4000,"label":" ","price":1.19},{"type":"A","date":"2018-04-04T07:55:46.000Z","volume":2000,"label":" ","price":1.19},{"type":"A","date":"2018-04-04T07:57:41.000Z","volume":6000,"label":" ","price":1.19},{"type":"B","date":"2018-04-04T07:59:15.000Z","volume":8000,"label":" ","price":1.17},{"type":"B","date":"2018-04-04T07:59:15.000Z","volume":8000,"label":" ","price":1.16},{"type":"B","date":"2018-04-04T07:59:15.000Z","volume":28000,"label":" ","price":1.15},{"type":"B","date":"2018-04-04T07:59:15.000Z","volume":30000,"label":" ","price":1.14},{"type":"B","date":"2018-04-04T07:59:15.000Z","volume":20000,"label":" ","price":1.13},{"type":"B","date":"2018-04-04T07:59:15.000Z","volume":100000,"label":" ","price":1.12},{"type":"B","date":"2018-04-04T07:59:15.000Z","volume":112000,"label":" ","price":1.11},{"type":"B","date":"2018-04-04T07:59:15.000Z","volume":198000,"label":" ","price":1.1},{"type":"B","date":"2018-04-04T07:59:38.000Z","volume":12000,"label":" ","price":1.1},{"type":"A","date":"2018-04-04T07:59:45.000Z","volume":6000,"label":" ","price":1.12},{"type":"B","date":"2018-04-04T07:59:45.000Z","volume":8000,"label":" ","price":1.1},{"type":"A","date":"2018-04-04T07:59:52.000Z","volume":4000,"label":" ","price":1.12}]