[{"type":"A","date":"2018-04-09T01:49:18.000Z","volume":2000,"label":" ","price":13.18},{"type":"B","date":"2018-04-09T02:01:29.000Z","volume":2000,"label":" ","price":13.08},{"type":"A","date":"2018-04-09T02:03:43.000Z","volume":2000,"label":" ","price":13.18},{"type":"B","date":"2018-04-09T02:09:12.000Z","volume":6000,"label":" ","price":13.18},{"type":"A","date":"2018-04-09T02:09:57.000Z","volume":4000,"label":" ","price":13.18},{"type":"B","date":"2018-04-09T02:09:57.000Z","volume":2000,"label":" ","price":13.16},{"type":"A","date":"2018-04-09T02:17:25.000Z","volume":2000,"label":" ","price":13.18},{"type":"B","date":"2018-04-09T02:21:52.000Z","volume":2000,"label":" ","price":13.12},{"type":"B","date":"2018-04-09T02:28:49.000Z","volume":2000,"label":" ","price":13.16},{"type":"A","date":"2018-04-09T02:29:41.000Z","volume":2000,"label":" ","price":13.2},{"type":"B","date":"2018-04-09T02:29:41.000Z","volume":2000,"label":" ","price":13.18},{"type":"B","date":"2018-04-09T02:31:19.000Z","volume":4000,"label":" ","price":13.18},{"type":"A","date":"2018-04-09T02:32:48.000Z","volume":4000,"label":" ","price":13.2},{"type":"A","date":"2018-04-09T02:32:48.000Z","volume":4000,"label":" ","price":13.2},{"type":"A","date":"2018-04-09T02:33:52.000Z","volume":6000,"label":" ","price":13.24},{"type":"B","date":"2018-04-09T02:46:56.000Z","volume":4000,"label":" ","price":13.22},{"type":"B","date":"2018-04-09T02:51:42.000Z","volume":2000,"label":" ","price":13.2},{"type":"A","date":"2018-04-09T02:52:49.000Z","volume":2000,"label":" ","price":13.22},{"type":"B","date":"2018-04-09T02:53:11.000Z","volume":4000,"label":" ","price":13.22},{"type":"A","date":"2018-04-09T02:55:12.000Z","volume":10000,"label":" ","price":13.24},{"type":"B","date":"2018-04-09T03:06:22.000Z","volume":4000,"label":" ","price":13.2},{"type":"B","date":"2018-04-09T03:06:22.000Z","volume":2000,"label":" ","price":13.18},{"type":"A","date":"2018-04-09T03:12:13.000Z","volume":2000,"label":" ","price":13.2},{"type":"B","date":"2018-04-09T03:20:00.000Z","volume":2000,"label":" ","price":13.2},{"type":"A","date":"2018-04-09T03:20:07.000Z","volume":2000,"label":" ","price":13.24},{"type":"A","date":"2018-04-09T03:20:44.000Z","volume":2000,"label":"Y","price":13.24},{"type":"A","date":"2018-04-09T03:35:22.000Z","volume":2000,"label":" ","price":13.24},{"type":"B","date":"2018-04-09T03:49:15.000Z","volume":2000,"label":" ","price":13.22},{"type":"B","date":"2018-04-09T05:00:07.000Z","volume":8000,"label":" ","price":13.2},{"type":"B","date":"2018-04-09T05:04:10.000Z","volume":2000,"label":" ","price":13.2},{"type":"B","date":"2018-04-09T05:15:40.000Z","volume":2000,"label":" ","price":13.2},{"type":"A","date":"2018-04-09T05:23:10.000Z","volume":2000,"label":" ","price":13.24},{"type":"B","date":"2018-04-09T05:34:21.000Z","volume":2000,"label":" ","price":13.2},{"type":"A","date":"2018-04-09T05:51:10.000Z","volume":2000,"label":" ","price":13.2},{"type":"A","date":"2018-04-09T05:53:04.000Z","volume":8000,"label":" ","price":13.24},{"type":"A","date":"2018-04-09T06:06:22.000Z","volume":4000,"label":" ","price":13.22},{"type":"A","date":"2018-04-09T06:09:27.000Z","volume":4000,"label":" ","price":13.22},{"type":"A","date":"2018-04-09T06:09:27.000Z","volume":8000,"label":" ","price":13.24},{"type":"A","date":"2018-04-09T06:10:20.000Z","volume":2000,"label":" ","price":13.26},{"type":"A","date":"2018-04-09T06:15:54.000Z","volume":2000,"label":" ","price":13.26},{"type":"B","date":"2018-04-09T06:47:39.000Z","volume":2000,"label":" ","price":13.18},{"type":"A","date":"2018-04-09T06:54:47.000Z","volume":4000,"label":" ","price":13.18},{"type":"B","date":"2018-04-09T07:03:19.000Z","volume":2000,"label":" ","price":13.14},{"type":"B","date":"2018-04-09T07:03:36.000Z","volume":2000,"label":" ","price":13.12},{"type":"B","date":"2018-04-09T07:04:25.000Z","volume":6000,"label":"Y","price":13.1},{"type":"B","date":"2018-04-09T07:04:25.000Z","volume":6000,"label":" ","price":13.1},{"type":"B","date":"2018-04-09T07:04:44.000Z","volume":2000,"label":" ","price":13.08},{"type":"B","date":"2018-04-09T07:05:11.000Z","volume":2000,"label":" ","price":13.08},{"type":"B","date":"2018-04-09T07:05:11.000Z","volume":4000,"label":" ","price":13.06},{"type":"A","date":"2018-04-09T07:05:11.000Z","volume":8000,"label":" ","price":13.08},{"type":"B","date":"2018-04-09T07:11:38.000Z","volume":2000,"label":" ","price":13.12},{"type":"U","date":"2018-04-09T07:13:36.000Z","volume":100,"label":"D","price":13.02},{"type":"B","date":"2018-04-09T07:27:06.000Z","volume":2000,"label":" ","price":13.12},{"type":"A","date":"2018-04-09T07:32:06.000Z","volume":12000,"label":" ","price":13.16},{"type":"A","date":"2018-04-09T07:32:18.000Z","volume":4000,"label":" ","price":13.16},{"type":"A","date":"2018-04-09T07:37:08.000Z","volume":2000,"label":" ","price":13.14},{"type":"A","date":"2018-04-09T07:37:08.000Z","volume":4000,"label":" ","price":13.16},{"type":"A","date":"2018-04-09T07:43:18.000Z","volume":2000,"label":" ","price":13.14},{"type":"B","date":"2018-04-09T07:54:57.000Z","volume":2000,"label":" ","price":13.1}]