[{"type":"B","date":"2018-04-23T01:34:07.000Z","volume":2000,"label":" ","price":0.86},{"type":"B","date":"2018-04-23T01:36:24.000Z","volume":2000,"label":" ","price":0.86},{"type":"B","date":"2018-04-23T01:38:11.000Z","volume":20000,"label":" ","price":0.86},{"type":"B","date":"2018-04-23T01:38:23.000Z","volume":8000,"label":" ","price":0.86},{"type":"B","date":"2018-04-23T01:40:55.000Z","volume":8000,"label":" ","price":0.86},{"type":"B","date":"2018-04-23T01:41:19.000Z","volume":70000,"label":" ","price":0.85},{"type":"A","date":"2018-04-23T01:41:45.000Z","volume":60000,"label":" ","price":0.86},{"type":"B","date":"2018-04-23T01:44:31.000Z","volume":2000,"label":" ","price":0.85},{"type":"B","date":"2018-04-23T01:49:15.000Z","volume":10000,"label":" ","price":0.85},{"type":"B","date":"2018-04-23T02:00:59.000Z","volume":2000,"label":" ","price":0.85},{"type":"A","date":"2018-04-23T02:03:38.000Z","volume":2000,"label":" ","price":0.86},{"type":"B","date":"2018-04-23T02:07:02.000Z","volume":48000,"label":" ","price":0.86},{"type":"A","date":"2018-04-23T02:09:06.000Z","volume":50000,"label":" ","price":0.86},{"type":"A","date":"2018-04-23T02:10:23.000Z","volume":36000,"label":" ","price":0.86},{"type":"B","date":"2018-04-23T02:10:32.000Z","volume":14000,"label":" ","price":0.86},{"type":"A","date":"2018-04-23T02:13:42.000Z","volume":16000,"label":" ","price":0.86},{"type":"B","date":"2018-04-23T02:13:56.000Z","volume":80000,"label":" ","price":0.86},{"type":"B","date":"2018-04-23T02:17:53.000Z","volume":2000,"label":" ","price":0.86},{"type":"B","date":"2018-04-23T02:21:22.000Z","volume":2000,"label":" ","price":0.86},{"type":"A","date":"2018-04-23T02:23:03.000Z","volume":30000,"label":" ","price":0.87},{"type":"B","date":"2018-04-23T02:28:36.000Z","volume":2000,"label":" ","price":0.87},{"type":"B","date":"2018-04-23T02:42:23.000Z","volume":2000,"label":" ","price":0.87},{"type":"B","date":"2018-04-23T02:46:06.000Z","volume":2000,"label":" ","price":0.87},{"type":"B","date":"2018-04-23T02:47:08.000Z","volume":2000,"label":" ","price":0.87},{"type":"B","date":"2018-04-23T02:57:44.000Z","volume":2000,"label":" ","price":0.87},{"type":"B","date":"2018-04-23T03:12:19.000Z","volume":2000,"label":" ","price":0.87},{"type":"B","date":"2018-04-23T03:27:36.000Z","volume":4000,"label":" ","price":0.87},{"type":"B","date":"2018-04-23T03:36:07.000Z","volume":60000,"label":" ","price":0.87},{"type":"B","date":"2018-04-23T03:49:11.000Z","volume":2000,"label":" ","price":0.86},{"type":"B","date":"2018-04-23T05:22:19.000Z","volume":2000,"label":" ","price":0.86},{"type":"B","date":"2018-04-23T05:26:31.000Z","volume":10000,"label":" ","price":0.86},{"type":"B","date":"2018-04-23T05:27:51.000Z","volume":2000,"label":"Y","price":0.86},{"type":"B","date":"2018-04-23T05:37:21.000Z","volume":30000,"label":" ","price":0.86},{"type":"B","date":"2018-04-23T05:53:33.000Z","volume":2000,"label":" ","price":0.86},{"type":"B","date":"2018-04-23T05:54:02.000Z","volume":2000,"label":" ","price":0.86},{"type":"B","date":"2018-04-23T05:54:51.000Z","volume":2000,"label":" ","price":0.86},{"type":"B","date":"2018-04-23T05:55:16.000Z","volume":30000,"label":" ","price":0.86},{"type":"B","date":"2018-04-23T06:06:36.000Z","volume":2000,"label":" ","price":0.86},{"type":"B","date":"2018-04-23T06:08:52.000Z","volume":18000,"label":" ","price":0.86},{"type":"A","date":"2018-04-23T06:10:18.000Z","volume":22000,"label":" ","price":0.86},{"type":"B","date":"2018-04-23T06:30:00.000Z","volume":2000,"label":" ","price":0.86},{"type":"B","date":"2018-04-23T06:30:20.000Z","volume":20000,"label":" ","price":0.86},{"type":"B","date":"2018-04-23T06:31:39.000Z","volume":6000,"label":" ","price":0.86},{"type":"A","date":"2018-04-23T06:33:45.000Z","volume":34000,"label":" ","price":0.86},{"type":"B","date":"2018-04-23T06:40:30.000Z","volume":2000,"label":" ","price":0.86},{"type":"B","date":"2018-04-23T06:43:07.000Z","volume":10000,"label":" ","price":0.86},{"type":"B","date":"2018-04-23T06:52:13.000Z","volume":6000,"label":" ","price":0.86},{"type":"B","date":"2018-04-23T06:52:13.000Z","volume":76000,"label":" ","price":0.85},{"type":"B","date":"2018-04-23T06:53:13.000Z","volume":34000,"label":" ","price":0.86},{"type":"B","date":"2018-04-23T06:53:59.000Z","volume":2000,"label":" ","price":0.86},{"type":"B","date":"2018-04-23T06:59:15.000Z","volume":14000,"label":" ","price":0.86},{"type":"A","date":"2018-04-23T07:00:49.000Z","volume":16000,"label":" ","price":0.86},{"type":"B","date":"2018-04-23T07:25:46.000Z","volume":34000,"label":" ","price":0.86},{"type":"B","date":"2018-04-23T07:30:15.000Z","volume":12000,"label":" ","price":0.85},{"type":"B","date":"2018-04-23T07:31:43.000Z","volume":30000,"label":" ","price":0.85},{"type":"B","date":"2018-04-23T07:34:14.000Z","volume":24000,"label":" ","price":0.85},{"type":"B","date":"2018-04-23T07:37:06.000Z","volume":36000,"label":" ","price":0.85},{"type":"B","date":"2018-04-23T07:37:09.000Z","volume":44000,"label":" ","price":0.85},{"type":"A","date":"2018-04-23T07:38:57.000Z","volume":6000,"label":" ","price":0.85},{"type":"B","date":"2018-04-23T07:39:36.000Z","volume":20000,"label":" ","price":0.85},{"type":"B","date":"2018-04-23T07:39:56.000Z","volume":24000,"label":" ","price":0.85},{"type":"B","date":"2018-04-23T07:44:09.000Z","volume":4000,"label":" ","price":0.84},{"type":"B","date":"2018-04-23T07:44:51.000Z","volume":4000,"label":" ","price":0.84},{"type":"B","date":"2018-04-23T07:51:51.000Z","volume":40000,"label":" ","price":0.84},{"type":"B","date":"2018-04-23T07:52:38.000Z","volume":10000,"label":" ","price":0.84},{"type":"B","date":"2018-04-23T07:53:10.000Z","volume":2000,"label":" ","price":0.84},{"type":"B","date":"2018-04-23T07:54:29.000Z","volume":20000,"label":" ","price":0.84},{"type":"B","date":"2018-04-23T07:56:03.000Z","volume":20000,"label":" ","price":0.84},{"type":"B","date":"2018-04-23T07:56:47.000Z","volume":20000,"label":" ","price":0.84},{"type":"B","date":"2018-04-23T07:57:04.000Z","volume":20000,"label":" ","price":0.84},{"type":"A","date":"2018-04-23T07:57:30.000Z","volume":10000,"label":" ","price":0.85},{"type":"B","date":"2018-04-23T07:57:38.000Z","volume":20000,"label":" ","price":0.85},{"type":"B","date":"2018-04-23T07:57:49.000Z","volume":12000,"label":" ","price":0.85},{"type":"A","date":"2018-04-23T07:58:03.000Z","volume":22000,"label":" ","price":0.86},{"type":"A","date":"2018-04-23T07:58:51.000Z","volume":42000,"label":" ","price":0.87},{"type":"A","date":"2018-04-23T07:59:10.000Z","volume":92000,"label":" ","price":0.88},{"type":"B","date":"2018-04-23T07:59:33.000Z","volume":2000,"label":" ","price":0.88},{"type":"B","date":"2018-04-23T07:59:37.000Z","volume":6000,"label":" ","price":0.88}]