[{"type":"A","date":"2018-03-22T02:19:22.000Z","volume":15000,"label":" ","price":3.7},{"type":"A","date":"2018-03-22T02:29:20.000Z","volume":5000,"label":" ","price":3.7},{"type":"A","date":"2018-03-22T02:29:59.000Z","volume":1000,"label":" ","price":3.7},{"type":"B","date":"2018-03-22T02:37:42.000Z","volume":5000,"label":" ","price":3.65},{"type":"B","date":"2018-03-22T02:37:42.000Z","volume":10000,"label":" ","price":3.64},{"type":"B","date":"2018-03-22T02:37:42.000Z","volume":10000,"label":" ","price":3.6},{"type":"B","date":"2018-03-22T02:37:42.000Z","volume":22000,"label":" ","price":3.6},{"type":"B","date":"2018-03-22T02:37:42.000Z","volume":10000,"label":" ","price":3.64},{"type":"B","date":"2018-03-22T02:45:08.000Z","volume":10000,"label":" ","price":3.64},{"type":"B","date":"2018-03-22T02:45:08.000Z","volume":10000,"label":" ","price":3.64},{"type":"B","date":"2018-03-22T02:45:08.000Z","volume":10000,"label":" ","price":3.64},{"type":"B","date":"2018-03-22T03:01:25.000Z","volume":10000,"label":" ","price":3.64},{"type":"A","date":"2018-03-22T03:13:00.000Z","volume":1000,"label":" ","price":3.7},{"type":"A","date":"2018-03-22T05:25:04.000Z","volume":2000,"label":" ","price":3.69},{"type":"A","date":"2018-03-22T05:25:22.000Z","volume":7000,"label":" ","price":3.7},{"type":"A","date":"2018-03-22T05:25:22.000Z","volume":1000,"label":" ","price":3.7},{"type":"A","date":"2018-03-22T05:54:32.000Z","volume":20000,"label":" ","price":3.72},{"type":"A","date":"2018-03-22T05:54:32.000Z","volume":5000,"label":" ","price":3.73},{"type":"A","date":"2018-03-22T05:55:25.000Z","volume":17000,"label":" ","price":3.73},{"type":"A","date":"2018-03-22T05:55:25.000Z","volume":4000,"label":" ","price":3.73},{"type":"B","date":"2018-03-22T06:12:25.000Z","volume":6000,"label":" ","price":3.7},{"type":"B","date":"2018-03-22T07:46:47.000Z","volume":1000,"label":" ","price":3.7},{"type":"B","date":"2018-03-22T07:47:48.000Z","volume":1000,"label":" ","price":3.7},{"type":"B","date":"2018-03-22T07:51:49.000Z","volume":1000,"label":" ","price":3.7}]