[{"type":"U","date":"2018-04-25T01:20:00.000Z","volume":10000,"label":"U","price":3.02},{"type":"A","date":"2018-04-25T01:30:12.000Z","volume":3000,"label":" ","price":3.04},{"type":"A","date":"2018-04-25T01:30:12.000Z","volume":17000,"label":" ","price":3.05},{"type":"B","date":"2018-04-25T01:30:27.000Z","volume":10000,"label":" ","price":3.03},{"type":"B","date":"2018-04-25T01:30:52.000Z","volume":5000,"label":" ","price":3.04},{"type":"A","date":"2018-04-25T01:31:16.000Z","volume":30000,"label":" ","price":3.05},{"type":"A","date":"2018-04-25T01:31:18.000Z","volume":2000,"label":" ","price":3.05},{"type":"A","date":"2018-04-25T01:31:30.000Z","volume":7000,"label":" ","price":3.05},{"type":"A","date":"2018-04-25T01:31:30.000Z","volume":43000,"label":" ","price":3.06},{"type":"B","date":"2018-04-25T01:31:30.000Z","volume":10000,"label":" ","price":3.03},{"type":"A","date":"2018-04-25T01:33:25.000Z","volume":20000,"label":" ","price":3.06},{"type":"B","date":"2018-04-25T01:33:42.000Z","volume":3000,"label":" ","price":3.05},{"type":"B","date":"2018-04-25T01:33:47.000Z","volume":5000,"label":" ","price":3.05},{"type":"B","date":"2018-04-25T01:34:02.000Z","volume":7000,"label":" ","price":3.05},{"type":"B","date":"2018-04-25T01:34:10.000Z","volume":500,"label":" ","price":3.05},{"type":"B","date":"2018-04-25T01:34:13.000Z","volume":1000,"label":" ","price":3.05},{"type":"A","date":"2018-04-25T01:34:31.000Z","volume":2000,"label":" ","price":3.06},{"type":"B","date":"2018-04-25T01:34:35.000Z","volume":12500,"label":" ","price":3.04},{"type":"B","date":"2018-04-25T01:34:35.000Z","volume":41500,"label":" ","price":3.03},{"type":"B","date":"2018-04-25T01:34:35.000Z","volume":13500,"label":" ","price":3.02},{"type":"U","date":"2018-04-25T01:35:04.000Z","volume":3000,"label":" ","price":3.04},{"type":"A","date":"2018-04-25T01:35:09.000Z","volume":70000,"label":" ","price":3.05},{"type":"A","date":"2018-04-25T01:35:54.000Z","volume":5000,"label":"Y","price":3.05},{"type":"A","date":"2018-04-25T01:35:54.000Z","volume":15000,"label":" ","price":3.05},{"type":"B","date":"2018-04-25T01:36:55.000Z","volume":500,"label":" ","price":3.02},{"type":"B","date":"2018-04-25T01:37:09.000Z","volume":1500,"label":" ","price":3.02},{"type":"A","date":"2018-04-25T01:37:31.000Z","volume":20000,"label":" ","price":3.03},{"type":"B","date":"2018-04-25T01:39:22.000Z","volume":2000,"label":" ","price":3.03},{"type":"A","date":"2018-04-25T01:39:55.000Z","volume":48000,"label":" ","price":3.04},{"type":"A","date":"2018-04-25T01:40:11.000Z","volume":40000,"label":" ","price":3.04},{"type":"A","date":"2018-04-25T01:40:11.000Z","volume":1500,"label":" ","price":3.04},{"type":"A","date":"2018-04-25T01:40:26.000Z","volume":13500,"label":" ","price":3.05},{"type":"A","date":"2018-04-25T01:42:23.000Z","volume":1000,"label":" ","price":3.05},{"type":"A","date":"2018-04-25T01:42:57.000Z","volume":8000,"label":" ","price":3.05},{"type":"A","date":"2018-04-25T01:45:35.000Z","volume":6000,"label":" ","price":3.05},{"type":"A","date":"2018-04-25T01:46:07.000Z","volume":20000,"label":" ","price":3.05},{"type":"B","date":"2018-04-25T01:46:20.000Z","volume":30000,"label":" ","price":3.04},{"type":"B","date":"2018-04-25T01:46:20.000Z","volume":11000,"label":" ","price":3.04},{"type":"A","date":"2018-04-25T01:46:27.000Z","volume":16000,"label":" ","price":3.05},{"type":"A","date":"2018-04-25T01:47:23.000Z","volume":1000,"label":" ","price":3.05},{"type":"B","date":"2018-04-25T01:50:10.000Z","volume":500,"label":" ","price":3.04},{"type":"B","date":"2018-04-25T01:50:25.000Z","volume":500,"label":" ","price":3.04},{"type":"B","date":"2018-04-25T01:50:25.000Z","volume":7000,"label":" ","price":3.04},{"type":"B","date":"2018-04-25T01:51:41.000Z","volume":14000,"label":" ","price":3.03},{"type":"B","date":"2018-04-25T01:51:47.000Z","volume":9500,"label":" ","price":3.03},{"type":"A","date":"2018-04-25T01:56:01.000Z","volume":10000,"label":" ","price":3.04},{"type":"A","date":"2018-04-25T01:57:18.000Z","volume":2000,"label":" ","price":3.03},{"type":"A","date":"2018-04-25T02:02:52.000Z","volume":25000,"label":" ","price":3.03},{"type":"A","date":"2018-04-25T02:02:53.000Z","volume":3500,"label":" ","price":3.03},{"type":"A","date":"2018-04-25T02:03:18.000Z","volume":40000,"label":" ","price":3.03},{"type":"A","date":"2018-04-25T02:03:18.000Z","volume":10000,"label":" ","price":3.03},{"type":"U","date":"2018-04-25T02:03:18.000Z","volume":10000,"label":" ","price":3.03},{"type":"A","date":"2018-04-25T02:03:49.000Z","volume":2000,"label":" ","price":3.03},{"type":"B","date":"2018-04-25T02:08:23.000Z","volume":22000,"label":" ","price":3.02},{"type":"B","date":"2018-04-25T02:08:23.000Z","volume":10000,"label":" ","price":3.02},{"type":"B","date":"2018-04-25T02:09:28.000Z","volume":10500,"label":" ","price":3.02},{"type":"B","date":"2018-04-25T02:09:31.000Z","volume":20000,"label":" ","price":3.02},{"type":"B","date":"2018-04-25T02:09:31.000Z","volume":8000,"label":" ","price":3.02},{"type":"B","date":"2018-04-25T02:09:53.000Z","volume":10000,"label":" ","price":3.02},{"type":"B","date":"2018-04-25T02:09:55.000Z","volume":2000,"label":" ","price":3.02},{"type":"B","date":"2018-04-25T02:09:55.000Z","volume":1000,"label":" ","price":3.02},{"type":"B","date":"2018-04-25T02:10:09.000Z","volume":3500,"label":" ","price":3.01},{"type":"B","date":"2018-04-25T02:10:09.000Z","volume":7000,"label":" ","price":3.01},{"type":"B","date":"2018-04-25T02:10:46.000Z","volume":6000,"label":" ","price":3.01},{"type":"B","date":"2018-04-25T02:12:37.000Z","volume":3500,"label":" ","price":3.01},{"type":"A","date":"2018-04-25T02:13:52.000Z","volume":10000,"label":" ","price":3.02},{"type":"A","date":"2018-04-25T02:14:28.000Z","volume":10000,"label":" ","price":3.02},{"type":"A","date":"2018-04-25T02:15:19.000Z","volume":2000,"label":" ","price":3.02},{"type":"A","date":"2018-04-25T02:17:52.000Z","volume":5000,"label":" ","price":3.02},{"type":"A","date":"2018-04-25T02:18:07.000Z","volume":13500,"label":" ","price":3.02},{"type":"B","date":"2018-04-25T02:21:33.000Z","volume":6500,"label":" ","price":3.02},{"type":"B","date":"2018-04-25T02:24:39.000Z","volume":7500,"label":" ","price":3.02},{"type":"B","date":"2018-04-25T02:25:28.000Z","volume":5000,"label":"Y","price":3.02},{"type":"B","date":"2018-04-25T02:25:28.000Z","volume":14500,"label":" ","price":3.02},{"type":"A","date":"2018-04-25T02:25:28.000Z","volume":500,"label":" ","price":3.02},{"type":"B","date":"2018-04-25T02:26:54.000Z","volume":104000,"label":" ","price":3.01},{"type":"A","date":"2018-04-25T02:26:54.000Z","volume":500,"label":" ","price":3.02},{"type":"A","date":"2018-04-25T02:27:33.000Z","volume":20000,"label":" ","price":3.02},{"type":"A","date":"2018-04-25T02:28:40.000Z","volume":10000,"label":" ","price":3.03},{"type":"B","date":"2018-04-25T02:28:44.000Z","volume":1500,"label":" ","price":3.02},{"type":"A","date":"2018-04-25T02:28:44.000Z","volume":2500,"label":" ","price":3.03},{"type":"A","date":"2018-04-25T02:29:22.000Z","volume":5500,"label":" ","price":3.03},{"type":"B","date":"2018-04-25T02:30:57.000Z","volume":4500,"label":" ","price":3.02},{"type":"B","date":"2018-04-25T02:31:31.000Z","volume":22500,"label":" ","price":3.02},{"type":"A","date":"2018-04-25T02:31:33.000Z","volume":7500,"label":" ","price":3.02},{"type":"A","date":"2018-04-25T02:31:33.000Z","volume":2500,"label":" ","price":3.03},{"type":"A","date":"2018-04-25T02:35:49.000Z","volume":10000,"label":" ","price":3.03},{"type":"B","date":"2018-04-25T02:37:01.000Z","volume":27500,"label":" ","price":3.02},{"type":"B","date":"2018-04-25T02:37:01.000Z","volume":4500,"label":" ","price":3.02},{"type":"B","date":"2018-04-25T02:43:10.000Z","volume":500,"label":"Y","price":3.02},{"type":"B","date":"2018-04-25T02:43:10.000Z","volume":500,"label":"Y","price":3.02},{"type":"B","date":"2018-04-25T02:46:23.000Z","volume":7000,"label":" ","price":3.02},{"type":"A","date":"2018-04-25T02:46:23.000Z","volume":3000,"label":" ","price":3.02},{"type":"B","date":"2018-04-25T02:50:25.000Z","volume":20000,"label":" ","price":3.01},{"type":"B","date":"2018-04-25T02:50:54.000Z","volume":18000,"label":" ","price":3.01},{"type":"A","date":"2018-04-25T02:50:54.000Z","volume":2000,"label":" ","price":3.01},{"type":"A","date":"2018-04-25T02:51:20.000Z","volume":2000,"label":" ","price":3.02},{"type":"B","date":"2018-04-25T02:52:35.000Z","volume":10000,"label":" ","price":3},{"type":"A","date":"2018-04-25T02:52:55.000Z","volume":4000,"label":" ","price":3.01},{"type":"A","date":"2018-04-25T02:53:04.000Z","volume":15000,"label":" ","price":3.01},{"type":"A","date":"2018-04-25T02:53:04.000Z","volume":5000,"label":" ","price":3.01},{"type":"A","date":"2018-04-25T02:53:42.000Z","volume":1500,"label":" ","price":3.01},{"type":"B","date":"2018-04-25T02:58:12.000Z","volume":20000,"label":" ","price":3},{"type":"B","date":"2018-04-25T02:58:43.000Z","volume":40000,"label":" ","price":3},{"type":"B","date":"2018-04-25T02:58:43.000Z","volume":54000,"label":" ","price":3},{"type":"B","date":"2018-04-25T02:59:12.000Z","volume":10000,"label":" ","price":2.99},{"type":"B","date":"2018-04-25T02:59:40.000Z","volume":31000,"label":" ","price":2.99},{"type":"B","date":"2018-04-25T02:59:57.000Z","volume":30000,"label":" ","price":2.98},{"type":"B","date":"2018-04-25T03:00:17.000Z","volume":2000,"label":" ","price":2.98},{"type":"B","date":"2018-04-25T03:00:22.000Z","volume":4000,"label":" ","price":2.98},{"type":"B","date":"2018-04-25T03:00:25.000Z","volume":3000,"label":" ","price":2.98},{"type":"B","date":"2018-04-25T03:00:27.000Z","volume":22500,"label":" ","price":2.98},{"type":"B","date":"2018-04-25T03:00:34.000Z","volume":80000,"label":" ","price":2.97},{"type":"B","date":"2018-04-25T03:00:36.000Z","volume":40000,"label":" ","price":2.97},{"type":"B","date":"2018-04-25T03:00:36.000Z","volume":14500,"label":" ","price":2.97},{"type":"A","date":"2018-04-25T03:00:43.000Z","volume":20000,"label":" ","price":2.97},{"type":"B","date":"2018-04-25T03:00:45.000Z","volume":10000,"label":" ","price":2.97},{"type":"A","date":"2018-04-25T03:00:55.000Z","volume":10000,"label":" ","price":2.97},{"type":"B","date":"2018-04-25T03:01:01.000Z","volume":10000,"label":" ","price":2.97},{"type":"B","date":"2018-04-25T03:01:01.000Z","volume":20000,"label":" ","price":2.96},{"type":"B","date":"2018-04-25T03:01:19.000Z","volume":15000,"label":" ","price":2.96},{"type":"B","date":"2018-04-25T03:01:33.000Z","volume":20000,"label":" ","price":2.96},{"type":"B","date":"2018-04-25T03:01:40.000Z","volume":4000,"label":" ","price":2.96},{"type":"B","date":"2018-04-25T03:01:58.000Z","volume":6000,"label":" ","price":2.96},{"type":"A","date":"2018-04-25T03:02:05.000Z","volume":1000,"label":" ","price":2.97},{"type":"A","date":"2018-04-25T03:02:05.000Z","volume":4500,"label":" ","price":2.97},{"type":"B","date":"2018-04-25T03:02:28.000Z","volume":3500,"label":" ","price":2.96},{"type":"B","date":"2018-04-25T03:02:52.000Z","volume":5500,"label":" ","price":2.97},{"type":"A","date":"2018-04-25T03:02:52.000Z","volume":9500,"label":" ","price":2.97},{"type":"B","date":"2018-04-25T03:02:54.000Z","volume":12000,"label":" ","price":2.96},{"type":"A","date":"2018-04-25T03:02:59.000Z","volume":6000,"label":" ","price":2.98},{"type":"A","date":"2018-04-25T03:02:59.000Z","volume":1000,"label":" ","price":2.98},{"type":"B","date":"2018-04-25T03:03:11.000Z","volume":50000,"label":" ","price":2.96},{"type":"B","date":"2018-04-25T03:03:14.000Z","volume":120000,"label":" ","price":2.96},{"type":"A","date":"2018-04-25T03:03:20.000Z","volume":4500,"label":" ","price":2.97},{"type":"A","date":"2018-04-25T03:04:06.000Z","volume":500,"label":" ","price":2.98},{"type":"A","date":"2018-04-25T03:04:06.000Z","volume":9000,"label":" ","price":2.99},{"type":"A","date":"2018-04-25T03:04:06.000Z","volume":20500,"label":" ","price":3},{"type":"A","date":"2018-04-25T03:04:31.000Z","volume":500,"label":" ","price":3},{"type":"A","date":"2018-04-25T03:05:06.000Z","volume":20000,"label":" ","price":3},{"type":"A","date":"2018-04-25T03:05:07.000Z","volume":10000,"label":" ","price":3},{"type":"A","date":"2018-04-25T03:05:12.000Z","volume":1000,"label":" ","price":3},{"type":"A","date":"2018-04-25T03:05:27.000Z","volume":3500,"label":" ","price":3.01},{"type":"A","date":"2018-04-25T03:05:35.000Z","volume":15000,"label":" ","price":3.01},{"type":"A","date":"2018-04-25T03:06:00.000Z","volume":10000,"label":" ","price":3.01},{"type":"A","date":"2018-04-25T03:06:05.000Z","volume":10000,"label":" ","price":3.01},{"type":"A","date":"2018-04-25T03:07:51.000Z","volume":2000,"label":" ","price":3.01},{"type":"A","date":"2018-04-25T03:08:24.000Z","volume":65500,"label":" ","price":3.01},{"type":"A","date":"2018-04-25T03:11:26.000Z","volume":5000,"label":" ","price":3.02},{"type":"B","date":"2018-04-25T03:12:10.000Z","volume":3000,"label":" ","price":3.01},{"type":"A","date":"2018-04-25T03:13:52.000Z","volume":500,"label":"Y","price":3.02},{"type":"A","date":"2018-04-25T03:13:52.000Z","volume":19500,"label":" ","price":3.02},{"type":"A","date":"2018-04-25T03:15:49.000Z","volume":4000,"label":" ","price":3.03},{"type":"A","date":"2018-04-25T03:19:59.000Z","volume":2000,"label":" ","price":3.02},{"type":"A","date":"2018-04-25T03:23:46.000Z","volume":2000,"label":" ","price":3.02},{"type":"B","date":"2018-04-25T03:24:55.000Z","volume":1000,"label":" ","price":3.01},{"type":"A","date":"2018-04-25T03:27:01.000Z","volume":2500,"label":" ","price":3.02},{"type":"B","date":"2018-04-25T03:27:43.000Z","volume":20000,"label":" ","price":3.01},{"type":"B","date":"2018-04-25T03:27:43.000Z","volume":13500,"label":" ","price":3.01},{"type":"A","date":"2018-04-25T03:27:44.000Z","volume":6500,"label":" ","price":3.01},{"type":"B","date":"2018-04-25T03:28:05.000Z","volume":10000,"label":" ","price":3},{"type":"A","date":"2018-04-25T03:29:22.000Z","volume":15000,"label":" ","price":3.02},{"type":"A","date":"2018-04-25T03:33:16.000Z","volume":2000,"label":" ","price":3.02},{"type":"B","date":"2018-04-25T03:40:40.000Z","volume":500,"label":" ","price":3.01},{"type":"B","date":"2018-04-25T03:42:11.000Z","volume":2000,"label":" ","price":3.01},{"type":"B","date":"2018-04-25T03:42:17.000Z","volume":9000,"label":" ","price":3.01},{"type":"B","date":"2018-04-25T03:42:45.000Z","volume":16500,"label":" ","price":3},{"type":"B","date":"2018-04-25T03:42:52.000Z","volume":32000,"label":" ","price":3},{"type":"A","date":"2018-04-25T03:42:52.000Z","volume":11000,"label":" ","price":3.01},{"type":"A","date":"2018-04-25T03:44:33.000Z","volume":16000,"label":" ","price":3.02},{"type":"A","date":"2018-04-25T03:44:33.000Z","volume":45000,"label":" ","price":3.03},{"type":"A","date":"2018-04-25T03:44:33.000Z","volume":139000,"label":" ","price":3.04},{"type":"A","date":"2018-04-25T03:50:41.000Z","volume":10000,"label":" ","price":3.05},{"type":"A","date":"2018-04-25T03:50:41.000Z","volume":8500,"label":" ","price":3.05},{"type":"A","date":"2018-04-25T03:51:00.000Z","volume":179000,"label":" ","price":3.05},{"type":"A","date":"2018-04-25T03:51:07.000Z","volume":20000,"label":" ","price":3.06},{"type":"A","date":"2018-04-25T03:51:07.000Z","volume":25500,"label":" ","price":3.06},{"type":"A","date":"2018-04-25T03:51:07.000Z","volume":12500,"label":" ","price":3.06},{"type":"A","date":"2018-04-25T03:51:11.000Z","volume":5000,"label":" ","price":3.06},{"type":"A","date":"2018-04-25T03:51:11.000Z","volume":2000,"label":" ","price":3.06},{"type":"A","date":"2018-04-25T03:51:12.000Z","volume":39000,"label":" ","price":3.07},{"type":"A","date":"2018-04-25T03:51:25.000Z","volume":5000,"label":" ","price":3.07},{"type":"A","date":"2018-04-25T03:51:25.000Z","volume":6000,"label":" ","price":3.07},{"type":"A","date":"2018-04-25T03:52:17.000Z","volume":40000,"label":" ","price":3.08},{"type":"A","date":"2018-04-25T03:52:38.000Z","volume":10000,"label":" ","price":3.07},{"type":"A","date":"2018-04-25T03:53:10.000Z","volume":178000,"label":" ","price":3.08},{"type":"B","date":"2018-04-25T03:53:22.000Z","volume":10000,"label":" ","price":3.08},{"type":"B","date":"2018-04-25T03:53:22.000Z","volume":12500,"label":" ","price":3.08},{"type":"A","date":"2018-04-25T03:53:30.000Z","volume":3000,"label":" ","price":3.09},{"type":"B","date":"2018-04-25T03:54:29.000Z","volume":13500,"label":" ","price":3.07},{"type":"A","date":"2018-04-25T03:54:32.000Z","volume":30000,"label":" ","price":3.07},{"type":"A","date":"2018-04-25T03:54:32.000Z","volume":6500,"label":" ","price":3.07},{"type":"A","date":"2018-04-25T03:54:49.000Z","volume":5000,"label":" ","price":3.08},{"type":"A","date":"2018-04-25T03:54:49.000Z","volume":500,"label":" ","price":3.09},{"type":"A","date":"2018-04-25T03:55:33.000Z","volume":20000,"label":" ","price":3.08},{"type":"A","date":"2018-04-25T03:55:33.000Z","volume":123000,"label":" ","price":3.09},{"type":"A","date":"2018-04-25T03:55:33.000Z","volume":215000,"label":" ","price":3.1},{"type":"A","date":"2018-04-25T03:55:33.000Z","volume":392000,"label":" ","price":3.11},{"type":"A","date":"2018-04-25T03:55:42.000Z","volume":50000,"label":" ","price":3.11},{"type":"A","date":"2018-04-25T03:55:46.000Z","volume":40000,"label":" ","price":3.11},{"type":"A","date":"2018-04-25T03:55:46.000Z","volume":3000,"label":" ","price":3.11},{"type":"A","date":"2018-04-25T03:55:49.000Z","volume":2000,"label":" ","price":3.13},{"type":"A","date":"2018-04-25T03:56:10.000Z","volume":2500,"label":" ","price":3.12},{"type":"A","date":"2018-04-25T03:56:12.000Z","volume":6000,"label":" ","price":3.12},{"type":"A","date":"2018-04-25T03:56:12.000Z","volume":2500,"label":" ","price":3.12},{"type":"A","date":"2018-04-25T03:56:14.000Z","volume":4000,"label":" ","price":3.12},{"type":"A","date":"2018-04-25T03:56:23.000Z","volume":1500,"label":" ","price":3.12},{"type":"A","date":"2018-04-25T03:56:23.000Z","volume":10000,"label":" ","price":3.12},{"type":"A","date":"2018-04-25T03:56:27.000Z","volume":9000,"label":" ","price":3.12},{"type":"A","date":"2018-04-25T03:56:27.000Z","volume":1000,"label":" ","price":3.12},{"type":"A","date":"2018-04-25T03:57:01.000Z","volume":20000,"label":" ","price":3.12},{"type":"A","date":"2018-04-25T03:57:01.000Z","volume":10000,"label":" ","price":3.13},{"type":"A","date":"2018-04-25T03:57:27.000Z","volume":2000,"label":" ","price":3.12},{"type":"A","date":"2018-04-25T03:59:13.000Z","volume":4000,"label":" ","price":3.13},{"type":"A","date":"2018-04-25T03:59:30.000Z","volume":10000,"label":" ","price":3.13},{"type":"A","date":"2018-04-25T03:59:53.000Z","volume":10000,"label":" ","price":3.13},{"type":"A","date":"2018-04-25T05:00:00.000Z","volume":10000,"label":" ","price":3.12},{"type":"A","date":"2018-04-25T05:00:01.000Z","volume":4000,"label":" ","price":3.12},{"type":"B","date":"2018-04-25T05:00:02.000Z","volume":6500,"label":" ","price":3.12},{"type":"B","date":"2018-04-25T05:00:02.000Z","volume":2000,"label":" ","price":3.1},{"type":"B","date":"2018-04-25T05:00:02.000Z","volume":500,"label":" ","price":3.1},{"type":"B","date":"2018-04-25T05:00:02.000Z","volume":11000,"label":" ","price":3.09},{"type":"B","date":"2018-04-25T05:00:02.000Z","volume":3500,"label":" ","price":3.09},{"type":"A","date":"2018-04-25T05:00:05.000Z","volume":9500,"label":" ","price":3.12},{"type":"A","date":"2018-04-25T05:00:06.000Z","volume":9500,"label":" ","price":3.12},{"type":"B","date":"2018-04-25T05:00:07.000Z","volume":1000,"label":" ","price":3.12},{"type":"B","date":"2018-04-25T05:00:09.000Z","volume":9500,"label":" ","price":3.12},{"type":"A","date":"2018-04-25T05:00:09.000Z","volume":9000,"label":" ","price":3.11},{"type":"A","date":"2018-04-25T05:00:09.000Z","volume":1500,"label":" ","price":3.11},{"type":"B","date":"2018-04-25T05:00:09.000Z","volume":9000,"label":" ","price":3.12},{"type":"A","date":"2018-04-25T05:00:09.000Z","volume":6000,"label":" ","price":3.11},{"type":"B","date":"2018-04-25T05:00:10.000Z","volume":1000,"label":" ","price":3.12},{"type":"A","date":"2018-04-25T05:00:12.000Z","volume":14000,"label":" ","price":3.13},{"type":"B","date":"2018-04-25T05:00:13.000Z","volume":3500,"label":" ","price":3.12},{"type":"A","date":"2018-04-25T05:00:13.000Z","volume":9500,"label":" ","price":3.12},{"type":"A","date":"2018-04-25T05:00:13.000Z","volume":7000,"label":" ","price":3.12},{"type":"B","date":"2018-04-25T05:00:22.000Z","volume":7000,"label":" ","price":3.12},{"type":"B","date":"2018-04-25T05:00:22.000Z","volume":3000,"label":" ","price":3.12},{"type":"A","date":"2018-04-25T05:00:23.000Z","volume":1000,"label":" ","price":3.13},{"type":"B","date":"2018-04-25T05:00:25.000Z","volume":1000,"label":" ","price":3.12},{"type":"A","date":"2018-04-25T05:00:56.000Z","volume":12000,"label":" ","price":3.13},{"type":"A","date":"2018-04-25T05:01:29.000Z","volume":50000,"label":" ","price":3.14},{"type":"A","date":"2018-04-25T05:01:31.000Z","volume":60000,"label":" ","price":3.14},{"type":"A","date":"2018-04-25T05:01:34.000Z","volume":3000,"label":" ","price":3.14},{"type":"A","date":"2018-04-25T05:01:35.000Z","volume":19500,"label":" ","price":3.14},{"type":"A","date":"2018-04-25T05:01:35.000Z","volume":500,"label":"Y","price":3.14},{"type":"B","date":"2018-04-25T05:01:38.000Z","volume":19500,"label":"Y","price":3.14},{"type":"B","date":"2018-04-25T05:01:54.000Z","volume":500,"label":" ","price":3.13},{"type":"A","date":"2018-04-25T05:03:24.000Z","volume":3500,"label":" ","price":3.14},{"type":"A","date":"2018-04-25T05:04:03.000Z","volume":10000,"label":" ","price":3.13},{"type":"A","date":"2018-04-25T05:04:12.000Z","volume":2000,"label":" ","price":3.14},{"type":"A","date":"2018-04-25T05:04:23.000Z","volume":8500,"label":" ","price":3.14},{"type":"A","date":"2018-04-25T05:04:32.000Z","volume":500,"label":" ","price":3.14},{"type":"B","date":"2018-04-25T05:04:32.000Z","volume":500,"label":" ","price":3.13},{"type":"B","date":"2018-04-25T05:04:36.000Z","volume":9500,"label":" ","price":3.13},{"type":"A","date":"2018-04-25T05:04:42.000Z","volume":500,"label":" ","price":3.13},{"type":"B","date":"2018-04-25T05:05:08.000Z","volume":5000,"label":" ","price":3.12},{"type":"B","date":"2018-04-25T05:05:10.000Z","volume":500,"label":" ","price":3.12},{"type":"A","date":"2018-04-25T05:05:15.000Z","volume":15000,"label":" ","price":3.13},{"type":"A","date":"2018-04-25T05:05:48.000Z","volume":10500,"label":" ","price":3.14},{"type":"A","date":"2018-04-25T05:06:28.000Z","volume":40000,"label":" ","price":3.15},{"type":"A","date":"2018-04-25T05:06:30.000Z","volume":25500,"label":" ","price":3.15},{"type":"A","date":"2018-04-25T05:06:35.000Z","volume":1500,"label":" ","price":3.16},{"type":"A","date":"2018-04-25T05:06:43.000Z","volume":4000,"label":" ","price":3.17},{"type":"A","date":"2018-04-25T05:06:53.000Z","volume":10000,"label":" ","price":3.17},{"type":"A","date":"2018-04-25T05:07:06.000Z","volume":5000,"label":" ","price":3.17},{"type":"B","date":"2018-04-25T05:07:13.000Z","volume":1000,"label":" ","price":3.16},{"type":"B","date":"2018-04-25T05:07:21.000Z","volume":500,"label":" ","price":3.15},{"type":"A","date":"2018-04-25T05:07:32.000Z","volume":3500,"label":" ","price":3.15},{"type":"A","date":"2018-04-25T05:07:32.000Z","volume":3000,"label":" ","price":3.16},{"type":"A","date":"2018-04-25T05:07:32.000Z","volume":3500,"label":" ","price":3.17},{"type":"A","date":"2018-04-25T05:08:07.000Z","volume":5000,"label":" ","price":3.16},{"type":"A","date":"2018-04-25T05:08:44.000Z","volume":25000,"label":" ","price":3.16},{"type":"B","date":"2018-04-25T05:09:15.000Z","volume":2000,"label":" ","price":3.16},{"type":"B","date":"2018-04-25T05:09:15.000Z","volume":5500,"label":" ","price":3.16},{"type":"B","date":"2018-04-25T05:10:12.000Z","volume":5000,"label":" ","price":3.16},{"type":"B","date":"2018-04-25T05:10:36.000Z","volume":6000,"label":" ","price":3.15},{"type":"B","date":"2018-04-25T05:10:40.000Z","volume":2000,"label":" ","price":3.15},{"type":"B","date":"2018-04-25T05:11:00.000Z","volume":2500,"label":"Y","price":3.15},{"type":"B","date":"2018-04-25T05:11:00.000Z","volume":10000,"label":" ","price":3.15},{"type":"B","date":"2018-04-25T05:11:00.000Z","volume":5000,"label":" ","price":3.15},{"type":"B","date":"2018-04-25T05:13:59.000Z","volume":5000,"label":" ","price":3.14},{"type":"A","date":"2018-04-25T05:14:02.000Z","volume":3000,"label":" ","price":3.15},{"type":"B","date":"2018-04-25T05:14:05.000Z","volume":7000,"label":" ","price":3.15},{"type":"A","date":"2018-04-25T05:14:15.000Z","volume":6000,"label":" ","price":3.15},{"type":"A","date":"2018-04-25T05:15:07.000Z","volume":2500,"label":" ","price":3.15},{"type":"B","date":"2018-04-25T05:15:14.000Z","volume":12500,"label":" ","price":3.13},{"type":"A","date":"2018-04-25T05:16:52.000Z","volume":9000,"label":" ","price":3.13},{"type":"A","date":"2018-04-25T05:16:53.000Z","volume":5500,"label":" ","price":3.13},{"type":"B","date":"2018-04-25T05:17:18.000Z","volume":59500,"label":" ","price":3.13},{"type":"B","date":"2018-04-25T05:17:38.000Z","volume":8500,"label":" ","price":3.12},{"type":"B","date":"2018-04-25T05:19:02.000Z","volume":500,"label":" ","price":3.12},{"type":"A","date":"2018-04-25T05:19:02.000Z","volume":7500,"label":" ","price":3.12},{"type":"A","date":"2018-04-25T05:21:27.000Z","volume":10000,"label":" ","price":3.13},{"type":"A","date":"2018-04-25T05:21:27.000Z","volume":500,"label":" ","price":3.13},{"type":"A","date":"2018-04-25T05:23:58.000Z","volume":5000,"label":" ","price":3.14},{"type":"A","date":"2018-04-25T05:24:44.000Z","volume":1000,"label":" ","price":3.14},{"type":"A","date":"2018-04-25T05:24:47.000Z","volume":30000,"label":" ","price":3.14},{"type":"A","date":"2018-04-25T05:25:25.000Z","volume":7000,"label":" ","price":3.15},{"type":"A","date":"2018-04-25T05:25:25.000Z","volume":8000,"label":" ","price":3.15},{"type":"A","date":"2018-04-25T05:25:51.000Z","volume":1500,"label":" ","price":3.15},{"type":"A","date":"2018-04-25T05:26:20.000Z","volume":6000,"label":" ","price":3.15},{"type":"A","date":"2018-04-25T05:27:38.000Z","volume":20000,"label":" ","price":3.15},{"type":"A","date":"2018-04-25T05:28:38.000Z","volume":1000,"label":" ","price":3.15},{"type":"A","date":"2018-04-25T05:29:19.000Z","volume":15000,"label":" ","price":3.15},{"type":"A","date":"2018-04-25T05:29:25.000Z","volume":15000,"label":" ","price":3.15},{"type":"A","date":"2018-04-25T05:29:25.000Z","volume":500,"label":" ","price":3.15},{"type":"A","date":"2018-04-25T05:29:25.000Z","volume":3500,"label":" ","price":3.15},{"type":"A","date":"2018-04-25T05:29:42.000Z","volume":65000,"label":" ","price":3.16},{"type":"A","date":"2018-04-25T05:30:06.000Z","volume":6000,"label":" ","price":3.16},{"type":"A","date":"2018-04-25T05:30:19.000Z","volume":1500,"label":" ","price":3.16},{"type":"A","date":"2018-04-25T05:30:23.000Z","volume":2500,"label":" ","price":3.16},{"type":"A","date":"2018-04-25T05:30:48.000Z","volume":500,"label":" ","price":3.16},{"type":"A","date":"2018-04-25T05:32:31.000Z","volume":25000,"label":" ","price":3.16},{"type":"A","date":"2018-04-25T05:33:06.000Z","volume":20000,"label":" ","price":3.16},{"type":"B","date":"2018-04-25T05:33:13.000Z","volume":20000,"label":" ","price":3.15},{"type":"B","date":"2018-04-25T05:33:13.000Z","volume":500,"label":"Y","price":3.15},{"type":"B","date":"2018-04-25T05:33:13.000Z","volume":7000,"label":" ","price":3.15},{"type":"A","date":"2018-04-25T05:33:15.000Z","volume":10000,"label":" ","price":3.16},{"type":"A","date":"2018-04-25T05:33:16.000Z","volume":8000,"label":" ","price":3.16},{"type":"A","date":"2018-04-25T05:35:00.000Z","volume":1000,"label":" ","price":3.17},{"type":"A","date":"2018-04-25T05:37:16.000Z","volume":2000,"label":" ","price":3.15},{"type":"A","date":"2018-04-25T05:37:16.000Z","volume":3000,"label":" ","price":3.16},{"type":"A","date":"2018-04-25T05:38:02.000Z","volume":20000,"label":" ","price":3.15},{"type":"A","date":"2018-04-25T05:38:32.000Z","volume":37000,"label":" ","price":3.16},{"type":"A","date":"2018-04-25T05:39:04.000Z","volume":27500,"label":" ","price":3.17},{"type":"A","date":"2018-04-25T05:39:04.000Z","volume":102500,"label":" ","price":3.18},{"type":"A","date":"2018-04-25T05:39:04.000Z","volume":9500,"label":" ","price":3.18},{"type":"A","date":"2018-04-25T05:39:53.000Z","volume":4000,"label":" ","price":3.18},{"type":"A","date":"2018-04-25T05:39:54.000Z","volume":2000,"label":"Y","price":3.18},{"type":"A","date":"2018-04-25T05:39:54.000Z","volume":10500,"label":" ","price":3.18},{"type":"A","date":"2018-04-25T05:39:59.000Z","volume":5500,"label":" ","price":3.18},{"type":"A","date":"2018-04-25T05:40:00.000Z","volume":120500,"label":" ","price":3.19},{"type":"A","date":"2018-04-25T05:40:00.000Z","volume":7000,"label":" ","price":3.19},{"type":"B","date":"2018-04-25T05:40:19.000Z","volume":10000,"label":" ","price":3.18},{"type":"A","date":"2018-04-25T05:40:34.000Z","volume":5000,"label":" ","price":3.18},{"type":"B","date":"2018-04-25T05:40:36.000Z","volume":5000,"label":" ","price":3.18},{"type":"A","date":"2018-04-25T05:40:46.000Z","volume":17000,"label":" ","price":3.18},{"type":"A","date":"2018-04-25T05:40:56.000Z","volume":30000,"label":" ","price":3.19},{"type":"A","date":"2018-04-25T05:41:02.000Z","volume":30000,"label":" ","price":3.19},{"type":"A","date":"2018-04-25T05:41:11.000Z","volume":20000,"label":" ","price":3.19},{"type":"A","date":"2018-04-25T05:41:11.000Z","volume":28500,"label":" ","price":3.19},{"type":"A","date":"2018-04-25T05:41:17.000Z","volume":20000,"label":" ","price":3.2},{"type":"A","date":"2018-04-25T05:41:27.000Z","volume":25000,"label":" ","price":3.2},{"type":"A","date":"2018-04-25T05:41:46.000Z","volume":135000,"label":" ","price":3.2},{"type":"A","date":"2018-04-25T05:41:46.000Z","volume":500,"label":" ","price":3.2},{"type":"A","date":"2018-04-25T05:42:02.000Z","volume":2000,"label":" ","price":3.21},{"type":"A","date":"2018-04-25T05:42:05.000Z","volume":1000,"label":" ","price":3.21},{"type":"A","date":"2018-04-25T05:42:18.000Z","volume":20000,"label":" ","price":3.21},{"type":"A","date":"2018-04-25T05:42:57.000Z","volume":9000,"label":" ","price":3.22},{"type":"A","date":"2018-04-25T05:43:18.000Z","volume":4500,"label":" ","price":3.22},{"type":"A","date":"2018-04-25T05:43:20.000Z","volume":2000,"label":" ","price":3.22},{"type":"A","date":"2018-04-25T05:43:21.000Z","volume":4500,"label":" ","price":3.22},{"type":"A","date":"2018-04-25T05:43:21.000Z","volume":10000,"label":" ","price":3.22},{"type":"A","date":"2018-04-25T05:43:31.000Z","volume":11500,"label":" ","price":3.23},{"type":"B","date":"2018-04-25T05:44:03.000Z","volume":5000,"label":" ","price":3.23},{"type":"B","date":"2018-04-25T05:44:03.000Z","volume":3500,"label":" ","price":3.23},{"type":"B","date":"2018-04-25T05:44:09.000Z","volume":4500,"label":" ","price":3.22},{"type":"A","date":"2018-04-25T05:44:15.000Z","volume":5500,"label":" ","price":3.22},{"type":"A","date":"2018-04-25T05:44:15.000Z","volume":500,"label":" ","price":3.23},{"type":"B","date":"2018-04-25T05:44:15.000Z","volume":2500,"label":" ","price":3.21},{"type":"A","date":"2018-04-25T05:44:19.000Z","volume":500,"label":" ","price":3.21},{"type":"A","date":"2018-04-25T05:44:35.000Z","volume":26500,"label":" ","price":3.23},{"type":"B","date":"2018-04-25T05:44:37.000Z","volume":6500,"label":" ","price":3.23},{"type":"A","date":"2018-04-25T05:45:28.000Z","volume":6000,"label":" ","price":3.23},{"type":"A","date":"2018-04-25T05:45:35.000Z","volume":3000,"label":" ","price":3.23},{"type":"A","date":"2018-04-25T05:45:37.000Z","volume":7000,"label":" ","price":3.23},{"type":"A","date":"2018-04-25T05:45:37.000Z","volume":2000,"label":" ","price":3.24},{"type":"A","date":"2018-04-25T05:45:37.000Z","volume":53000,"label":" ","price":3.25},{"type":"A","date":"2018-04-25T05:45:37.000Z","volume":38000,"label":" ","price":3.26},{"type":"A","date":"2018-04-25T05:45:38.000Z","volume":2000,"label":" ","price":3.27},{"type":"B","date":"2018-04-25T05:45:39.000Z","volume":12000,"label":" ","price":3.23},{"type":"B","date":"2018-04-25T05:45:39.000Z","volume":10000,"label":"Y","price":3.22},{"type":"A","date":"2018-04-25T05:45:39.000Z","volume":15000,"label":" ","price":3.22},{"type":"A","date":"2018-04-25T05:45:44.000Z","volume":20000,"label":" ","price":3.23},{"type":"A","date":"2018-04-25T05:47:05.000Z","volume":500,"label":" ","price":3.24},{"type":"A","date":"2018-04-25T05:47:05.000Z","volume":44500,"label":" ","price":3.25},{"type":"A","date":"2018-04-25T05:47:05.000Z","volume":21000,"label":" ","price":3.26},{"type":"A","date":"2018-04-25T05:47:05.000Z","volume":15000,"label":" ","price":3.26},{"type":"B","date":"2018-04-25T05:47:05.000Z","volume":119000,"label":" ","price":3.26},{"type":"A","date":"2018-04-25T05:47:05.000Z","volume":7000,"label":" ","price":3.27},{"type":"A","date":"2018-04-25T05:47:14.000Z","volume":20000,"label":" ","price":3.24},{"type":"B","date":"2018-04-25T05:47:32.000Z","volume":6000,"label":" ","price":3.25},{"type":"A","date":"2018-04-25T05:47:34.000Z","volume":5000,"label":" ","price":3.25},{"type":"A","date":"2018-04-25T05:47:38.000Z","volume":3500,"label":" ","price":3.25},{"type":"B","date":"2018-04-25T05:47:58.000Z","volume":500,"label":" ","price":3.25},{"type":"A","date":"2018-04-25T05:48:04.000Z","volume":1000,"label":" ","price":3.25},{"type":"A","date":"2018-04-25T05:48:07.000Z","volume":15000,"label":" ","price":3.25},{"type":"A","date":"2018-04-25T05:48:16.000Z","volume":15000,"label":" ","price":3.25},{"type":"B","date":"2018-04-25T05:48:18.000Z","volume":4500,"label":" ","price":3.24},{"type":"A","date":"2018-04-25T05:48:29.000Z","volume":5000,"label":" ","price":3.24},{"type":"A","date":"2018-04-25T05:48:31.000Z","volume":500,"label":" ","price":3.24},{"type":"B","date":"2018-04-25T05:48:45.000Z","volume":4000,"label":" ","price":3.24},{"type":"B","date":"2018-04-25T05:48:45.000Z","volume":10000,"label":" ","price":3.23},{"type":"A","date":"2018-04-25T05:48:51.000Z","volume":4000,"label":" ","price":3.23},{"type":"A","date":"2018-04-25T05:49:02.000Z","volume":2000,"label":" ","price":3.23},{"type":"A","date":"2018-04-25T05:49:02.000Z","volume":23000,"label":" ","price":3.24},{"type":"A","date":"2018-04-25T05:49:02.000Z","volume":5000,"label":" ","price":3.25},{"type":"A","date":"2018-04-25T05:49:05.000Z","volume":10000,"label":" ","price":3.25},{"type":"B","date":"2018-04-25T05:49:11.000Z","volume":4000,"label":" ","price":3.24},{"type":"B","date":"2018-04-25T05:49:20.000Z","volume":60000,"label":" ","price":3.22},{"type":"A","date":"2018-04-25T05:49:52.000Z","volume":9000,"label":" ","price":3.24},{"type":"A","date":"2018-04-25T05:50:22.000Z","volume":10000,"label":" ","price":3.24},{"type":"A","date":"2018-04-25T05:50:22.000Z","volume":12500,"label":" ","price":3.25},{"type":"A","date":"2018-04-25T05:50:22.000Z","volume":50000,"label":" ","price":3.26},{"type":"A","date":"2018-04-25T05:50:22.000Z","volume":23000,"label":" ","price":3.27},{"type":"A","date":"2018-04-25T05:50:22.000Z","volume":14500,"label":" ","price":3.28},{"type":"A","date":"2018-04-25T05:50:53.000Z","volume":500,"label":" ","price":3.27},{"type":"B","date":"2018-04-25T05:51:20.000Z","volume":20000,"label":" ","price":3.25},{"type":"A","date":"2018-04-25T05:51:37.000Z","volume":10000,"label":" ","price":3.25},{"type":"A","date":"2018-04-25T05:51:46.000Z","volume":9500,"label":" ","price":3.25},{"type":"B","date":"2018-04-25T05:51:46.000Z","volume":1000,"label":"Y","price":3.25},{"type":"A","date":"2018-04-25T05:51:58.000Z","volume":8000,"label":" ","price":3.25},{"type":"B","date":"2018-04-25T05:51:58.000Z","volume":29500,"label":" ","price":3.24},{"type":"A","date":"2018-04-25T05:51:59.000Z","volume":41000,"label":" ","price":3.25},{"type":"B","date":"2018-04-25T05:52:09.000Z","volume":9000,"label":" ","price":3.25},{"type":"B","date":"2018-04-25T05:52:16.000Z","volume":23500,"label":" ","price":3.23},{"type":"B","date":"2018-04-25T05:52:33.000Z","volume":500,"label":" ","price":3.23},{"type":"A","date":"2018-04-25T05:52:54.000Z","volume":15000,"label":"Y","price":3.24},{"type":"A","date":"2018-04-25T05:52:57.000Z","volume":15000,"label":"Y","price":3.24},{"type":"B","date":"2018-04-25T05:52:58.000Z","volume":10000,"label":" ","price":3.23},{"type":"B","date":"2018-04-25T05:53:00.000Z","volume":4000,"label":" ","price":3.23},{"type":"B","date":"2018-04-25T05:53:01.000Z","volume":2500,"label":" ","price":3.23},{"type":"A","date":"2018-04-25T05:53:14.000Z","volume":10000,"label":" ","price":3.23},{"type":"B","date":"2018-04-25T05:53:21.000Z","volume":27500,"label":" ","price":3.22},{"type":"B","date":"2018-04-25T05:54:29.000Z","volume":50000,"label":" ","price":3.21},{"type":"B","date":"2018-04-25T05:54:29.000Z","volume":14500,"label":" ","price":3.21},{"type":"B","date":"2018-04-25T05:54:49.000Z","volume":4000,"label":" ","price":3.2},{"type":"B","date":"2018-04-25T05:54:53.000Z","volume":7000,"label":"Y","price":3.2},{"type":"A","date":"2018-04-25T05:54:59.000Z","volume":3000,"label":" ","price":3.2},{"type":"B","date":"2018-04-25T05:55:04.000Z","volume":2000,"label":" ","price":3.2},{"type":"A","date":"2018-04-25T05:55:34.000Z","volume":15000,"label":" ","price":3.22},{"type":"A","date":"2018-04-25T05:56:04.000Z","volume":6000,"label":" ","price":3.21},{"type":"B","date":"2018-04-25T05:56:57.000Z","volume":8000,"label":" ","price":3.2},{"type":"B","date":"2018-04-25T05:57:10.000Z","volume":1000,"label":" ","price":3.2},{"type":"B","date":"2018-04-25T05:57:25.000Z","volume":2000,"label":" ","price":3.2},{"type":"B","date":"2018-04-25T05:57:36.000Z","volume":1500,"label":"Y","price":3.2},{"type":"B","date":"2018-04-25T05:57:36.000Z","volume":14000,"label":" ","price":3.2},{"type":"B","date":"2018-04-25T05:57:56.000Z","volume":10000,"label":" ","price":3.2},{"type":"B","date":"2018-04-25T05:58:11.000Z","volume":20000,"label":" ","price":3.18},{"type":"B","date":"2018-04-25T05:58:11.000Z","volume":3000,"label":" ","price":3.18},{"type":"B","date":"2018-04-25T05:58:11.000Z","volume":9000,"label":" ","price":3.18},{"type":"A","date":"2018-04-25T05:59:06.000Z","volume":59500,"label":" ","price":3.2},{"type":"A","date":"2018-04-25T05:59:25.000Z","volume":10000,"label":" ","price":3.21},{"type":"A","date":"2018-04-25T05:59:31.000Z","volume":25000,"label":" ","price":3.22},{"type":"A","date":"2018-04-25T05:59:37.000Z","volume":68500,"label":" ","price":3.23},{"type":"A","date":"2018-04-25T06:02:27.000Z","volume":2500,"label":" ","price":3.23},{"type":"B","date":"2018-04-25T06:02:40.000Z","volume":5000,"label":" ","price":3.2},{"type":"B","date":"2018-04-25T06:04:00.000Z","volume":20000,"label":" ","price":3.2},{"type":"B","date":"2018-04-25T06:04:00.000Z","volume":15500,"label":" ","price":3.2},{"type":"B","date":"2018-04-25T06:04:05.000Z","volume":29000,"label":" ","price":3.2},{"type":"B","date":"2018-04-25T06:04:05.000Z","volume":1000,"label":" ","price":3.2},{"type":"B","date":"2018-04-25T06:07:02.000Z","volume":1000,"label":" ","price":3.2},{"type":"A","date":"2018-04-25T06:07:27.000Z","volume":10000,"label":" ","price":3.2},{"type":"A","date":"2018-04-25T06:07:27.000Z","volume":15000,"label":" ","price":3.2},{"type":"B","date":"2018-04-25T06:07:34.000Z","volume":10000,"label":" ","price":3.2},{"type":"B","date":"2018-04-25T06:07:48.000Z","volume":10000,"label":" ","price":3.19},{"type":"A","date":"2018-04-25T06:09:27.000Z","volume":30000,"label":" ","price":3.2},{"type":"A","date":"2018-04-25T06:09:27.000Z","volume":500,"label":" ","price":3.2},{"type":"A","date":"2018-04-25T06:09:57.000Z","volume":4000,"label":" ","price":3.2},{"type":"A","date":"2018-04-25T06:10:04.000Z","volume":2000,"label":" ","price":3.2},{"type":"A","date":"2018-04-25T06:11:58.000Z","volume":2500,"label":" ","price":3.2},{"type":"B","date":"2018-04-25T06:12:37.000Z","volume":5000,"label":" ","price":3.19},{"type":"B","date":"2018-04-25T06:13:06.000Z","volume":10000,"label":" ","price":3.19},{"type":"B","date":"2018-04-25T06:13:12.000Z","volume":5000,"label":" ","price":3.19},{"type":"A","date":"2018-04-25T06:14:25.000Z","volume":70000,"label":" ","price":3.2},{"type":"A","date":"2018-04-25T06:14:25.000Z","volume":4000,"label":" ","price":3.2},{"type":"A","date":"2018-04-25T06:14:50.000Z","volume":8000,"label":" ","price":3.2},{"type":"A","date":"2018-04-25T06:14:52.000Z","volume":2000,"label":" ","price":3.2},{"type":"A","date":"2018-04-25T06:17:12.000Z","volume":10000,"label":" ","price":3.21},{"type":"A","date":"2018-04-25T06:22:04.000Z","volume":10000,"label":" ","price":3.22},{"type":"A","date":"2018-04-25T06:22:24.000Z","volume":13000,"label":" ","price":3.22},{"type":"A","date":"2018-04-25T06:23:03.000Z","volume":6000,"label":" ","price":3.22},{"type":"B","date":"2018-04-25T06:23:27.000Z","volume":2500,"label":" ","price":3.22},{"type":"A","date":"2018-04-25T06:23:32.000Z","volume":5000,"label":" ","price":3.22},{"type":"A","date":"2018-04-25T06:24:39.000Z","volume":5000,"label":" ","price":3.22},{"type":"B","date":"2018-04-25T06:27:14.000Z","volume":20000,"label":" ","price":3.21},{"type":"B","date":"2018-04-25T06:29:57.000Z","volume":4000,"label":" ","price":3.21},{"type":"B","date":"2018-04-25T06:31:58.000Z","volume":3500,"label":" ","price":3.21},{"type":"B","date":"2018-04-25T06:31:58.000Z","volume":5000,"label":" ","price":3.21},{"type":"A","date":"2018-04-25T06:32:00.000Z","volume":2500,"label":" ","price":3.21},{"type":"A","date":"2018-04-25T06:32:00.000Z","volume":2500,"label":" ","price":3.21},{"type":"B","date":"2018-04-25T06:40:20.000Z","volume":2000,"label":" ","price":3.2},{"type":"B","date":"2018-04-25T06:41:42.000Z","volume":5500,"label":" ","price":3.2},{"type":"B","date":"2018-04-25T06:41:52.000Z","volume":61500,"label":" ","price":3.2},{"type":"B","date":"2018-04-25T06:41:52.000Z","volume":3500,"label":" ","price":3.2},{"type":"B","date":"2018-04-25T06:42:17.000Z","volume":500,"label":" ","price":3.2},{"type":"B","date":"2018-04-25T06:42:29.000Z","volume":7000,"label":" ","price":3.2},{"type":"B","date":"2018-04-25T06:42:52.000Z","volume":4000,"label":" ","price":3.2},{"type":"B","date":"2018-04-25T06:43:02.000Z","volume":500,"label":" ","price":3.2},{"type":"B","date":"2018-04-25T06:43:37.000Z","volume":10500,"label":" ","price":3.19},{"type":"B","date":"2018-04-25T06:44:31.000Z","volume":4500,"label":" ","price":3.18},{"type":"B","date":"2018-04-25T06:47:35.000Z","volume":16500,"label":" ","price":3.18},{"type":"B","date":"2018-04-25T06:47:47.000Z","volume":500,"label":" ","price":3.18},{"type":"A","date":"2018-04-25T06:50:02.000Z","volume":66000,"label":" ","price":3.19},{"type":"A","date":"2018-04-25T06:50:02.000Z","volume":19500,"label":" ","price":3.2},{"type":"A","date":"2018-04-25T06:50:02.000Z","volume":60000,"label":" ","price":3.21},{"type":"A","date":"2018-04-25T06:50:02.000Z","volume":154500,"label":" ","price":3.22},{"type":"A","date":"2018-04-25T06:50:03.000Z","volume":12500,"label":" ","price":3.22},{"type":"B","date":"2018-04-25T06:51:10.000Z","volume":35500,"label":" ","price":3.19},{"type":"B","date":"2018-04-25T06:54:55.000Z","volume":101000,"label":" ","price":3.2},{"type":"B","date":"2018-04-25T06:55:50.000Z","volume":1000,"label":" ","price":3.19},{"type":"B","date":"2018-04-25T06:56:41.000Z","volume":25500,"label":" ","price":3.18},{"type":"B","date":"2018-04-25T06:58:39.000Z","volume":6500,"label":" ","price":3.18},{"type":"U","date":"2018-04-25T07:02:04.000Z","volume":4500,"label":" ","price":3.18},{"type":"B","date":"2018-04-25T07:04:55.000Z","volume":4000,"label":" ","price":3.18},{"type":"B","date":"2018-04-25T07:05:17.000Z","volume":500,"label":" ","price":3.18},{"type":"B","date":"2018-04-25T07:05:30.000Z","volume":2000,"label":" ","price":3.18},{"type":"B","date":"2018-04-25T07:06:27.000Z","volume":3000,"label":" ","price":3.17},{"type":"B","date":"2018-04-25T07:08:25.000Z","volume":500,"label":" ","price":3.17},{"type":"A","date":"2018-04-25T07:09:18.000Z","volume":3000,"label":" ","price":3.18},{"type":"B","date":"2018-04-25T07:12:22.000Z","volume":40000,"label":" ","price":3.17},{"type":"B","date":"2018-04-25T07:12:22.000Z","volume":5000,"label":" ","price":3.17},{"type":"B","date":"2018-04-25T07:12:35.000Z","volume":500,"label":" ","price":3.17},{"type":"A","date":"2018-04-25T07:12:35.000Z","volume":7500,"label":" ","price":3.17},{"type":"B","date":"2018-04-25T07:13:44.000Z","volume":14000,"label":" ","price":3.16},{"type":"B","date":"2018-04-25T07:15:26.000Z","volume":5000,"label":" ","price":3.16},{"type":"A","date":"2018-04-25T07:15:33.000Z","volume":71000,"label":" ","price":3.18},{"type":"B","date":"2018-04-25T07:17:33.000Z","volume":6500,"label":" ","price":3.18},{"type":"A","date":"2018-04-25T07:17:47.000Z","volume":500,"label":" ","price":3.19},{"type":"A","date":"2018-04-25T07:18:57.000Z","volume":59000,"label":" ","price":3.2},{"type":"A","date":"2018-04-25T07:18:57.000Z","volume":16500,"label":" ","price":3.2},{"type":"A","date":"2018-04-25T07:19:03.000Z","volume":19000,"label":" ","price":3.2},{"type":"A","date":"2018-04-25T07:19:13.000Z","volume":10000,"label":" ","price":3.21},{"type":"A","date":"2018-04-25T07:19:13.000Z","volume":40000,"label":" ","price":3.22},{"type":"A","date":"2018-04-25T07:20:05.000Z","volume":2000,"label":"Y","price":3.22},{"type":"A","date":"2018-04-25T07:20:05.000Z","volume":2000,"label":" ","price":3.22},{"type":"A","date":"2018-04-25T07:20:57.000Z","volume":500,"label":"Y","price":3.22},{"type":"A","date":"2018-04-25T07:20:57.000Z","volume":500,"label":" ","price":3.22},{"type":"A","date":"2018-04-25T07:22:13.000Z","volume":10000,"label":" ","price":3.22},{"type":"B","date":"2018-04-25T07:22:16.000Z","volume":3500,"label":" ","price":3.2},{"type":"B","date":"2018-04-25T07:24:33.000Z","volume":5500,"label":" ","price":3.19},{"type":"A","date":"2018-04-25T07:24:33.000Z","volume":4500,"label":" ","price":3.19},{"type":"A","date":"2018-04-25T07:24:39.000Z","volume":1000,"label":" ","price":3.22},{"type":"A","date":"2018-04-25T07:25:42.000Z","volume":20000,"label":" ","price":3.22},{"type":"B","date":"2018-04-25T07:30:07.000Z","volume":9000,"label":" ","price":3.19},{"type":"B","date":"2018-04-25T07:31:37.000Z","volume":51000,"label":" ","price":3.18},{"type":"A","date":"2018-04-25T07:32:02.000Z","volume":500,"label":" ","price":3.19},{"type":"A","date":"2018-04-25T07:32:37.000Z","volume":500,"label":" ","price":3.2},{"type":"B","date":"2018-04-25T07:37:31.000Z","volume":62000,"label":" ","price":3.18},{"type":"B","date":"2018-04-25T07:38:21.000Z","volume":10000,"label":" ","price":3.18},{"type":"B","date":"2018-04-25T07:39:15.000Z","volume":2500,"label":" ","price":3.18},{"type":"B","date":"2018-04-25T07:39:38.000Z","volume":3500,"label":" ","price":3.18},{"type":"A","date":"2018-04-25T07:40:11.000Z","volume":2000,"label":" ","price":3.18},{"type":"B","date":"2018-04-25T07:40:38.000Z","volume":10000,"label":"Y","price":3.17},{"type":"B","date":"2018-04-25T07:40:56.000Z","volume":16000,"label":" ","price":3.18},{"type":"U","date":"2018-04-25T07:41:42.000Z","volume":10000,"label":" ","price":3.18},{"type":"B","date":"2018-04-25T07:44:02.000Z","volume":500,"label":" ","price":3.18},{"type":"B","date":"2018-04-25T07:45:17.000Z","volume":17000,"label":" ","price":3.18},{"type":"A","date":"2018-04-25T07:45:21.000Z","volume":3000,"label":" ","price":3.18},{"type":"B","date":"2018-04-25T07:45:33.000Z","volume":9500,"label":" ","price":3.18},{"type":"A","date":"2018-04-25T07:45:33.000Z","volume":5500,"label":" ","price":3.18},{"type":"A","date":"2018-04-25T07:45:36.000Z","volume":2500,"label":" ","price":3.19},{"type":"B","date":"2018-04-25T07:46:29.000Z","volume":62500,"label":" ","price":3.17},{"type":"A","date":"2018-04-25T07:46:38.000Z","volume":3000,"label":" ","price":3.17},{"type":"B","date":"2018-04-25T07:47:26.000Z","volume":21000,"label":" ","price":3.16},{"type":"A","date":"2018-04-25T07:47:26.000Z","volume":3500,"label":" ","price":3.17},{"type":"A","date":"2018-04-25T07:48:47.000Z","volume":20000,"label":" ","price":3.17},{"type":"A","date":"2018-04-25T07:48:50.000Z","volume":41000,"label":" ","price":3.17},{"type":"A","date":"2018-04-25T07:49:02.000Z","volume":4000,"label":" ","price":3.18},{"type":"A","date":"2018-04-25T07:49:12.000Z","volume":10000,"label":" ","price":3.18},{"type":"A","date":"2018-04-25T07:49:17.000Z","volume":10000,"label":" ","price":3.18},{"type":"A","date":"2018-04-25T07:49:20.000Z","volume":1500,"label":" ","price":3.18},{"type":"A","date":"2018-04-25T07:49:52.000Z","volume":10000,"label":" ","price":3.19},{"type":"B","date":"2018-04-25T07:49:58.000Z","volume":4500,"label":" ","price":3.18},{"type":"A","date":"2018-04-25T07:50:04.000Z","volume":5000,"label":" ","price":3.19},{"type":"B","date":"2018-04-25T07:50:18.000Z","volume":2000,"label":" ","price":3.18},{"type":"A","date":"2018-04-25T07:51:21.000Z","volume":3000,"label":" ","price":3.19},{"type":"B","date":"2018-04-25T07:51:58.000Z","volume":9000,"label":" ","price":3.18},{"type":"B","date":"2018-04-25T07:52:16.000Z","volume":1500,"label":" ","price":3.18},{"type":"A","date":"2018-04-25T07:52:44.000Z","volume":4000,"label":" ","price":3.18},{"type":"A","date":"2018-04-25T07:53:12.000Z","volume":10000,"label":" ","price":3.18},{"type":"B","date":"2018-04-25T07:54:57.000Z","volume":2500,"label":" ","price":3.17},{"type":"A","date":"2018-04-25T07:55:19.000Z","volume":10000,"label":" ","price":3.17},{"type":"A","date":"2018-04-25T07:55:31.000Z","volume":20000,"label":" ","price":3.17},{"type":"A","date":"2018-04-25T07:55:36.000Z","volume":9000,"label":" ","price":3.17},{"type":"B","date":"2018-04-25T07:56:49.000Z","volume":1500,"label":" ","price":3.17},{"type":"A","date":"2018-04-25T07:57:16.000Z","volume":21000,"label":" ","price":3.18},{"type":"B","date":"2018-04-25T07:57:16.000Z","volume":17000,"label":" ","price":3.18},{"type":"A","date":"2018-04-25T07:57:27.000Z","volume":20000,"label":" ","price":3.2},{"type":"B","date":"2018-04-25T07:58:00.000Z","volume":500,"label":" ","price":3.18},{"type":"B","date":"2018-04-25T07:58:00.000Z","volume":1000,"label":" ","price":3.18},{"type":"B","date":"2018-04-25T07:58:00.000Z","volume":500,"label":" ","price":3.18},{"type":"B","date":"2018-04-25T07:58:15.000Z","volume":3500,"label":" ","price":3.17},{"type":"B","date":"2018-04-25T07:59:02.000Z","volume":13000,"label":" ","price":3.16},{"type":"B","date":"2018-04-25T07:59:02.000Z","volume":12500,"label":" ","price":3.16},{"type":"B","date":"2018-04-25T07:59:12.000Z","volume":31500,"label":" ","price":3.16},{"type":"A","date":"2018-04-25T07:59:12.000Z","volume":2000,"label":" ","price":3.16},{"type":"A","date":"2018-04-25T07:59:18.000Z","volume":1000,"label":" ","price":3.18},{"type":"A","date":"2018-04-25T07:59:55.000Z","volume":500,"label":" ","price":3.18}]