[{"type":"A","date":"2018-03-19T07:56:20.000Z","volume":720000,"price":0.68,"category":"ubbull"},{"type":"A","date":"2018-03-19T07:24:06.000Z","volume":240000,"price":0.69,"category":"ubbull"},{"type":"A","date":"2018-03-19T07:22:15.000Z","volume":200000,"price":0.69,"category":"ubbull"},{"type":"A","date":"2018-03-19T07:19:31.000Z","volume":200000,"price":0.69,"category":"ubbull"},{"type":"A","date":"2018-03-19T06:07:26.000Z","volume":200000,"price":0.69,"category":"ubbull"},{"type":"A","date":"2018-03-19T03:29:00.000Z","volume":600000,"price":0.71,"category":"ubbull"},{"type":"A","date":"2018-03-19T03:28:37.000Z","volume":360000,"price":0.71,"category":"ubbull"},{"type":"A","date":"2018-03-19T03:26:35.000Z","volume":690000,"price":0.72,"category":"ubbull"},{"type":"A","date":"2018-03-19T03:26:14.000Z","volume":850000,"price":0.71,"category":"ubbull"},{"type":"A","date":"2018-03-19T03:12:50.000Z","volume":200000,"price":0.71,"category":"ubbull"},{"type":"A","date":"2018-03-19T03:09:01.000Z","volume":200000,"price":0.72,"category":"ubbull"},{"type":"A","date":"2018-03-19T03:08:48.000Z","volume":190000,"price":0.71,"category":"ubbull"},{"type":"A","date":"2018-03-19T03:02:53.000Z","volume":300000,"price":0.73,"category":"ubbull"},{"type":"A","date":"2018-03-19T03:02:28.000Z","volume":465000,"price":0.73,"category":"ubbull"},{"type":"A","date":"2018-03-19T03:01:55.000Z","volume":300000,"price":0.72,"category":"ubbull"},{"type":"A","date":"2018-03-19T03:01:24.000Z","volume":400000,"price":0.72,"category":"ubbull"},{"type":"A","date":"2018-03-19T03:01:10.000Z","volume":500000,"price":0.72,"category":"ubbull"},{"type":"A","date":"2018-03-19T03:00:58.000Z","volume":400000,"price":0.72,"category":"ubbull"},{"type":"A","date":"2018-03-19T03:00:47.000Z","volume":440000,"price":0.72,"category":"ubbull"},{"type":"A","date":"2018-03-19T03:00:34.000Z","volume":300000,"price":0.72,"category":"ubbull"},{"type":"A","date":"2018-03-19T02:59:55.000Z","volume":305000,"price":0.71,"category":"ubbull"},{"type":"A","date":"2018-03-19T02:59:39.000Z","volume":400000,"price":0.71,"category":"ubbull"},{"type":"A","date":"2018-03-19T02:59:22.000Z","volume":300000,"price":0.71,"category":"ubbull"},{"type":"A","date":"2018-03-19T02:59:06.000Z","volume":300000,"price":0.71,"category":"ubbull"},{"type":"A","date":"2018-03-19T02:58:45.000Z","volume":200000,"price":0.71,"category":"ubbull"},{"type":"A","date":"2018-03-19T02:43:43.000Z","volume":550000,"price":0.72,"category":"ubbull"},{"type":"A","date":"2018-03-19T02:13:38.000Z","volume":355000,"price":0.71,"category":"ubbull"},{"type":"A","date":"2018-03-19T02:13:01.000Z","volume":200000,"price":0.7,"category":"ubbull"},{"type":"A","date":"2018-03-19T07:58:29.000Z","volume":100000,"price":0.68,"category":"bbull"},{"type":"A","date":"2018-03-19T07:57:52.000Z","volume":100000,"price":0.68,"category":"bbull"},{"type":"A","date":"2018-03-19T07:21:31.000Z","volume":100000,"price":0.69,"category":"bbull"},{"type":"A","date":"2018-03-19T07:21:12.000Z","volume":100000,"price":0.69,"category":"bbull"},{"type":"A","date":"2018-03-19T07:11:31.000Z","volume":100000,"price":0.69,"category":"bbull"},{"type":"A","date":"2018-03-19T06:21:30.000Z","volume":100000,"price":0.69,"category":"bbull"},{"type":"A","date":"2018-03-19T05:54:02.000Z","volume":100000,"price":0.69,"category":"bbull"},{"type":"A","date":"2018-03-19T05:51:38.000Z","volume":100000,"price":0.69,"category":"bbull"},{"type":"A","date":"2018-03-19T05:49:59.000Z","volume":100000,"price":0.7,"category":"bbull"},{"type":"A","date":"2018-03-19T05:34:30.000Z","volume":145000,"price":0.7,"category":"bbull"},{"type":"A","date":"2018-03-19T05:31:36.000Z","volume":100000,"price":0.7,"category":"bbull"},{"type":"A","date":"2018-03-19T05:30:15.000Z","volume":100000,"price":0.7,"category":"bbull"},{"type":"A","date":"2018-03-19T03:40:03.000Z","volume":100000,"price":0.7,"category":"bbull"},{"type":"A","date":"2018-03-19T03:29:11.000Z","volume":100000,"price":0.71,"category":"bbull"},{"type":"A","date":"2018-03-19T03:28:37.000Z","volume":100000,"price":0.71,"category":"bbull"},{"type":"A","date":"2018-03-19T03:22:49.000Z","volume":100000,"price":0.7,"category":"bbull"},{"type":"A","date":"2018-03-19T03:11:10.000Z","volume":100000,"price":0.71,"category":"bbull"},{"type":"A","date":"2018-03-19T03:06:42.000Z","volume":100000,"price":0.71,"category":"bbull"},{"type":"A","date":"2018-03-19T03:06:23.000Z","volume":120000,"price":0.71,"category":"bbull"},{"type":"A","date":"2018-03-19T03:03:21.000Z","volume":100000,"price":0.71,"category":"bbull"},{"type":"A","date":"2018-03-19T03:01:47.000Z","volume":120000,"price":0.72,"category":"bbull"},{"type":"A","date":"2018-03-19T03:00:11.000Z","volume":155000,"price":0.72,"category":"bbull"},{"type":"A","date":"2018-03-19T02:59:56.000Z","volume":150000,"price":0.72,"category":"bbull"},{"type":"A","date":"2018-03-19T02:58:18.000Z","volume":100000,"price":0.71,"category":"bbull"},{"type":"A","date":"2018-03-19T02:31:37.000Z","volume":100000,"price":0.71,"category":"bbull"},{"type":"A","date":"2018-03-19T02:11:01.000Z","volume":100000,"price":0.7,"category":"bbull"},{"type":"A","date":"2018-03-19T02:08:16.000Z","volume":100000,"price":0.7,"category":"bbull"},{"type":"A","date":"2018-03-19T02:06:08.000Z","volume":100000,"price":0.7,"category":"bbull"},{"type":"A","date":"2018-03-19T02:05:09.000Z","volume":100000,"price":0.7,"category":"bbull"},{"type":"A","date":"2018-03-19T08:00:00.000Z","volume":5000,"price":0.68,"category":"rbull"},{"type":"A","date":"2018-03-19T07:59:57.000Z","volume":5000,"price":0.68,"category":"rbull"},{"type":"A","date":"2018-03-19T07:59:33.000Z","volume":5000,"price":0.68,"category":"rbull"},{"type":"A","date":"2018-03-19T07:59:30.000Z","volume":5000,"price":0.68,"category":"rbull"},{"type":"A","date":"2018-03-19T07:59:27.000Z","volume":5000,"price":0.68,"category":"rbull"},{"type":"A","date":"2018-03-19T07:59:26.000Z","volume":5000,"price":0.68,"category":"rbull"},{"type":"A","date":"2018-03-19T07:59:19.000Z","volume":5000,"price":0.68,"category":"rbull"},{"type":"A","date":"2018-03-19T07:59:17.000Z","volume":5000,"price":0.68,"category":"rbull"},{"type":"A","date":"2018-03-19T07:59:12.000Z","volume":5000,"price":0.68,"category":"rbull"},{"type":"A","date":"2018-03-19T07:59:10.000Z","volume":5000,"price":0.68,"category":"rbull"},{"type":"A","date":"2018-03-19T07:59:03.000Z","volume":5000,"price":0.68,"category":"rbull"},{"type":"A","date":"2018-03-19T07:58:28.000Z","volume":5000,"price":0.68,"category":"rbull"},{"type":"A","date":"2018-03-19T07:58:16.000Z","volume":5000,"price":0.68,"category":"rbull"},{"type":"A","date":"2018-03-19T07:58:08.000Z","volume":5000,"price":0.68,"category":"rbull"},{"type":"A","date":"2018-03-19T07:57:28.000Z","volume":5000,"price":0.68,"category":"rbull"},{"type":"A","date":"2018-03-19T07:29:48.000Z","volume":10000,"price":0.69,"category":"rbull"},{"type":"A","date":"2018-03-19T07:29:03.000Z","volume":10000,"price":0.69,"category":"rbull"},{"type":"A","date":"2018-03-19T07:27:30.000Z","volume":10000,"price":0.69,"category":"rbull"},{"type":"A","date":"2018-03-19T07:25:36.000Z","volume":10000,"price":0.69,"category":"rbull"},{"type":"A","date":"2018-03-19T07:22:48.000Z","volume":10000,"price":0.69,"category":"rbull"},{"type":"A","date":"2018-03-19T07:22:44.000Z","volume":5000,"price":0.69,"category":"rbull"},{"type":"A","date":"2018-03-19T07:21:19.000Z","volume":10000,"price":0.69,"category":"rbull"},{"type":"A","date":"2018-03-19T07:20:42.000Z","volume":5000,"price":0.69,"category":"rbull"},{"type":"A","date":"2018-03-19T07:20:05.000Z","volume":10000,"price":0.69,"category":"rbull"},{"type":"A","date":"2018-03-19T07:19:47.000Z","volume":5000,"price":0.69,"category":"rbull"},{"type":"A","date":"2018-03-19T07:19:47.000Z","volume":10000,"price":0.69,"category":"rbull"},{"type":"A","date":"2018-03-19T07:19:43.000Z","volume":5000,"price":0.69,"category":"rbull"},{"type":"A","date":"2018-03-19T06:23:34.000Z","volume":10000,"price":0.69,"category":"rbull"},{"type":"A","date":"2018-03-19T06:02:05.000Z","volume":10000,"price":0.69,"category":"rbull"},{"type":"A","date":"2018-03-19T06:00:33.000Z","volume":5000,"price":0.69,"category":"rbull"},{"type":"A","date":"2018-03-19T05:46:45.000Z","volume":10000,"price":0.71,"category":"rbull"},{"type":"A","date":"2018-03-19T05:31:25.000Z","volume":10000,"price":0.7,"category":"rbull"},{"type":"A","date":"2018-03-19T03:40:27.000Z","volume":10000,"price":0.7,"category":"rbull"},{"type":"A","date":"2018-03-19T03:36:05.000Z","volume":5000,"price":0.71,"category":"rbull"},{"type":"A","date":"2018-03-19T03:03:06.000Z","volume":10000,"price":0.72,"category":"rbull"},{"type":"A","date":"2018-03-19T03:02:57.000Z","volume":5000,"price":0.73,"category":"rbull"},{"type":"A","date":"2018-03-19T03:01:24.000Z","volume":5000,"price":0.72,"category":"rbull"},{"type":"A","date":"2018-03-19T02:59:49.000Z","volume":5000,"price":0.71,"category":"rbull"},{"type":"A","date":"2018-03-19T02:48:26.000Z","volume":10000,"price":0.72,"category":"rbull"},{"type":"A","date":"2018-03-19T02:06:12.000Z","volume":10000,"price":0.7,"category":"rbull"},{"type":"A","date":"2018-03-19T01:44:07.000Z","volume":10000,"price":0.71,"category":"rbull"},{"type":"B","date":"2018-03-19T07:57:44.000Z","volume":10000,"price":0.67,"category":"rbear"},{"type":"B","date":"2018-03-19T07:56:46.000Z","volume":10000,"price":0.68,"category":"rbear"},{"type":"B","date":"2018-03-19T07:55:07.000Z","volume":10000,"price":0.67,"category":"rbear"},{"type":"B","date":"2018-03-19T06:19:23.000Z","volume":10000,"price":0.68,"category":"rbear"},{"type":"B","date":"2018-03-19T06:05:15.000Z","volume":10000,"price":0.68,"category":"rbear"},{"type":"B","date":"2018-03-19T05:56:27.000Z","volume":10000,"price":0.69,"category":"rbear"},{"type":"B","date":"2018-03-19T05:51:34.000Z","volume":10000,"price":0.68,"category":"rbear"},{"type":"B","date":"2018-03-19T05:51:01.000Z","volume":10000,"price":0.68,"category":"rbear"},{"type":"B","date":"2018-03-19T05:35:55.000Z","volume":5000,"price":0.7,"category":"rbear"},{"type":"B","date":"2018-03-19T03:28:20.000Z","volume":10000,"price":0.72,"category":"rbear"},{"type":"B","date":"2018-03-19T03:14:29.000Z","volume":10000,"price":0.7,"category":"rbear"},{"type":"B","date":"2018-03-19T03:04:47.000Z","volume":10000,"price":0.71,"category":"rbear"},{"type":"B","date":"2018-03-19T07:59:55.000Z","volume":100000,"price":0.67,"category":"bbear"},{"type":"B","date":"2018-03-19T07:55:10.000Z","volume":100000,"price":0.67,"category":"bbear"},{"type":"B","date":"2018-03-19T06:34:58.000Z","volume":100000,"price":0.68,"category":"bbear"},{"type":"B","date":"2018-03-19T06:24:45.000Z","volume":120000,"price":0.68,"category":"bbear"},{"type":"B","date":"2018-03-19T06:23:36.000Z","volume":100000,"price":0.68,"category":"bbear"},{"type":"B","date":"2018-03-19T06:15:25.000Z","volume":100000,"price":0.68,"category":"bbear"},{"type":"B","date":"2018-03-19T06:14:49.000Z","volume":130000,"price":0.68,"category":"bbear"},{"type":"B","date":"2018-03-19T06:13:34.000Z","volume":160000,"price":0.68,"category":"bbear"},{"type":"B","date":"2018-03-19T06:13:34.000Z","volume":140000,"price":0.68,"category":"bbear"},{"type":"B","date":"2018-03-19T05:48:22.000Z","volume":150000,"price":0.7,"category":"bbear"},{"type":"B","date":"2018-03-19T05:38:08.000Z","volume":100000,"price":0.7,"category":"bbear"},{"type":"B","date":"2018-03-19T05:34:47.000Z","volume":150000,"price":0.7,"category":"bbear"},{"type":"B","date":"2018-03-19T05:00:00.000Z","volume":100000,"price":0.7,"category":"bbear"},{"type":"B","date":"2018-03-19T03:28:26.000Z","volume":110000,"price":0.71,"category":"bbear"},{"type":"B","date":"2018-03-19T03:22:02.000Z","volume":100000,"price":0.7,"category":"bbear"},{"type":"B","date":"2018-03-19T03:22:01.000Z","volume":150000,"price":0.7,"category":"bbear"},{"type":"B","date":"2018-03-19T03:14:12.000Z","volume":165000,"price":0.7,"category":"bbear"},{"type":"B","date":"2018-03-19T03:09:41.000Z","volume":100000,"price":0.71,"category":"bbear"},{"type":"B","date":"2018-03-19T03:09:28.000Z","volume":140000,"price":0.7,"category":"bbear"},{"type":"B","date":"2018-03-19T03:05:40.000Z","volume":100000,"price":0.71,"category":"bbear"},{"type":"B","date":"2018-03-19T02:00:17.000Z","volume":110000,"price":0.7,"category":"bbear"},{"type":"B","date":"2018-03-19T07:56:38.000Z","volume":330000,"price":0.68,"category":"ubbear"},{"type":"B","date":"2018-03-19T07:53:16.000Z","volume":2030000,"price":0.68,"category":"ubbear"},{"type":"B","date":"2018-03-19T06:18:04.000Z","volume":200000,"price":0.68,"category":"ubbear"},{"type":"B","date":"2018-03-19T06:13:48.000Z","volume":300000,"price":0.68,"category":"ubbear"},{"type":"B","date":"2018-03-19T06:13:12.000Z","volume":290000,"price":0.68,"category":"ubbear"},{"type":"B","date":"2018-03-19T05:56:26.000Z","volume":200000,"price":0.69,"category":"ubbear"},{"type":"B","date":"2018-03-19T05:56:19.000Z","volume":200000,"price":0.69,"category":"ubbear"},{"type":"B","date":"2018-03-19T05:56:16.000Z","volume":200000,"price":0.69,"category":"ubbear"},{"type":"B","date":"2018-03-19T05:56:16.000Z","volume":300000,"price":0.69,"category":"ubbear"},{"type":"B","date":"2018-03-19T05:50:42.000Z","volume":400000,"price":0.68,"category":"ubbear"},{"type":"B","date":"2018-03-19T05:50:09.000Z","volume":835000,"price":0.69,"category":"ubbear"},{"type":"B","date":"2018-03-19T05:50:08.000Z","volume":1345000,"price":0.69,"category":"ubbear"},{"type":"B","date":"2018-03-19T05:49:10.000Z","volume":740000,"price":0.7,"category":"ubbear"},{"type":"B","date":"2018-03-19T05:48:51.000Z","volume":350000,"price":0.7,"category":"ubbear"},{"type":"B","date":"2018-03-19T05:48:38.000Z","volume":200000,"price":0.7,"category":"ubbear"},{"type":"B","date":"2018-03-19T05:47:45.000Z","volume":200000,"price":0.7,"category":"ubbear"},{"type":"B","date":"2018-03-19T05:35:49.000Z","volume":200000,"price":0.7,"category":"ubbear"},{"type":"B","date":"2018-03-19T03:40:51.000Z","volume":250000,"price":0.7,"category":"ubbear"},{"type":"B","date":"2018-03-19T03:35:41.000Z","volume":400000,"price":0.7,"category":"ubbear"},{"type":"B","date":"2018-03-19T03:30:43.000Z","volume":250000,"price":0.7,"category":"ubbear"},{"type":"B","date":"2018-03-19T03:29:51.000Z","volume":265000,"price":0.7,"category":"ubbear"},{"type":"B","date":"2018-03-19T03:29:51.000Z","volume":330000,"price":0.7,"category":"ubbear"},{"type":"B","date":"2018-03-19T03:29:24.000Z","volume":500000,"price":0.7,"category":"ubbear"},{"type":"B","date":"2018-03-19T03:28:20.000Z","volume":990000,"price":0.71,"category":"ubbear"},{"type":"B","date":"2018-03-19T03:27:42.000Z","volume":250000,"price":0.72,"category":"ubbear"},{"type":"B","date":"2018-03-19T03:20:05.000Z","volume":200000,"price":0.7,"category":"ubbear"},{"type":"B","date":"2018-03-19T03:18:05.000Z","volume":200000,"price":0.7,"category":"ubbear"},{"type":"B","date":"2018-03-19T03:14:29.000Z","volume":300000,"price":0.7,"category":"ubbear"},{"type":"B","date":"2018-03-19T03:14:00.000Z","volume":200000,"price":0.7,"category":"ubbear"},{"type":"B","date":"2018-03-19T03:13:23.000Z","volume":250000,"price":0.7,"category":"ubbear"},{"type":"B","date":"2018-03-19T03:11:32.000Z","volume":405000,"price":0.71,"category":"ubbear"},{"type":"B","date":"2018-03-19T03:10:51.000Z","volume":250000,"price":0.7,"category":"ubbear"},{"type":"B","date":"2018-03-19T03:07:27.000Z","volume":260000,"price":0.7,"category":"ubbear"},{"type":"B","date":"2018-03-19T03:04:31.000Z","volume":500000,"price":0.71,"category":"ubbear"},{"type":"B","date":"2018-03-19T03:03:49.000Z","volume":1000000,"price":0.71,"category":"ubbear"},{"type":"B","date":"2018-03-19T03:03:07.000Z","volume":900000,"price":0.71,"category":"ubbear"},{"type":"B","date":"2018-03-19T03:02:57.000Z","volume":900000,"price":0.72,"category":"ubbear"},{"type":"B","date":"2018-03-19T03:02:19.000Z","volume":200000,"price":0.72,"category":"ubbear"},{"type":"B","date":"2018-03-19T03:01:42.000Z","volume":300000,"price":0.71,"category":"ubbear"},{"type":"B","date":"2018-03-19T03:00:36.000Z","volume":220000,"price":0.71,"category":"ubbear"},{"type":"B","date":"2018-03-19T02:59:52.000Z","volume":195000,"price":0.71,"category":"ubbear"},{"type":"B","date":"2018-03-19T02:57:14.000Z","volume":205000,"price":0.71,"category":"ubbear"},{"type":"B","date":"2018-03-19T02:13:50.000Z","volume":445000,"price":0.71,"category":"ubbear"}]