[{"type":"U","date":"2018-04-23T01:20:00.000Z","volume":37000,"label":"U","price":8.24},{"type":"A","date":"2018-04-23T01:30:00.000Z","volume":500,"label":" ","price":8.25},{"type":"B","date":"2018-04-23T01:30:01.000Z","volume":10000,"label":" ","price":8.24},{"type":"A","date":"2018-04-23T01:30:17.000Z","volume":1000,"label":" ","price":8.29},{"type":"B","date":"2018-04-23T01:30:17.000Z","volume":500,"label":" ","price":8.28},{"type":"A","date":"2018-04-23T01:30:17.000Z","volume":2000,"label":" ","price":8.29},{"type":"A","date":"2018-04-23T01:30:39.000Z","volume":9000,"label":" ","price":8.29},{"type":"A","date":"2018-04-23T01:30:39.000Z","volume":21000,"label":" ","price":8.29},{"type":"A","date":"2018-04-23T01:30:39.000Z","volume":10000,"label":" ","price":8.3},{"type":"A","date":"2018-04-23T01:30:39.000Z","volume":5000,"label":" ","price":8.31},{"type":"A","date":"2018-04-23T01:30:39.000Z","volume":500,"label":" ","price":8.32},{"type":"A","date":"2018-04-23T01:30:39.000Z","volume":500,"label":" ","price":8.33},{"type":"A","date":"2018-04-23T01:30:39.000Z","volume":3000,"label":"Y","price":8.34},{"type":"A","date":"2018-04-23T01:30:39.000Z","volume":1000,"label":" ","price":8.34},{"type":"U","date":"2018-04-23T01:31:01.000Z","volume":2000,"label":" ","price":8.32},{"type":"U","date":"2018-04-23T01:31:01.000Z","volume":500,"label":" ","price":8.32},{"type":"B","date":"2018-04-23T01:31:02.000Z","volume":3500,"label":" ","price":8.31},{"type":"A","date":"2018-04-23T01:31:09.000Z","volume":4000,"label":" ","price":8.31},{"type":"A","date":"2018-04-23T01:31:13.000Z","volume":1000,"label":" ","price":8.31},{"type":"B","date":"2018-04-23T01:31:23.000Z","volume":2000,"label":" ","price":8.31},{"type":"B","date":"2018-04-23T01:31:23.000Z","volume":3500,"label":" ","price":8.31},{"type":"B","date":"2018-04-23T01:31:23.000Z","volume":45500,"label":" ","price":8.3},{"type":"A","date":"2018-04-23T01:31:42.000Z","volume":3000,"label":" ","price":8.29},{"type":"A","date":"2018-04-23T01:31:42.000Z","volume":2000,"label":" ","price":8.29},{"type":"A","date":"2018-04-23T01:31:49.000Z","volume":4500,"label":" ","price":8.28},{"type":"A","date":"2018-04-23T01:31:49.000Z","volume":22000,"label":" ","price":8.29},{"type":"A","date":"2018-04-23T01:31:49.000Z","volume":2500,"label":" ","price":8.29},{"type":"A","date":"2018-04-23T01:31:49.000Z","volume":1000,"label":" ","price":8.29},{"type":"B","date":"2018-04-23T01:31:53.000Z","volume":1000,"label":" ","price":8.29},{"type":"B","date":"2018-04-23T01:31:53.000Z","volume":500,"label":" ","price":8.27},{"type":"A","date":"2018-04-23T01:31:58.000Z","volume":2000,"label":" ","price":8.27},{"type":"A","date":"2018-04-23T01:31:58.000Z","volume":1500,"label":" ","price":8.27},{"type":"A","date":"2018-04-23T01:32:47.000Z","volume":2500,"label":" ","price":8.27},{"type":"B","date":"2018-04-23T01:32:54.000Z","volume":4000,"label":" ","price":8.26},{"type":"A","date":"2018-04-23T01:32:54.000Z","volume":500,"label":" ","price":8.27},{"type":"B","date":"2018-04-23T01:33:01.000Z","volume":39500,"label":" ","price":8.26},{"type":"B","date":"2018-04-23T01:33:01.000Z","volume":9000,"label":" ","price":8.26},{"type":"B","date":"2018-04-23T01:33:08.000Z","volume":41000,"label":" ","price":8.25},{"type":"B","date":"2018-04-23T01:33:08.000Z","volume":19000,"label":" ","price":8.24},{"type":"B","date":"2018-04-23T01:33:08.000Z","volume":9500,"label":" ","price":8.25},{"type":"B","date":"2018-04-23T01:33:08.000Z","volume":2000,"label":" ","price":8.23},{"type":"B","date":"2018-04-23T01:33:08.000Z","volume":500,"label":" ","price":8.25},{"type":"A","date":"2018-04-23T01:33:48.000Z","volume":25000,"label":" ","price":8.25},{"type":"A","date":"2018-04-23T01:33:48.000Z","volume":5000,"label":" ","price":8.25},{"type":"B","date":"2018-04-23T01:34:00.000Z","volume":6000,"label":" ","price":8.24},{"type":"B","date":"2018-04-23T01:34:00.000Z","volume":1000,"label":" ","price":8.24},{"type":"B","date":"2018-04-23T01:34:00.000Z","volume":1000,"label":" ","price":8.23},{"type":"B","date":"2018-04-23T01:34:03.000Z","volume":16500,"label":" ","price":8.23},{"type":"B","date":"2018-04-23T01:34:03.000Z","volume":4000,"label":" ","price":8.23},{"type":"A","date":"2018-04-23T01:34:04.000Z","volume":30000,"label":" ","price":8.25},{"type":"U","date":"2018-04-23T01:34:07.000Z","volume":3000,"label":" ","price":8.24},{"type":"A","date":"2018-04-23T01:34:21.000Z","volume":30000,"label":" ","price":8.25},{"type":"U","date":"2018-04-23T01:34:24.000Z","volume":5000,"label":" ","price":8.24},{"type":"U","date":"2018-04-23T01:34:24.000Z","volume":500,"label":" ","price":8.24},{"type":"B","date":"2018-04-23T01:34:47.000Z","volume":1000,"label":"Y","price":8.22},{"type":"B","date":"2018-04-23T01:34:47.000Z","volume":9500,"label":" ","price":8.22},{"type":"B","date":"2018-04-23T01:34:47.000Z","volume":4000,"label":" ","price":8.22},{"type":"U","date":"2018-04-23T01:34:48.000Z","volume":5000,"label":" ","price":8.24},{"type":"U","date":"2018-04-23T01:34:48.000Z","volume":500,"label":" ","price":8.24},{"type":"U","date":"2018-04-23T01:34:48.000Z","volume":500,"label":" ","price":8.24},{"type":"B","date":"2018-04-23T01:34:52.000Z","volume":500,"label":" ","price":8.22},{"type":"B","date":"2018-04-23T01:34:52.000Z","volume":4500,"label":" ","price":8.22},{"type":"U","date":"2018-04-23T01:34:52.000Z","volume":500,"label":" ","price":8.23},{"type":"B","date":"2018-04-23T01:34:52.000Z","volume":500,"label":" ","price":8.22},{"type":"U","date":"2018-04-23T01:34:57.000Z","volume":500,"label":" ","price":8.24},{"type":"B","date":"2018-04-23T01:35:11.000Z","volume":3000,"label":" ","price":8.21},{"type":"U","date":"2018-04-23T01:35:18.000Z","volume":500,"label":" ","price":8.24},{"type":"U","date":"2018-04-23T01:35:18.000Z","volume":1500,"label":" ","price":8.24},{"type":"U","date":"2018-04-23T01:35:46.000Z","volume":8000,"label":" ","price":8.22},{"type":"A","date":"2018-04-23T01:35:46.000Z","volume":1500,"label":" ","price":8.24},{"type":"A","date":"2018-04-23T01:35:46.000Z","volume":500,"label":" ","price":8.24},{"type":"B","date":"2018-04-23T01:35:46.000Z","volume":500,"label":" ","price":8.21},{"type":"B","date":"2018-04-23T01:36:49.000Z","volume":1000,"label":" ","price":8.21},{"type":"B","date":"2018-04-23T01:36:57.000Z","volume":10000,"label":" ","price":8.21},{"type":"B","date":"2018-04-23T01:36:59.000Z","volume":7500,"label":" ","price":8.21},{"type":"U","date":"2018-04-23T01:37:01.000Z","volume":500,"label":" ","price":8.23},{"type":"A","date":"2018-04-23T01:37:02.000Z","volume":500,"label":" ","price":8.23},{"type":"A","date":"2018-04-23T01:37:02.000Z","volume":1000,"label":" ","price":8.23},{"type":"A","date":"2018-04-23T01:37:02.000Z","volume":4500,"label":" ","price":8.23},{"type":"B","date":"2018-04-23T01:37:25.000Z","volume":8500,"label":" ","price":8.23},{"type":"B","date":"2018-04-23T01:37:30.000Z","volume":7500,"label":" ","price":8.23},{"type":"B","date":"2018-04-23T01:37:35.000Z","volume":9500,"label":" ","price":8.23},{"type":"B","date":"2018-04-23T01:37:35.000Z","volume":500,"label":" ","price":8.23},{"type":"B","date":"2018-04-23T01:37:35.000Z","volume":1000,"label":" ","price":8.21},{"type":"A","date":"2018-04-23T01:37:42.000Z","volume":1000,"label":" ","price":8.24},{"type":"A","date":"2018-04-23T01:37:50.000Z","volume":5000,"label":" ","price":8.24},{"type":"A","date":"2018-04-23T01:37:50.000Z","volume":5000,"label":" ","price":8.24},{"type":"B","date":"2018-04-23T01:37:58.000Z","volume":500,"label":" ","price":8.23},{"type":"B","date":"2018-04-23T01:37:58.000Z","volume":500,"label":" ","price":8.23},{"type":"A","date":"2018-04-23T01:38:06.000Z","volume":4000,"label":" ","price":8.23},{"type":"A","date":"2018-04-23T01:38:06.000Z","volume":1000,"label":" ","price":8.23},{"type":"A","date":"2018-04-23T01:38:11.000Z","volume":500,"label":" ","price":8.23},{"type":"A","date":"2018-04-23T01:38:15.000Z","volume":10000,"label":" ","price":8.23},{"type":"B","date":"2018-04-23T01:38:35.000Z","volume":2000,"label":" ","price":8.23},{"type":"A","date":"2018-04-23T01:38:36.000Z","volume":4000,"label":" ","price":8.25},{"type":"A","date":"2018-04-23T01:38:36.000Z","volume":1500,"label":" ","price":8.25},{"type":"A","date":"2018-04-23T01:39:09.000Z","volume":4000,"label":" ","price":8.25},{"type":"A","date":"2018-04-23T01:39:10.000Z","volume":1500,"label":" ","price":8.25},{"type":"A","date":"2018-04-23T01:39:22.000Z","volume":55500,"label":" ","price":8.26},{"type":"A","date":"2018-04-23T01:39:22.000Z","volume":5000,"label":" ","price":8.27},{"type":"B","date":"2018-04-23T01:39:30.000Z","volume":2000,"label":" ","price":8.26},{"type":"B","date":"2018-04-23T01:39:42.000Z","volume":5000,"label":" ","price":8.26},{"type":"A","date":"2018-04-23T01:39:44.000Z","volume":5000,"label":" ","price":8.29},{"type":"A","date":"2018-04-23T01:40:07.000Z","volume":5000,"label":" ","price":8.29},{"type":"A","date":"2018-04-23T01:40:07.000Z","volume":8000,"label":" ","price":8.29},{"type":"A","date":"2018-04-23T01:40:07.000Z","volume":500,"label":" ","price":8.29},{"type":"A","date":"2018-04-23T01:40:10.000Z","volume":500,"label":" ","price":8.29},{"type":"A","date":"2018-04-23T01:40:13.000Z","volume":20000,"label":" ","price":8.3},{"type":"U","date":"2018-04-23T01:40:13.000Z","volume":1000,"label":" ","price":8.29},{"type":"A","date":"2018-04-23T01:40:36.000Z","volume":40000,"label":" ","price":8.3},{"type":"A","date":"2018-04-23T01:40:38.000Z","volume":6000,"label":" ","price":8.3},{"type":"A","date":"2018-04-23T01:40:45.000Z","volume":500,"label":"Y","price":8.3},{"type":"A","date":"2018-04-23T01:40:49.000Z","volume":50000,"label":" ","price":8.3},{"type":"A","date":"2018-04-23T01:40:49.000Z","volume":1000,"label":" ","price":8.3},{"type":"U","date":"2018-04-23T01:40:53.000Z","volume":10000,"label":" ","price":8.29},{"type":"A","date":"2018-04-23T01:40:53.000Z","volume":1500,"label":" ","price":8.3},{"type":"A","date":"2018-04-23T01:40:59.000Z","volume":46500,"label":" ","price":8.3},{"type":"A","date":"2018-04-23T01:40:59.000Z","volume":5500,"label":" ","price":8.31},{"type":"A","date":"2018-04-23T01:40:59.000Z","volume":500,"label":" ","price":8.31},{"type":"B","date":"2018-04-23T01:41:33.000Z","volume":2000,"label":" ","price":8.31},{"type":"U","date":"2018-04-23T01:41:33.000Z","volume":500,"label":" ","price":8.32},{"type":"A","date":"2018-04-23T01:41:43.000Z","volume":2000,"label":"Y","price":8.33},{"type":"A","date":"2018-04-23T01:41:43.000Z","volume":3000,"label":" ","price":8.33},{"type":"A","date":"2018-04-23T01:41:43.000Z","volume":500,"label":" ","price":8.33},{"type":"A","date":"2018-04-23T01:41:50.000Z","volume":23000,"label":" ","price":8.33},{"type":"B","date":"2018-04-23T01:41:50.000Z","volume":26500,"label":" ","price":8.32},{"type":"A","date":"2018-04-23T01:41:50.000Z","volume":2500,"label":" ","price":8.34},{"type":"B","date":"2018-04-23T01:41:57.000Z","volume":1000,"label":" ","price":8.32},{"type":"B","date":"2018-04-23T01:41:57.000Z","volume":13500,"label":" ","price":8.31},{"type":"B","date":"2018-04-23T01:41:57.000Z","volume":6500,"label":" ","price":8.31},{"type":"B","date":"2018-04-23T01:41:57.000Z","volume":2000,"label":" ","price":8.31},{"type":"B","date":"2018-04-23T01:41:57.000Z","volume":500,"label":" ","price":8.31},{"type":"A","date":"2018-04-23T01:42:10.000Z","volume":60000,"label":" ","price":8.31},{"type":"A","date":"2018-04-23T01:42:10.000Z","volume":2000,"label":" ","price":8.31},{"type":"A","date":"2018-04-23T01:42:10.000Z","volume":1000,"label":" ","price":8.31},{"type":"A","date":"2018-04-23T01:42:10.000Z","volume":2000,"label":" ","price":8.31},{"type":"A","date":"2018-04-23T01:42:10.000Z","volume":36500,"label":" ","price":8.31},{"type":"B","date":"2018-04-23T01:42:21.000Z","volume":10000,"label":" ","price":8.3},{"type":"A","date":"2018-04-23T01:42:22.000Z","volume":5000,"label":" ","price":8.32},{"type":"A","date":"2018-04-23T01:42:30.000Z","volume":9000,"label":" ","price":8.32},{"type":"A","date":"2018-04-23T01:42:33.000Z","volume":12000,"label":" ","price":8.33},{"type":"B","date":"2018-04-23T01:42:35.000Z","volume":20000,"label":" ","price":8.33},{"type":"B","date":"2018-04-23T01:42:35.000Z","volume":48000,"label":" ","price":8.33},{"type":"B","date":"2018-04-23T01:42:35.000Z","volume":4500,"label":" ","price":8.3},{"type":"B","date":"2018-04-23T01:43:12.000Z","volume":1500,"label":" ","price":8.3},{"type":"A","date":"2018-04-23T01:43:17.000Z","volume":2000,"label":" ","price":8.31},{"type":"B","date":"2018-04-23T01:43:18.000Z","volume":500,"label":"Y","price":8.3},{"type":"B","date":"2018-04-23T01:43:18.000Z","volume":4500,"label":" ","price":8.3},{"type":"B","date":"2018-04-23T01:43:27.000Z","volume":4000,"label":" ","price":8.3},{"type":"B","date":"2018-04-23T01:43:27.000Z","volume":500,"label":" ","price":8.29},{"type":"B","date":"2018-04-23T01:43:31.000Z","volume":3000,"label":" ","price":8.28},{"type":"U","date":"2018-04-23T01:43:52.000Z","volume":6000,"label":" ","price":8.29},{"type":"B","date":"2018-04-23T01:43:55.000Z","volume":24000,"label":" ","price":8.28},{"type":"B","date":"2018-04-23T01:44:25.000Z","volume":3000,"label":" ","price":8.27},{"type":"B","date":"2018-04-23T01:44:27.000Z","volume":16000,"label":" ","price":8.27},{"type":"A","date":"2018-04-23T01:44:43.000Z","volume":20000,"label":" ","price":8.27},{"type":"A","date":"2018-04-23T01:44:43.000Z","volume":17500,"label":" ","price":8.27},{"type":"A","date":"2018-04-23T01:44:54.000Z","volume":10000,"label":" ","price":8.27},{"type":"B","date":"2018-04-23T01:44:57.000Z","volume":2000,"label":" ","price":8.27},{"type":"B","date":"2018-04-23T01:45:00.000Z","volume":5000,"label":" ","price":8.27},{"type":"B","date":"2018-04-23T01:45:01.000Z","volume":2500,"label":" ","price":8.27},{"type":"B","date":"2018-04-23T01:45:01.000Z","volume":8500,"label":" ","price":8.26},{"type":"B","date":"2018-04-23T01:45:31.000Z","volume":1500,"label":" ","price":8.26},{"type":"B","date":"2018-04-23T01:45:56.000Z","volume":500,"label":" ","price":8.26},{"type":"A","date":"2018-04-23T01:46:35.000Z","volume":19000,"label":" ","price":8.27},{"type":"A","date":"2018-04-23T01:46:37.000Z","volume":6000,"label":" ","price":8.28},{"type":"B","date":"2018-04-23T01:46:43.000Z","volume":1000,"label":" ","price":8.27},{"type":"B","date":"2018-04-23T01:46:50.000Z","volume":1000,"label":" ","price":8.27},{"type":"B","date":"2018-04-23T01:47:05.000Z","volume":33000,"label":" ","price":8.27},{"type":"B","date":"2018-04-23T01:47:15.000Z","volume":91500,"label":" ","price":8.26},{"type":"B","date":"2018-04-23T01:47:15.000Z","volume":12500,"label":" ","price":8.25},{"type":"A","date":"2018-04-23T01:47:17.000Z","volume":62000,"label":" ","price":8.27},{"type":"A","date":"2018-04-23T01:47:17.000Z","volume":6000,"label":" ","price":8.28},{"type":"A","date":"2018-04-23T01:47:17.000Z","volume":1500,"label":" ","price":8.28},{"type":"A","date":"2018-04-23T01:47:17.000Z","volume":500,"label":" ","price":8.28},{"type":"B","date":"2018-04-23T01:47:17.000Z","volume":55500,"label":" ","price":8.24},{"type":"A","date":"2018-04-23T01:47:18.000Z","volume":5000,"label":" ","price":8.24},{"type":"A","date":"2018-04-23T01:47:20.000Z","volume":16000,"label":" ","price":8.24},{"type":"U","date":"2018-04-23T01:47:20.000Z","volume":1500,"label":" ","price":8.24},{"type":"A","date":"2018-04-23T01:47:22.000Z","volume":1000,"label":" ","price":8.25},{"type":"A","date":"2018-04-23T01:47:23.000Z","volume":4500,"label":" ","price":8.28},{"type":"A","date":"2018-04-23T01:47:28.000Z","volume":1000,"label":" ","price":8.27},{"type":"A","date":"2018-04-23T01:47:28.000Z","volume":4000,"label":" ","price":8.28},{"type":"B","date":"2018-04-23T01:48:02.000Z","volume":6500,"label":" ","price":8.25},{"type":"A","date":"2018-04-23T01:48:03.000Z","volume":1000,"label":" ","price":8.28},{"type":"A","date":"2018-04-23T01:48:13.000Z","volume":1000,"label":" ","price":8.28},{"type":"U","date":"2018-04-23T01:48:40.000Z","volume":18000,"label":" ","price":8.27},{"type":"B","date":"2018-04-23T01:48:45.000Z","volume":9000,"label":" ","price":8.25},{"type":"B","date":"2018-04-23T01:49:01.000Z","volume":16000,"label":" ","price":8.24},{"type":"B","date":"2018-04-23T01:49:06.000Z","volume":36500,"label":" ","price":8.23},{"type":"B","date":"2018-04-23T01:49:06.000Z","volume":31500,"label":" ","price":8.22},{"type":"B","date":"2018-04-23T01:49:06.000Z","volume":15500,"label":" ","price":8.21},{"type":"B","date":"2018-04-23T01:49:06.000Z","volume":124500,"label":" ","price":8.2},{"type":"A","date":"2018-04-23T01:49:07.000Z","volume":6000,"label":" ","price":8.23},{"type":"A","date":"2018-04-23T01:49:07.000Z","volume":5500,"label":" ","price":8.23},{"type":"A","date":"2018-04-23T01:49:08.000Z","volume":5500,"label":" ","price":8.23},{"type":"A","date":"2018-04-23T01:49:10.000Z","volume":4500,"label":" ","price":8.24},{"type":"B","date":"2018-04-23T01:49:25.000Z","volume":10000,"label":" ","price":8.17},{"type":"A","date":"2018-04-23T01:49:28.000Z","volume":5000,"label":" ","price":8.23},{"type":"B","date":"2018-04-23T01:50:15.000Z","volume":7000,"label":" ","price":8.18},{"type":"A","date":"2018-04-23T01:51:00.000Z","volume":500,"label":" ","price":8.2},{"type":"A","date":"2018-04-23T01:51:12.000Z","volume":5000,"label":" ","price":8.2},{"type":"U","date":"2018-04-23T01:51:15.000Z","volume":1500,"label":" ","price":8.19},{"type":"B","date":"2018-04-23T01:51:16.000Z","volume":43000,"label":"Y","price":8.18},{"type":"B","date":"2018-04-23T01:51:16.000Z","volume":67000,"label":" ","price":8.18},{"type":"B","date":"2018-04-23T01:51:16.000Z","volume":3500,"label":" ","price":8.18},{"type":"B","date":"2018-04-23T01:51:27.000Z","volume":28500,"label":" ","price":8.17},{"type":"U","date":"2018-04-23T01:51:30.000Z","volume":2000,"label":" ","price":8.17},{"type":"A","date":"2018-04-23T01:51:33.000Z","volume":1000,"label":" ","price":8.18},{"type":"U","date":"2018-04-23T01:51:37.000Z","volume":5000,"label":" ","price":8.17},{"type":"A","date":"2018-04-23T01:51:39.000Z","volume":5000,"label":" ","price":8.17},{"type":"A","date":"2018-04-23T01:51:45.000Z","volume":4000,"label":" ","price":8.17},{"type":"A","date":"2018-04-23T01:51:51.000Z","volume":5000,"label":" ","price":8.17},{"type":"A","date":"2018-04-23T01:51:51.000Z","volume":10000,"label":" ","price":8.17},{"type":"B","date":"2018-04-23T01:52:03.000Z","volume":5000,"label":"Y","price":8.16},{"type":"B","date":"2018-04-23T01:52:03.000Z","volume":28000,"label":" ","price":8.16},{"type":"B","date":"2018-04-23T01:52:09.000Z","volume":5500,"label":" ","price":8.16},{"type":"B","date":"2018-04-23T01:52:32.000Z","volume":1500,"label":" ","price":8.16},{"type":"B","date":"2018-04-23T01:52:46.000Z","volume":10000,"label":" ","price":8.16},{"type":"B","date":"2018-04-23T01:52:58.000Z","volume":15000,"label":" ","price":8.16},{"type":"B","date":"2018-04-23T01:53:00.000Z","volume":14500,"label":" ","price":8.16},{"type":"B","date":"2018-04-23T01:53:00.000Z","volume":7000,"label":" ","price":8.16},{"type":"A","date":"2018-04-23T01:53:01.000Z","volume":11500,"label":" ","price":8.16},{"type":"A","date":"2018-04-23T01:53:02.000Z","volume":26500,"label":" ","price":8.17},{"type":"A","date":"2018-04-23T01:53:04.000Z","volume":28500,"label":" ","price":8.18},{"type":"A","date":"2018-04-23T01:53:07.000Z","volume":500,"label":" ","price":8.19},{"type":"A","date":"2018-04-23T01:53:07.000Z","volume":6000,"label":" ","price":8.2},{"type":"A","date":"2018-04-23T01:53:26.000Z","volume":4500,"label":" ","price":8.2},{"type":"A","date":"2018-04-23T01:53:30.000Z","volume":5500,"label":" ","price":8.2},{"type":"B","date":"2018-04-23T01:54:13.000Z","volume":15500,"label":" ","price":8.19},{"type":"B","date":"2018-04-23T01:54:13.000Z","volume":10000,"label":" ","price":8.19},{"type":"B","date":"2018-04-23T01:54:14.000Z","volume":1000,"label":" ","price":8.19},{"type":"B","date":"2018-04-23T01:54:14.000Z","volume":10000,"label":" ","price":8.19},{"type":"A","date":"2018-04-23T01:54:20.000Z","volume":11000,"label":" ","price":8.19},{"type":"A","date":"2018-04-23T01:54:35.000Z","volume":10000,"label":" ","price":8.19},{"type":"B","date":"2018-04-23T01:54:38.000Z","volume":500,"label":" ","price":8.18},{"type":"B","date":"2018-04-23T01:54:38.000Z","volume":30500,"label":" ","price":8.18},{"type":"A","date":"2018-04-23T01:55:17.000Z","volume":18500,"label":" ","price":8.18},{"type":"A","date":"2018-04-23T01:55:34.000Z","volume":20000,"label":" ","price":8.19},{"type":"A","date":"2018-04-23T01:55:37.000Z","volume":21500,"label":" ","price":8.19},{"type":"B","date":"2018-04-23T01:55:50.000Z","volume":27000,"label":" ","price":8.19},{"type":"A","date":"2018-04-23T01:55:51.000Z","volume":3000,"label":" ","price":8.19},{"type":"B","date":"2018-04-23T01:57:04.000Z","volume":500,"label":" ","price":8.19},{"type":"A","date":"2018-04-23T01:57:07.000Z","volume":10000,"label":" ","price":8.2},{"type":"A","date":"2018-04-23T01:57:14.000Z","volume":52000,"label":" ","price":8.2},{"type":"B","date":"2018-04-23T01:57:44.000Z","volume":10000,"label":" ","price":8.19},{"type":"B","date":"2018-04-23T01:57:45.000Z","volume":59000,"label":" ","price":8.19},{"type":"B","date":"2018-04-23T01:57:45.000Z","volume":6500,"label":" ","price":8.19},{"type":"B","date":"2018-04-23T01:57:46.000Z","volume":15500,"label":" ","price":8.18},{"type":"B","date":"2018-04-23T01:57:51.000Z","volume":10000,"label":" ","price":8.17},{"type":"B","date":"2018-04-23T01:57:51.000Z","volume":35000,"label":" ","price":8.17},{"type":"A","date":"2018-04-23T01:57:54.000Z","volume":1500,"label":" ","price":8.17},{"type":"B","date":"2018-04-23T01:58:08.000Z","volume":56500,"label":" ","price":8.16},{"type":"B","date":"2018-04-23T01:58:08.000Z","volume":109000,"label":" ","price":8.15},{"type":"B","date":"2018-04-23T01:58:09.000Z","volume":16500,"label":" ","price":8.14},{"type":"B","date":"2018-04-23T01:58:09.000Z","volume":54000,"label":" ","price":8.13},{"type":"A","date":"2018-04-23T01:58:11.000Z","volume":10000,"label":" ","price":8.16},{"type":"B","date":"2018-04-23T01:58:21.000Z","volume":500,"label":" ","price":8.12},{"type":"A","date":"2018-04-23T01:58:29.000Z","volume":1500,"label":" ","price":8.16},{"type":"U","date":"2018-04-23T01:58:47.000Z","volume":2000,"label":" ","price":8.15},{"type":"A","date":"2018-04-23T01:58:47.000Z","volume":500,"label":" ","price":8.15},{"type":"A","date":"2018-04-23T01:58:47.000Z","volume":3000,"label":" ","price":8.15},{"type":"A","date":"2018-04-23T01:58:47.000Z","volume":500,"label":" ","price":8.15},{"type":"A","date":"2018-04-23T01:58:48.000Z","volume":6500,"label":" ","price":8.16},{"type":"A","date":"2018-04-23T01:58:57.000Z","volume":2000,"label":" ","price":8.16},{"type":"A","date":"2018-04-23T01:58:57.000Z","volume":4500,"label":" ","price":8.16},{"type":"A","date":"2018-04-23T01:59:12.000Z","volume":5000,"label":" ","price":8.16},{"type":"B","date":"2018-04-23T01:59:29.000Z","volume":1000,"label":" ","price":8.15},{"type":"A","date":"2018-04-23T01:59:32.000Z","volume":5500,"label":" ","price":8.16},{"type":"B","date":"2018-04-23T02:00:00.000Z","volume":19000,"label":" ","price":8.15},{"type":"A","date":"2018-04-23T02:00:00.000Z","volume":3000,"label":" ","price":8.15},{"type":"A","date":"2018-04-23T02:00:08.000Z","volume":17000,"label":"Y","price":8.15},{"type":"A","date":"2018-04-23T02:00:08.000Z","volume":13500,"label":" ","price":8.15},{"type":"A","date":"2018-04-23T02:00:10.000Z","volume":3000,"label":" ","price":8.16},{"type":"A","date":"2018-04-23T02:00:11.000Z","volume":4500,"label":" ","price":8.16},{"type":"B","date":"2018-04-23T02:00:42.000Z","volume":8000,"label":" ","price":8.15},{"type":"A","date":"2018-04-23T02:00:47.000Z","volume":5000,"label":" ","price":8.17},{"type":"B","date":"2018-04-23T02:00:53.000Z","volume":1000,"label":" ","price":8.16},{"type":"B","date":"2018-04-23T02:00:57.000Z","volume":1000,"label":" ","price":8.16},{"type":"B","date":"2018-04-23T02:01:14.000Z","volume":6000,"label":" ","price":8.16},{"type":"A","date":"2018-04-23T02:01:17.000Z","volume":10000,"label":" ","price":8.17},{"type":"A","date":"2018-04-23T02:01:51.000Z","volume":2000,"label":" ","price":8.17},{"type":"A","date":"2018-04-23T02:02:00.000Z","volume":5000,"label":" ","price":8.17},{"type":"A","date":"2018-04-23T02:02:01.000Z","volume":5000,"label":" ","price":8.17},{"type":"B","date":"2018-04-23T02:02:21.000Z","volume":5000,"label":" ","price":8.16},{"type":"A","date":"2018-04-23T02:02:22.000Z","volume":5500,"label":" ","price":8.17},{"type":"A","date":"2018-04-23T02:02:24.000Z","volume":4500,"label":" ","price":8.17},{"type":"A","date":"2018-04-23T02:02:32.000Z","volume":2500,"label":" ","price":8.17},{"type":"A","date":"2018-04-23T02:02:59.000Z","volume":2000,"label":" ","price":8.17},{"type":"B","date":"2018-04-23T02:03:16.000Z","volume":10000,"label":" ","price":8.16},{"type":"A","date":"2018-04-23T02:03:16.000Z","volume":18000,"label":" ","price":8.17},{"type":"A","date":"2018-04-23T02:03:55.000Z","volume":3000,"label":" ","price":8.17},{"type":"B","date":"2018-04-23T02:03:59.000Z","volume":28000,"label":" ","price":8.16},{"type":"A","date":"2018-04-23T02:03:59.000Z","volume":1000,"label":" ","price":8.17},{"type":"A","date":"2018-04-23T02:04:47.000Z","volume":6000,"label":" ","price":8.17},{"type":"A","date":"2018-04-23T02:05:01.000Z","volume":500,"label":" ","price":8.17},{"type":"A","date":"2018-04-23T02:05:09.000Z","volume":37500,"label":" ","price":8.17},{"type":"A","date":"2018-04-23T02:05:17.000Z","volume":4000,"label":" ","price":8.18},{"type":"B","date":"2018-04-23T02:05:58.000Z","volume":1500,"label":" ","price":8.18},{"type":"B","date":"2018-04-23T02:06:05.000Z","volume":11000,"label":" ","price":8.18},{"type":"A","date":"2018-04-23T02:06:09.000Z","volume":2000,"label":" ","price":8.18},{"type":"A","date":"2018-04-23T02:06:10.000Z","volume":8000,"label":" ","price":8.18},{"type":"A","date":"2018-04-23T02:06:10.000Z","volume":15500,"label":" ","price":8.19},{"type":"B","date":"2018-04-23T02:06:10.000Z","volume":8500,"label":" ","price":8.19},{"type":"A","date":"2018-04-23T02:06:17.000Z","volume":2000,"label":" ","price":8.2},{"type":"B","date":"2018-04-23T02:06:35.000Z","volume":18500,"label":" ","price":8.19},{"type":"B","date":"2018-04-23T02:06:35.000Z","volume":1000,"label":" ","price":8.18},{"type":"B","date":"2018-04-23T02:06:53.000Z","volume":69500,"label":" ","price":8.17},{"type":"B","date":"2018-04-23T02:07:11.000Z","volume":10000,"label":" ","price":8.16},{"type":"B","date":"2018-04-23T02:07:11.000Z","volume":500,"label":"Y","price":8.16},{"type":"B","date":"2018-04-23T02:07:11.000Z","volume":57000,"label":" ","price":8.16},{"type":"B","date":"2018-04-23T02:07:11.000Z","volume":10000,"label":" ","price":8.16},{"type":"B","date":"2018-04-23T02:07:11.000Z","volume":54500,"label":" ","price":8.15},{"type":"U","date":"2018-04-23T02:07:11.000Z","volume":50000,"label":" ","price":8.15},{"type":"U","date":"2018-04-23T02:07:12.000Z","volume":50000,"label":" ","price":8.15},{"type":"U","date":"2018-04-23T02:07:12.000Z","volume":50000,"label":" ","price":8.15},{"type":"U","date":"2018-04-23T02:07:12.000Z","volume":50000,"label":" ","price":8.15},{"type":"U","date":"2018-04-23T02:07:12.000Z","volume":50000,"label":" ","price":8.15},{"type":"U","date":"2018-04-23T02:07:12.000Z","volume":18500,"label":" ","price":8.15},{"type":"A","date":"2018-04-23T02:07:13.000Z","volume":4500,"label":" ","price":8.16},{"type":"A","date":"2018-04-23T02:07:13.000Z","volume":10000,"label":" ","price":8.17},{"type":"A","date":"2018-04-23T02:07:16.000Z","volume":5000,"label":" ","price":8.17},{"type":"B","date":"2018-04-23T02:07:16.000Z","volume":5500,"label":" ","price":8.16},{"type":"B","date":"2018-04-23T02:07:27.000Z","volume":11500,"label":" ","price":8.15},{"type":"A","date":"2018-04-23T02:07:44.000Z","volume":1000,"label":" ","price":8.16},{"type":"B","date":"2018-04-23T02:07:44.000Z","volume":10500,"label":" ","price":8.16},{"type":"A","date":"2018-04-23T02:07:46.000Z","volume":6000,"label":" ","price":8.17},{"type":"B","date":"2018-04-23T02:07:47.000Z","volume":10000,"label":" ","price":8.15},{"type":"B","date":"2018-04-23T02:07:50.000Z","volume":35000,"label":" ","price":8.15},{"type":"A","date":"2018-04-23T02:07:51.000Z","volume":65000,"label":" ","price":8.15},{"type":"A","date":"2018-04-23T02:07:51.000Z","volume":50000,"label":" ","price":8.15},{"type":"U","date":"2018-04-23T02:07:51.000Z","volume":50000,"label":" ","price":8.15},{"type":"U","date":"2018-04-23T02:07:51.000Z","volume":50000,"label":" ","price":8.15},{"type":"U","date":"2018-04-23T02:07:51.000Z","volume":50000,"label":" ","price":8.15},{"type":"A","date":"2018-04-23T02:07:55.000Z","volume":500,"label":" ","price":8.17},{"type":"B","date":"2018-04-23T02:07:59.000Z","volume":10000,"label":" ","price":8.15},{"type":"B","date":"2018-04-23T02:08:03.000Z","volume":38500,"label":" ","price":8.15},{"type":"B","date":"2018-04-23T02:08:03.000Z","volume":5500,"label":" ","price":8.15},{"type":"B","date":"2018-04-23T02:08:03.000Z","volume":1500,"label":" ","price":8.14},{"type":"B","date":"2018-04-23T02:08:08.000Z","volume":1500,"label":" ","price":8.15},{"type":"B","date":"2018-04-23T02:08:11.000Z","volume":3000,"label":" ","price":8.15},{"type":"B","date":"2018-04-23T02:08:25.000Z","volume":3000,"label":" ","price":8.13},{"type":"B","date":"2018-04-23T02:08:46.000Z","volume":36500,"label":" ","price":8.13},{"type":"B","date":"2018-04-23T02:08:47.000Z","volume":12000,"label":"Y","price":8.13},{"type":"B","date":"2018-04-23T02:08:53.000Z","volume":500,"label":" ","price":8.13},{"type":"B","date":"2018-04-23T02:09:07.000Z","volume":6000,"label":" ","price":8.13},{"type":"A","date":"2018-04-23T02:09:13.000Z","volume":3000,"label":" ","price":8.15},{"type":"B","date":"2018-04-23T02:09:55.000Z","volume":13500,"label":" ","price":8.13},{"type":"B","date":"2018-04-23T02:09:55.000Z","volume":26500,"label":" ","price":8.13},{"type":"B","date":"2018-04-23T02:10:13.000Z","volume":4500,"label":"Y","price":8.12},{"type":"B","date":"2018-04-23T02:10:13.000Z","volume":85500,"label":" ","price":8.12},{"type":"B","date":"2018-04-23T02:10:13.000Z","volume":140500,"label":" ","price":8.12},{"type":"B","date":"2018-04-23T02:10:13.000Z","volume":34000,"label":" ","price":8.11},{"type":"B","date":"2018-04-23T02:10:13.000Z","volume":500,"label":" ","price":8.1},{"type":"B","date":"2018-04-23T02:10:14.000Z","volume":94000,"label":" ","price":8.1},{"type":"B","date":"2018-04-23T02:10:14.000Z","volume":12000,"label":" ","price":8.09},{"type":"A","date":"2018-04-23T02:10:16.000Z","volume":11500,"label":" ","price":8.12},{"type":"A","date":"2018-04-23T02:10:19.000Z","volume":7000,"label":" ","price":8.12},{"type":"A","date":"2018-04-23T02:10:20.000Z","volume":1500,"label":" ","price":8.12},{"type":"A","date":"2018-04-23T02:10:21.000Z","volume":7000,"label":" ","price":8.12},{"type":"A","date":"2018-04-23T02:10:23.000Z","volume":4500,"label":" ","price":8.12},{"type":"A","date":"2018-04-23T02:10:23.000Z","volume":6000,"label":" ","price":8.12},{"type":"B","date":"2018-04-23T02:10:39.000Z","volume":5000,"label":" ","price":8.1},{"type":"B","date":"2018-04-23T02:10:40.000Z","volume":7500,"label":" ","price":8.1},{"type":"B","date":"2018-04-23T02:10:40.000Z","volume":1000,"label":" ","price":8.09},{"type":"B","date":"2018-04-23T02:10:40.000Z","volume":9500,"label":" ","price":8.08},{"type":"A","date":"2018-04-23T02:10:56.000Z","volume":10000,"label":" ","price":8.11},{"type":"B","date":"2018-04-23T02:11:04.000Z","volume":3500,"label":" ","price":8.09},{"type":"B","date":"2018-04-23T02:11:04.000Z","volume":9500,"label":" ","price":8.09},{"type":"B","date":"2018-04-23T02:11:04.000Z","volume":2500,"label":"Y","price":8.08},{"type":"B","date":"2018-04-23T02:11:04.000Z","volume":8000,"label":" ","price":8.08},{"type":"A","date":"2018-04-23T02:11:09.000Z","volume":6000,"label":" ","price":8.09},{"type":"A","date":"2018-04-23T02:11:09.000Z","volume":4000,"label":" ","price":8.1},{"type":"A","date":"2018-04-23T02:11:22.000Z","volume":10000,"label":" ","price":8.1},{"type":"B","date":"2018-04-23T02:11:28.000Z","volume":3000,"label":" ","price":8.08},{"type":"U","date":"2018-04-23T02:11:29.000Z","volume":5000,"label":" ","price":8.09},{"type":"B","date":"2018-04-23T02:11:34.000Z","volume":2500,"label":" ","price":8.09},{"type":"B","date":"2018-04-23T02:11:43.000Z","volume":27000,"label":" ","price":8.09},{"type":"B","date":"2018-04-23T02:11:43.000Z","volume":13000,"label":" ","price":8.08},{"type":"A","date":"2018-04-23T02:11:48.000Z","volume":4500,"label":" ","price":8.09},{"type":"B","date":"2018-04-23T02:11:50.000Z","volume":1000,"label":" ","price":8.08},{"type":"A","date":"2018-04-23T02:11:59.000Z","volume":1000,"label":" ","price":8.09},{"type":"A","date":"2018-04-23T02:12:03.000Z","volume":5000,"label":" ","price":8.09},{"type":"B","date":"2018-04-23T02:12:04.000Z","volume":26000,"label":"Y","price":8.08},{"type":"B","date":"2018-04-23T02:12:04.000Z","volume":74000,"label":" ","price":8.08},{"type":"A","date":"2018-04-23T02:12:04.000Z","volume":6000,"label":" ","price":8.09},{"type":"B","date":"2018-04-23T02:12:26.000Z","volume":30000,"label":" ","price":8.08},{"type":"A","date":"2018-04-23T02:12:27.000Z","volume":5000,"label":"Y","price":8.09},{"type":"A","date":"2018-04-23T02:12:27.000Z","volume":2000,"label":" ","price":8.09},{"type":"A","date":"2018-04-23T02:12:27.000Z","volume":36000,"label":" ","price":8.1},{"type":"B","date":"2018-04-23T02:12:33.000Z","volume":500,"label":" ","price":8.09},{"type":"B","date":"2018-04-23T02:12:33.000Z","volume":5500,"label":" ","price":8.08},{"type":"A","date":"2018-04-23T02:12:44.000Z","volume":2000,"label":" ","price":8.1},{"type":"B","date":"2018-04-23T02:12:45.000Z","volume":5000,"label":" ","price":8.09},{"type":"B","date":"2018-04-23T02:12:52.000Z","volume":5500,"label":" ","price":8.09},{"type":"B","date":"2018-04-23T02:12:56.000Z","volume":6000,"label":" ","price":8.09},{"type":"B","date":"2018-04-23T02:13:00.000Z","volume":6500,"label":" ","price":8.09},{"type":"B","date":"2018-04-23T02:13:11.000Z","volume":10000,"label":" ","price":8.09},{"type":"B","date":"2018-04-23T02:13:15.000Z","volume":14000,"label":" ","price":8.09},{"type":"B","date":"2018-04-23T02:13:17.000Z","volume":14000,"label":" ","price":8.08},{"type":"B","date":"2018-04-23T02:13:17.000Z","volume":58000,"label":" ","price":8.07},{"type":"A","date":"2018-04-23T02:13:19.000Z","volume":500,"label":" ","price":8.09},{"type":"B","date":"2018-04-23T02:13:26.000Z","volume":5000,"label":" ","price":8.07},{"type":"A","date":"2018-04-23T02:13:27.000Z","volume":5000,"label":" ","price":8.1},{"type":"A","date":"2018-04-23T02:13:40.000Z","volume":10000,"label":" ","price":8.1},{"type":"B","date":"2018-04-23T02:13:44.000Z","volume":5000,"label":" ","price":8.09},{"type":"B","date":"2018-04-23T02:13:53.000Z","volume":11000,"label":" ","price":8.09},{"type":"A","date":"2018-04-23T02:13:59.000Z","volume":29000,"label":" ","price":8.1},{"type":"B","date":"2018-04-23T02:14:16.000Z","volume":12000,"label":" ","price":8.09},{"type":"B","date":"2018-04-23T02:14:19.000Z","volume":14500,"label":" ","price":8.09},{"type":"B","date":"2018-04-23T02:14:26.000Z","volume":13000,"label":" ","price":8.09},{"type":"U","date":"2018-04-23T02:14:27.000Z","volume":500,"label":" ","price":8.1},{"type":"B","date":"2018-04-23T02:14:34.000Z","volume":500,"label":"Y","price":8.09},{"type":"B","date":"2018-04-23T02:14:34.000Z","volume":35500,"label":" ","price":8.09},{"type":"A","date":"2018-04-23T02:14:51.000Z","volume":3000,"label":" ","price":8.09},{"type":"A","date":"2018-04-23T02:14:51.000Z","volume":10000,"label":" ","price":8.09},{"type":"A","date":"2018-04-23T02:14:58.000Z","volume":1000,"label":" ","price":8.09},{"type":"B","date":"2018-04-23T02:15:02.000Z","volume":34500,"label":" ","price":8.08},{"type":"A","date":"2018-04-23T02:15:03.000Z","volume":10000,"label":" ","price":8.08},{"type":"A","date":"2018-04-23T02:15:05.000Z","volume":500,"label":"Y","price":8.08},{"type":"A","date":"2018-04-23T02:15:15.000Z","volume":2000,"label":" ","price":8.08},{"type":"B","date":"2018-04-23T02:15:16.000Z","volume":10000,"label":" ","price":8.07},{"type":"A","date":"2018-04-23T02:15:18.000Z","volume":5000,"label":" ","price":8.08},{"type":"A","date":"2018-04-23T02:15:23.000Z","volume":1000,"label":" ","price":8.08},{"type":"B","date":"2018-04-23T02:15:27.000Z","volume":1000,"label":" ","price":8.07},{"type":"A","date":"2018-04-23T02:15:32.000Z","volume":60000,"label":" ","price":8.08},{"type":"A","date":"2018-04-23T02:15:32.000Z","volume":65500,"label":" ","price":8.08},{"type":"A","date":"2018-04-23T02:15:32.000Z","volume":39000,"label":" ","price":8.08},{"type":"A","date":"2018-04-23T02:15:33.000Z","volume":6000,"label":" ","price":8.09},{"type":"A","date":"2018-04-23T02:15:33.000Z","volume":8500,"label":" ","price":8.1},{"type":"A","date":"2018-04-23T02:15:34.000Z","volume":5000,"label":" ","price":8.11},{"type":"A","date":"2018-04-23T02:15:36.000Z","volume":2000,"label":" ","price":8.11},{"type":"U","date":"2018-04-23T02:15:36.000Z","volume":9000,"label":" ","price":8.09},{"type":"A","date":"2018-04-23T02:15:37.000Z","volume":4000,"label":" ","price":8.13},{"type":"A","date":"2018-04-23T02:15:39.000Z","volume":4500,"label":" ","price":8.13},{"type":"B","date":"2018-04-23T02:15:39.000Z","volume":19000,"label":" ","price":8.08},{"type":"A","date":"2018-04-23T02:15:42.000Z","volume":4500,"label":" ","price":8.13},{"type":"B","date":"2018-04-23T02:15:48.000Z","volume":2500,"label":" ","price":8.08},{"type":"A","date":"2018-04-23T02:16:12.000Z","volume":500,"label":" ","price":8.13},{"type":"A","date":"2018-04-23T02:16:16.000Z","volume":10000,"label":" ","price":8.13},{"type":"B","date":"2018-04-23T02:16:28.000Z","volume":3000,"label":" ","price":8.1},{"type":"B","date":"2018-04-23T02:16:35.000Z","volume":2000,"label":" ","price":8.1},{"type":"B","date":"2018-04-23T02:16:48.000Z","volume":5000,"label":" ","price":8.1},{"type":"A","date":"2018-04-23T02:16:52.000Z","volume":2500,"label":" ","price":8.1},{"type":"A","date":"2018-04-23T02:16:57.000Z","volume":19000,"label":" ","price":8.1},{"type":"A","date":"2018-04-23T02:16:58.000Z","volume":1000,"label":" ","price":8.12},{"type":"B","date":"2018-04-23T02:17:29.000Z","volume":500,"label":" ","price":8.11},{"type":"B","date":"2018-04-23T02:17:29.000Z","volume":9500,"label":" ","price":8.1},{"type":"B","date":"2018-04-23T02:18:13.000Z","volume":2000,"label":" ","price":8.1},{"type":"A","date":"2018-04-23T02:19:01.000Z","volume":10000,"label":" ","price":8.13},{"type":"A","date":"2018-04-23T02:19:07.000Z","volume":1500,"label":" ","price":8.13},{"type":"A","date":"2018-04-23T02:19:17.000Z","volume":20000,"label":" ","price":8.13},{"type":"A","date":"2018-04-23T02:19:17.000Z","volume":500,"label":" ","price":8.13},{"type":"B","date":"2018-04-23T02:19:18.000Z","volume":2500,"label":"Y","price":8.13},{"type":"A","date":"2018-04-23T02:19:27.000Z","volume":1000,"label":" ","price":8.14},{"type":"B","date":"2018-04-23T02:19:29.000Z","volume":8000,"label":" ","price":8.13},{"type":"B","date":"2018-04-23T02:19:45.000Z","volume":1000,"label":" ","price":8.11},{"type":"A","date":"2018-04-23T02:20:39.000Z","volume":6000,"label":" ","price":8.13},{"type":"A","date":"2018-04-23T02:20:53.000Z","volume":10000,"label":" ","price":8.13},{"type":"A","date":"2018-04-23T02:21:09.000Z","volume":6500,"label":"Y","price":8.13},{"type":"A","date":"2018-04-23T02:21:09.000Z","volume":3500,"label":" ","price":8.13},{"type":"A","date":"2018-04-23T02:21:10.000Z","volume":500,"label":" ","price":8.13},{"type":"A","date":"2018-04-23T02:21:11.000Z","volume":11000,"label":" ","price":8.13},{"type":"A","date":"2018-04-23T02:21:27.000Z","volume":6000,"label":" ","price":8.14},{"type":"B","date":"2018-04-23T02:21:35.000Z","volume":34500,"label":" ","price":8.12},{"type":"A","date":"2018-04-23T02:22:27.000Z","volume":10000,"label":" ","price":8.12},{"type":"A","date":"2018-04-23T02:22:28.000Z","volume":6000,"label":" ","price":8.12},{"type":"A","date":"2018-04-23T02:22:29.000Z","volume":6000,"label":" ","price":8.12},{"type":"A","date":"2018-04-23T02:22:48.000Z","volume":3000,"label":" ","price":8.12},{"type":"A","date":"2018-04-23T02:23:02.000Z","volume":1500,"label":" ","price":8.12},{"type":"A","date":"2018-04-23T02:23:25.000Z","volume":10000,"label":" ","price":8.12},{"type":"B","date":"2018-04-23T02:23:29.000Z","volume":4000,"label":" ","price":8.11},{"type":"B","date":"2018-04-23T02:23:29.000Z","volume":18500,"label":" ","price":8.11},{"type":"A","date":"2018-04-23T02:24:41.000Z","volume":500,"label":" ","price":8.12},{"type":"B","date":"2018-04-23T02:25:10.000Z","volume":39000,"label":" ","price":8.1},{"type":"B","date":"2018-04-23T02:25:14.000Z","volume":37500,"label":" ","price":8.1},{"type":"B","date":"2018-04-23T02:25:15.000Z","volume":2500,"label":" ","price":8.09},{"type":"A","date":"2018-04-23T02:25:16.000Z","volume":1000,"label":" ","price":8.1},{"type":"B","date":"2018-04-23T02:25:27.000Z","volume":7500,"label":" ","price":8.09},{"type":"B","date":"2018-04-23T02:25:27.000Z","volume":500,"label":" ","price":8.08},{"type":"A","date":"2018-04-23T02:25:30.000Z","volume":10000,"label":" ","price":8.1},{"type":"A","date":"2018-04-23T02:25:37.000Z","volume":5000,"label":" ","price":8.1},{"type":"A","date":"2018-04-23T02:25:48.000Z","volume":5500,"label":" ","price":8.1},{"type":"A","date":"2018-04-23T02:25:50.000Z","volume":1000,"label":" ","price":8.1},{"type":"A","date":"2018-04-23T02:25:58.000Z","volume":2000,"label":" ","price":8.1},{"type":"A","date":"2018-04-23T02:25:58.000Z","volume":31000,"label":" ","price":8.1},{"type":"A","date":"2018-04-23T02:25:58.000Z","volume":5000,"label":" ","price":8.11},{"type":"A","date":"2018-04-23T02:26:01.000Z","volume":4500,"label":" ","price":8.11},{"type":"A","date":"2018-04-23T02:26:39.000Z","volume":4000,"label":" ","price":8.11},{"type":"A","date":"2018-04-23T02:26:53.000Z","volume":4500,"label":" ","price":8.11},{"type":"B","date":"2018-04-23T02:26:56.000Z","volume":5000,"label":" ","price":8.1},{"type":"B","date":"2018-04-23T02:27:34.000Z","volume":2500,"label":" ","price":8.1},{"type":"A","date":"2018-04-23T02:27:34.000Z","volume":65000,"label":" ","price":8.11},{"type":"B","date":"2018-04-23T02:27:49.000Z","volume":3000,"label":"Y","price":8.1},{"type":"B","date":"2018-04-23T02:27:49.000Z","volume":15000,"label":" ","price":8.1},{"type":"A","date":"2018-04-23T02:27:52.000Z","volume":500,"label":" ","price":8.11},{"type":"B","date":"2018-04-23T02:28:09.000Z","volume":6000,"label":" ","price":8.1},{"type":"B","date":"2018-04-23T02:28:14.000Z","volume":1000,"label":" ","price":8.11},{"type":"B","date":"2018-04-23T02:28:16.000Z","volume":90000,"label":" ","price":8.11},{"type":"B","date":"2018-04-23T02:28:16.000Z","volume":67500,"label":" ","price":8.1},{"type":"B","date":"2018-04-23T02:28:16.000Z","volume":28000,"label":" ","price":8.09},{"type":"B","date":"2018-04-23T02:28:16.000Z","volume":4500,"label":" ","price":8.08},{"type":"A","date":"2018-04-23T02:29:11.000Z","volume":2000,"label":" ","price":8.09},{"type":"A","date":"2018-04-23T02:29:12.000Z","volume":6500,"label":" ","price":8.1},{"type":"A","date":"2018-04-23T02:29:14.000Z","volume":6000,"label":" ","price":8.1},{"type":"A","date":"2018-04-23T02:29:26.000Z","volume":1000,"label":" ","price":8.1},{"type":"A","date":"2018-04-23T02:30:00.000Z","volume":5000,"label":" ","price":8.1},{"type":"A","date":"2018-04-23T02:30:11.000Z","volume":1500,"label":" ","price":8.1},{"type":"A","date":"2018-04-23T02:30:32.000Z","volume":5500,"label":" ","price":8.1},{"type":"B","date":"2018-04-23T02:30:36.000Z","volume":14500,"label":" ","price":8.09},{"type":"B","date":"2018-04-23T02:30:55.000Z","volume":14000,"label":" ","price":8.08},{"type":"A","date":"2018-04-23T02:31:04.000Z","volume":18000,"label":" ","price":8.09},{"type":"B","date":"2018-04-23T02:31:24.000Z","volume":10000,"label":" ","price":8.08},{"type":"A","date":"2018-04-23T02:31:26.000Z","volume":5500,"label":" ","price":8.09},{"type":"B","date":"2018-04-23T02:31:49.000Z","volume":5000,"label":" ","price":8.08},{"type":"A","date":"2018-04-23T02:31:53.000Z","volume":12000,"label":" ","price":8.09},{"type":"A","date":"2018-04-23T02:31:56.000Z","volume":6000,"label":" ","price":8.09},{"type":"B","date":"2018-04-23T02:32:11.000Z","volume":5000,"label":" ","price":8.08},{"type":"A","date":"2018-04-23T02:32:24.000Z","volume":5000,"label":" ","price":8.09},{"type":"A","date":"2018-04-23T02:32:37.000Z","volume":10000,"label":" ","price":8.09},{"type":"A","date":"2018-04-23T02:32:52.000Z","volume":500,"label":" ","price":8.09},{"type":"A","date":"2018-04-23T02:32:54.000Z","volume":2000,"label":" ","price":8.09},{"type":"A","date":"2018-04-23T02:33:03.000Z","volume":10000,"label":" ","price":8.09},{"type":"A","date":"2018-04-23T02:33:04.000Z","volume":4500,"label":" ","price":8.09},{"type":"A","date":"2018-04-23T02:33:09.000Z","volume":50000,"label":" ","price":8.09},{"type":"A","date":"2018-04-23T02:33:09.000Z","volume":4000,"label":" ","price":8.09},{"type":"A","date":"2018-04-23T02:33:10.000Z","volume":5000,"label":" ","price":8.1},{"type":"A","date":"2018-04-23T02:33:33.000Z","volume":500,"label":" ","price":8.1},{"type":"A","date":"2018-04-23T02:33:53.000Z","volume":1000,"label":" ","price":8.1},{"type":"A","date":"2018-04-23T02:34:39.000Z","volume":12500,"label":" ","price":8.09},{"type":"A","date":"2018-04-23T02:35:04.000Z","volume":5000,"label":" ","price":8.09},{"type":"A","date":"2018-04-23T02:35:06.000Z","volume":5500,"label":" ","price":8.09},{"type":"B","date":"2018-04-23T02:35:09.000Z","volume":2000,"label":" ","price":8.08},{"type":"A","date":"2018-04-23T02:35:40.000Z","volume":500,"label":" ","price":8.09},{"type":"A","date":"2018-04-23T02:36:10.000Z","volume":8000,"label":" ","price":8.09},{"type":"A","date":"2018-04-23T02:36:31.000Z","volume":5000,"label":" ","price":8.09},{"type":"A","date":"2018-04-23T02:36:53.000Z","volume":20000,"label":" ","price":8.09},{"type":"A","date":"2018-04-23T02:36:55.000Z","volume":6000,"label":" ","price":8.09},{"type":"B","date":"2018-04-23T02:36:55.000Z","volume":120500,"label":" ","price":8.08},{"type":"B","date":"2018-04-23T02:36:55.000Z","volume":2000,"label":" ","price":8.08},{"type":"B","date":"2018-04-23T02:37:05.000Z","volume":41000,"label":" ","price":8.07},{"type":"B","date":"2018-04-23T02:37:41.000Z","volume":4000,"label":" ","price":8.07},{"type":"B","date":"2018-04-23T02:37:50.000Z","volume":2000,"label":" ","price":8.07},{"type":"B","date":"2018-04-23T02:38:21.000Z","volume":4000,"label":" ","price":8.07},{"type":"A","date":"2018-04-23T02:38:21.000Z","volume":10000,"label":" ","price":8.08},{"type":"A","date":"2018-04-23T02:38:21.000Z","volume":500,"label":" ","price":8.08},{"type":"A","date":"2018-04-23T02:38:29.000Z","volume":5500,"label":" ","price":8.08},{"type":"U","date":"2018-04-23T02:39:14.000Z","volume":2000,"label":" ","price":8.08},{"type":"B","date":"2018-04-23T02:39:42.000Z","volume":5000,"label":" ","price":8.08},{"type":"B","date":"2018-04-23T02:39:58.000Z","volume":500,"label":" ","price":8.08},{"type":"B","date":"2018-04-23T02:40:10.000Z","volume":13000,"label":" ","price":8.08},{"type":"A","date":"2018-04-23T02:40:53.000Z","volume":10000,"label":" ","price":8.09},{"type":"A","date":"2018-04-23T02:41:06.000Z","volume":500,"label":" ","price":8.09},{"type":"B","date":"2018-04-23T02:41:14.000Z","volume":5000,"label":" ","price":8.08},{"type":"B","date":"2018-04-23T02:41:21.000Z","volume":2000,"label":" ","price":8.08},{"type":"B","date":"2018-04-23T02:42:01.000Z","volume":1000,"label":" ","price":8.08},{"type":"B","date":"2018-04-23T02:42:01.000Z","volume":20000,"label":" ","price":8.08},{"type":"A","date":"2018-04-23T02:42:02.000Z","volume":30000,"label":" ","price":8.08},{"type":"A","date":"2018-04-23T02:42:08.000Z","volume":30000,"label":" ","price":8.08},{"type":"A","date":"2018-04-23T02:42:12.000Z","volume":34000,"label":" ","price":8.08},{"type":"B","date":"2018-04-23T02:42:14.000Z","volume":9000,"label":" ","price":8.08},{"type":"B","date":"2018-04-23T02:42:15.000Z","volume":2500,"label":" ","price":8.08},{"type":"B","date":"2018-04-23T02:42:21.000Z","volume":4000,"label":" ","price":8.08},{"type":"B","date":"2018-04-23T02:42:33.000Z","volume":8500,"label":" ","price":8.08},{"type":"A","date":"2018-04-23T02:42:41.000Z","volume":5000,"label":" ","price":8.08},{"type":"B","date":"2018-04-23T02:42:42.000Z","volume":10000,"label":" ","price":8.07},{"type":"B","date":"2018-04-23T02:42:48.000Z","volume":1000,"label":" ","price":8.07},{"type":"A","date":"2018-04-23T02:42:52.000Z","volume":8000,"label":" ","price":8.08},{"type":"A","date":"2018-04-23T02:43:00.000Z","volume":500,"label":" ","price":8.08},{"type":"A","date":"2018-04-23T02:43:02.000Z","volume":2000,"label":" ","price":8.08},{"type":"B","date":"2018-04-23T02:43:13.000Z","volume":5000,"label":"Y","price":8.07},{"type":"B","date":"2018-04-23T02:43:13.000Z","volume":65000,"label":" ","price":8.07},{"type":"B","date":"2018-04-23T02:43:19.000Z","volume":4000,"label":" ","price":8.06},{"type":"A","date":"2018-04-23T02:43:30.000Z","volume":10000,"label":" ","price":8.07},{"type":"A","date":"2018-04-23T02:43:41.000Z","volume":20000,"label":" ","price":8.07},{"type":"A","date":"2018-04-23T02:43:41.000Z","volume":2000,"label":" ","price":8.07},{"type":"A","date":"2018-04-23T02:43:42.000Z","volume":4500,"label":" ","price":8.07},{"type":"A","date":"2018-04-23T02:43:44.000Z","volume":5000,"label":" ","price":8.07},{"type":"A","date":"2018-04-23T02:43:44.000Z","volume":6500,"label":" ","price":8.07},{"type":"A","date":"2018-04-23T02:43:54.000Z","volume":10000,"label":" ","price":8.07},{"type":"B","date":"2018-04-23T02:43:59.000Z","volume":10000,"label":"Y","price":8.06},{"type":"B","date":"2018-04-23T02:43:59.000Z","volume":90000,"label":" ","price":8.06},{"type":"B","date":"2018-04-23T02:44:17.000Z","volume":60500,"label":" ","price":8.05},{"type":"B","date":"2018-04-23T02:44:17.000Z","volume":37500,"label":" ","price":8.04},{"type":"B","date":"2018-04-23T02:44:17.000Z","volume":20000,"label":"Y","price":8.03},{"type":"B","date":"2018-04-23T02:44:17.000Z","volume":82000,"label":" ","price":8.03},{"type":"B","date":"2018-04-23T02:44:17.000Z","volume":1000,"label":" ","price":8.03},{"type":"A","date":"2018-04-23T02:44:26.000Z","volume":4500,"label":" ","price":8.07},{"type":"A","date":"2018-04-23T02:44:28.000Z","volume":5500,"label":" ","price":8.07},{"type":"A","date":"2018-04-23T02:44:31.000Z","volume":5000,"label":" ","price":8.07},{"type":"A","date":"2018-04-23T02:44:33.000Z","volume":8000,"label":" ","price":8.07},{"type":"A","date":"2018-04-23T02:44:43.000Z","volume":2000,"label":" ","price":8.07},{"type":"A","date":"2018-04-23T02:44:44.000Z","volume":3000,"label":" ","price":8.07},{"type":"A","date":"2018-04-23T02:45:05.000Z","volume":2000,"label":" ","price":8.08},{"type":"B","date":"2018-04-23T02:45:19.000Z","volume":10000,"label":" ","price":8.07},{"type":"B","date":"2018-04-23T02:45:23.000Z","volume":10000,"label":" ","price":8.07},{"type":"B","date":"2018-04-23T02:45:27.000Z","volume":2000,"label":" ","price":8.06},{"type":"B","date":"2018-04-23T02:45:43.000Z","volume":5000,"label":"Y","price":8.05},{"type":"B","date":"2018-04-23T02:45:43.000Z","volume":15000,"label":" ","price":8.05},{"type":"B","date":"2018-04-23T02:45:45.000Z","volume":6000,"label":" ","price":8.05},{"type":"B","date":"2018-04-23T02:45:45.000Z","volume":11000,"label":" ","price":8.04},{"type":"B","date":"2018-04-23T02:45:45.000Z","volume":41000,"label":" ","price":8.03},{"type":"A","date":"2018-04-23T02:45:45.000Z","volume":6000,"label":" ","price":8.07},{"type":"B","date":"2018-04-23T02:45:59.000Z","volume":84500,"label":" ","price":8.03},{"type":"B","date":"2018-04-23T02:45:59.000Z","volume":15500,"label":" ","price":8.03},{"type":"B","date":"2018-04-23T02:45:59.000Z","volume":500,"label":" ","price":8.03},{"type":"A","date":"2018-04-23T02:46:01.000Z","volume":6000,"label":" ","price":8.04},{"type":"A","date":"2018-04-23T02:46:01.000Z","volume":7500,"label":" ","price":8.04},{"type":"B","date":"2018-04-23T02:46:15.000Z","volume":2500,"label":" ","price":8.05},{"type":"A","date":"2018-04-23T02:46:16.000Z","volume":500,"label":" ","price":8.05},{"type":"A","date":"2018-04-23T02:46:24.000Z","volume":1000,"label":"Y","price":8.05},{"type":"B","date":"2018-04-23T02:46:25.000Z","volume":1000,"label":" ","price":8.04},{"type":"B","date":"2018-04-23T02:46:25.000Z","volume":22000,"label":" ","price":8.04},{"type":"A","date":"2018-04-23T02:46:25.000Z","volume":8000,"label":" ","price":8.05},{"type":"B","date":"2018-04-23T02:46:26.000Z","volume":1500,"label":" ","price":8.05},{"type":"B","date":"2018-04-23T02:46:33.000Z","volume":6000,"label":" ","price":8.05},{"type":"B","date":"2018-04-23T02:46:43.000Z","volume":23500,"label":" ","price":8.05},{"type":"B","date":"2018-04-23T02:46:44.000Z","volume":2500,"label":" ","price":8.04},{"type":"B","date":"2018-04-23T02:46:54.000Z","volume":10000,"label":" ","price":8.04},{"type":"B","date":"2018-04-23T02:47:35.000Z","volume":23000,"label":" ","price":8.04},{"type":"B","date":"2018-04-23T02:47:37.000Z","volume":15000,"label":" ","price":8.03},{"type":"A","date":"2018-04-23T02:47:44.000Z","volume":10000,"label":" ","price":8.04},{"type":"A","date":"2018-04-23T02:47:45.000Z","volume":1500,"label":" ","price":8.04},{"type":"A","date":"2018-04-23T02:47:47.000Z","volume":5000,"label":" ","price":8.04},{"type":"A","date":"2018-04-23T02:47:47.000Z","volume":9000,"label":" ","price":8.04},{"type":"A","date":"2018-04-23T02:48:13.000Z","volume":27000,"label":" ","price":8.05},{"type":"B","date":"2018-04-23T02:48:30.000Z","volume":500,"label":" ","price":8.05},{"type":"A","date":"2018-04-23T02:48:32.000Z","volume":10000,"label":" ","price":8.06},{"type":"A","date":"2018-04-23T02:48:33.000Z","volume":2000,"label":" ","price":8.07},{"type":"A","date":"2018-04-23T02:48:44.000Z","volume":3000,"label":" ","price":8.08},{"type":"B","date":"2018-04-23T02:48:54.000Z","volume":4000,"label":" ","price":8.07},{"type":"B","date":"2018-04-23T02:49:03.000Z","volume":25000,"label":" ","price":8.07},{"type":"A","date":"2018-04-23T02:49:08.000Z","volume":4000,"label":" ","price":8.07},{"type":"A","date":"2018-04-23T02:49:15.000Z","volume":1000,"label":" ","price":8.07},{"type":"B","date":"2018-04-23T02:49:23.000Z","volume":14500,"label":" ","price":8.06},{"type":"A","date":"2018-04-23T02:49:24.000Z","volume":41000,"label":" ","price":8.06},{"type":"A","date":"2018-04-23T02:49:24.000Z","volume":41000,"label":" ","price":8.06},{"type":"A","date":"2018-04-23T02:49:32.000Z","volume":500,"label":" ","price":8.07},{"type":"B","date":"2018-04-23T02:49:45.000Z","volume":12000,"label":" ","price":8.06},{"type":"A","date":"2018-04-23T02:49:56.000Z","volume":43000,"label":" ","price":8.07},{"type":"A","date":"2018-04-23T02:49:56.000Z","volume":13000,"label":" ","price":8.07},{"type":"A","date":"2018-04-23T02:49:56.000Z","volume":1500,"label":" ","price":8.07},{"type":"A","date":"2018-04-23T02:49:56.000Z","volume":66000,"label":" ","price":8.07},{"type":"B","date":"2018-04-23T02:50:15.000Z","volume":20000,"label":" ","price":8.07},{"type":"A","date":"2018-04-23T02:50:27.000Z","volume":58500,"label":" ","price":8.08},{"type":"A","date":"2018-04-23T02:50:41.000Z","volume":31000,"label":" ","price":8.09},{"type":"A","date":"2018-04-23T02:50:52.000Z","volume":26000,"label":" ","price":8.1},{"type":"A","date":"2018-04-23T02:50:52.000Z","volume":1500,"label":" ","price":8.1},{"type":"A","date":"2018-04-23T02:50:52.000Z","volume":95000,"label":" ","price":8.1},{"type":"A","date":"2018-04-23T02:51:05.000Z","volume":7000,"label":" ","price":8.11},{"type":"B","date":"2018-04-23T02:51:18.000Z","volume":7000,"label":" ","price":8.1},{"type":"A","date":"2018-04-23T02:51:18.000Z","volume":2500,"label":" ","price":8.1},{"type":"A","date":"2018-04-23T02:51:19.000Z","volume":4500,"label":" ","price":8.1},{"type":"A","date":"2018-04-23T02:51:22.000Z","volume":5000,"label":" ","price":8.1},{"type":"A","date":"2018-04-23T02:51:22.000Z","volume":1000,"label":" ","price":8.1},{"type":"B","date":"2018-04-23T02:52:11.000Z","volume":10000,"label":" ","price":8.11},{"type":"A","date":"2018-04-23T02:52:11.000Z","volume":500,"label":" ","price":8.12},{"type":"A","date":"2018-04-23T02:52:17.000Z","volume":5000,"label":" ","price":8.12},{"type":"A","date":"2018-04-23T02:52:23.000Z","volume":11500,"label":" ","price":8.12},{"type":"A","date":"2018-04-23T02:52:24.000Z","volume":20500,"label":" ","price":8.12},{"type":"A","date":"2018-04-23T02:52:29.000Z","volume":5000,"label":" ","price":8.12},{"type":"B","date":"2018-04-23T02:52:29.000Z","volume":6000,"label":" ","price":8.11},{"type":"A","date":"2018-04-23T02:52:42.000Z","volume":50000,"label":" ","price":8.12},{"type":"A","date":"2018-04-23T02:52:46.000Z","volume":10000,"label":" ","price":8.12},{"type":"A","date":"2018-04-23T02:52:49.000Z","volume":79000,"label":" ","price":8.12},{"type":"A","date":"2018-04-23T02:53:14.000Z","volume":500,"label":" ","price":8.13},{"type":"A","date":"2018-04-23T02:53:26.000Z","volume":19000,"label":" ","price":8.13},{"type":"A","date":"2018-04-23T02:53:46.000Z","volume":500,"label":" ","price":8.14},{"type":"B","date":"2018-04-23T02:53:47.000Z","volume":40000,"label":" ","price":8.13},{"type":"B","date":"2018-04-23T02:53:53.000Z","volume":10000,"label":" ","price":8.12},{"type":"B","date":"2018-04-23T02:53:53.000Z","volume":3000,"label":" ","price":8.12},{"type":"A","date":"2018-04-23T02:53:58.000Z","volume":6500,"label":" ","price":8.12},{"type":"A","date":"2018-04-23T02:53:58.000Z","volume":13500,"label":" ","price":8.13},{"type":"A","date":"2018-04-23T02:54:05.000Z","volume":1500,"label":" ","price":8.13},{"type":"A","date":"2018-04-23T02:54:24.000Z","volume":3000,"label":" ","price":8.13},{"type":"A","date":"2018-04-23T02:55:32.000Z","volume":2000,"label":" ","price":8.13},{"type":"A","date":"2018-04-23T02:55:36.000Z","volume":3000,"label":" ","price":8.13},{"type":"A","date":"2018-04-23T02:55:38.000Z","volume":30000,"label":" ","price":8.13},{"type":"A","date":"2018-04-23T02:55:38.000Z","volume":5000,"label":" ","price":8.13},{"type":"B","date":"2018-04-23T02:55:44.000Z","volume":34000,"label":" ","price":8.12},{"type":"A","date":"2018-04-23T02:55:54.000Z","volume":2000,"label":"Y","price":8.12},{"type":"A","date":"2018-04-23T02:55:54.000Z","volume":26500,"label":" ","price":8.12},{"type":"A","date":"2018-04-23T02:56:20.000Z","volume":29000,"label":" ","price":8.13},{"type":"A","date":"2018-04-23T02:56:28.000Z","volume":20000,"label":" ","price":8.14},{"type":"A","date":"2018-04-23T02:56:30.000Z","volume":62500,"label":" ","price":8.14},{"type":"A","date":"2018-04-23T02:56:30.000Z","volume":24500,"label":" ","price":8.15},{"type":"A","date":"2018-04-23T02:56:57.000Z","volume":10000,"label":" ","price":8.16},{"type":"A","date":"2018-04-23T02:57:10.000Z","volume":4000,"label":" ","price":8.16},{"type":"A","date":"2018-04-23T02:57:17.000Z","volume":500,"label":"Y","price":8.17},{"type":"A","date":"2018-04-23T02:57:17.000Z","volume":14500,"label":" ","price":8.17},{"type":"A","date":"2018-04-23T02:57:19.000Z","volume":500,"label":" ","price":8.17},{"type":"B","date":"2018-04-23T02:57:48.000Z","volume":35500,"label":" ","price":8.16},{"type":"B","date":"2018-04-23T02:57:48.000Z","volume":14500,"label":" ","price":8.15},{"type":"B","date":"2018-04-23T02:57:54.000Z","volume":24500,"label":" ","price":8.15},{"type":"U","date":"2018-04-23T02:58:00.000Z","volume":2000,"label":" ","price":8.14},{"type":"A","date":"2018-04-23T02:58:07.000Z","volume":3000,"label":" ","price":8.15},{"type":"A","date":"2018-04-23T02:58:28.000Z","volume":10000,"label":" ","price":8.15},{"type":"B","date":"2018-04-23T02:58:45.000Z","volume":2500,"label":" ","price":8.15},{"type":"B","date":"2018-04-23T02:58:57.000Z","volume":5000,"label":" ","price":8.15},{"type":"B","date":"2018-04-23T02:59:12.000Z","volume":2500,"label":" ","price":8.15},{"type":"B","date":"2018-04-23T02:59:15.000Z","volume":10000,"label":" ","price":8.14},{"type":"B","date":"2018-04-23T02:59:15.000Z","volume":20000,"label":" ","price":8.14},{"type":"B","date":"2018-04-23T03:00:03.000Z","volume":3500,"label":" ","price":8.13},{"type":"A","date":"2018-04-23T03:00:03.000Z","volume":500,"label":" ","price":8.13},{"type":"A","date":"2018-04-23T03:00:04.000Z","volume":10000,"label":" ","price":8.13},{"type":"B","date":"2018-04-23T03:01:00.000Z","volume":2000,"label":" ","price":8.12},{"type":"B","date":"2018-04-23T03:01:05.000Z","volume":9000,"label":"Y","price":8.12},{"type":"B","date":"2018-04-23T03:01:05.000Z","volume":11000,"label":" ","price":8.12},{"type":"B","date":"2018-04-23T03:01:25.000Z","volume":22000,"label":" ","price":8.12},{"type":"B","date":"2018-04-23T03:01:25.000Z","volume":10000,"label":" ","price":8.12},{"type":"B","date":"2018-04-23T03:01:30.000Z","volume":13500,"label":" ","price":8.12},{"type":"B","date":"2018-04-23T03:01:30.000Z","volume":5500,"label":" ","price":8.12},{"type":"A","date":"2018-04-23T03:01:49.000Z","volume":19000,"label":" ","price":8.12},{"type":"A","date":"2018-04-23T03:02:18.000Z","volume":100000,"label":" ","price":8.13},{"type":"A","date":"2018-04-23T03:02:19.000Z","volume":2000,"label":" ","price":8.13},{"type":"A","date":"2018-04-23T03:02:33.000Z","volume":2500,"label":"Y","price":8.14},{"type":"A","date":"2018-04-23T03:02:33.000Z","volume":2000,"label":" ","price":8.14},{"type":"A","date":"2018-04-23T03:02:48.000Z","volume":18500,"label":" ","price":8.15},{"type":"A","date":"2018-04-23T03:02:56.000Z","volume":500,"label":" ","price":8.15},{"type":"B","date":"2018-04-23T03:03:09.000Z","volume":100000,"label":" ","price":8.14},{"type":"B","date":"2018-04-23T03:03:11.000Z","volume":10000,"label":" ","price":8.14},{"type":"A","date":"2018-04-23T03:03:32.000Z","volume":40000,"label":" ","price":8.15},{"type":"A","date":"2018-04-23T03:03:32.000Z","volume":4500,"label":" ","price":8.15},{"type":"A","date":"2018-04-23T03:03:53.000Z","volume":54000,"label":" ","price":8.15},{"type":"A","date":"2018-04-23T03:04:14.000Z","volume":5000,"label":" ","price":8.16},{"type":"B","date":"2018-04-23T03:04:50.000Z","volume":2000,"label":"Y","price":8.16},{"type":"B","date":"2018-04-23T03:04:50.000Z","volume":7000,"label":" ","price":8.16},{"type":"A","date":"2018-04-23T03:05:07.000Z","volume":500,"label":" ","price":8.16},{"type":"A","date":"2018-04-23T03:05:18.000Z","volume":22500,"label":" ","price":8.16},{"type":"A","date":"2018-04-23T03:05:18.000Z","volume":3000,"label":" ","price":8.16},{"type":"A","date":"2018-04-23T03:05:18.000Z","volume":19500,"label":" ","price":8.16},{"type":"A","date":"2018-04-23T03:05:18.000Z","volume":8000,"label":" ","price":8.16},{"type":"A","date":"2018-04-23T03:05:27.000Z","volume":5500,"label":" ","price":8.17},{"type":"A","date":"2018-04-23T03:05:30.000Z","volume":6000,"label":" ","price":8.17},{"type":"A","date":"2018-04-23T03:05:38.000Z","volume":37000,"label":" ","price":8.17},{"type":"A","date":"2018-04-23T03:05:41.000Z","volume":5000,"label":" ","price":8.17},{"type":"A","date":"2018-04-23T03:05:43.000Z","volume":4500,"label":" ","price":8.17},{"type":"B","date":"2018-04-23T03:05:44.000Z","volume":5000,"label":" ","price":8.16},{"type":"A","date":"2018-04-23T03:05:44.000Z","volume":4000,"label":" ","price":8.17},{"type":"A","date":"2018-04-23T03:05:45.000Z","volume":500,"label":" ","price":8.17},{"type":"B","date":"2018-04-23T03:05:56.000Z","volume":1000,"label":" ","price":8.16},{"type":"B","date":"2018-04-23T03:05:56.000Z","volume":32000,"label":" ","price":8.16},{"type":"A","date":"2018-04-23T03:06:58.000Z","volume":80000,"label":" ","price":8.16},{"type":"A","date":"2018-04-23T03:07:00.000Z","volume":5500,"label":" ","price":8.16},{"type":"A","date":"2018-04-23T03:07:03.000Z","volume":2000,"label":" ","price":8.16},{"type":"B","date":"2018-04-23T03:07:19.000Z","volume":2000,"label":" ","price":8.16},{"type":"B","date":"2018-04-23T03:07:45.000Z","volume":1000,"label":"Y","price":8.16},{"type":"B","date":"2018-04-23T03:07:45.000Z","volume":1500,"label":" ","price":8.16},{"type":"B","date":"2018-04-23T03:08:21.000Z","volume":12000,"label":" ","price":8.16},{"type":"A","date":"2018-04-23T03:08:23.000Z","volume":500,"label":" ","price":8.17},{"type":"B","date":"2018-04-23T03:09:56.000Z","volume":14500,"label":" ","price":8.15},{"type":"B","date":"2018-04-23T03:09:56.000Z","volume":56500,"label":" ","price":8.15},{"type":"B","date":"2018-04-23T03:10:15.000Z","volume":13000,"label":" ","price":8.14},{"type":"B","date":"2018-04-23T03:10:15.000Z","volume":17000,"label":"Y","price":8.13},{"type":"B","date":"2018-04-23T03:11:25.000Z","volume":20000,"label":" ","price":8.14},{"type":"A","date":"2018-04-23T03:11:25.000Z","volume":500,"label":" ","price":8.14},{"type":"B","date":"2018-04-23T03:11:30.000Z","volume":21000,"label":" ","price":8.13},{"type":"A","date":"2018-04-23T03:11:33.000Z","volume":5000,"label":" ","price":8.14},{"type":"A","date":"2018-04-23T03:12:28.000Z","volume":3000,"label":" ","price":8.15},{"type":"U","date":"2018-04-23T03:13:02.000Z","volume":500,"label":" ","price":8.14},{"type":"B","date":"2018-04-23T03:13:30.000Z","volume":9000,"label":" ","price":8.14},{"type":"B","date":"2018-04-23T03:13:49.000Z","volume":13500,"label":" ","price":8.13},{"type":"B","date":"2018-04-23T03:13:49.000Z","volume":3000,"label":" ","price":8.12},{"type":"B","date":"2018-04-23T03:13:49.000Z","volume":3500,"label":" ","price":8.12},{"type":"A","date":"2018-04-23T03:13:51.000Z","volume":5000,"label":" ","price":8.12},{"type":"A","date":"2018-04-23T03:13:52.000Z","volume":500,"label":" ","price":8.14},{"type":"A","date":"2018-04-23T03:14:04.000Z","volume":6000,"label":" ","price":8.14},{"type":"A","date":"2018-04-23T03:14:18.000Z","volume":500,"label":" ","price":8.14},{"type":"B","date":"2018-04-23T03:14:34.000Z","volume":100000,"label":" ","price":8.11},{"type":"A","date":"2018-04-23T03:14:36.000Z","volume":5500,"label":" ","price":8.14},{"type":"A","date":"2018-04-23T03:14:36.000Z","volume":8500,"label":" ","price":8.14},{"type":"A","date":"2018-04-23T03:14:37.000Z","volume":4000,"label":" ","price":8.14},{"type":"A","date":"2018-04-23T03:14:39.000Z","volume":5500,"label":" ","price":8.15},{"type":"A","date":"2018-04-23T03:14:41.000Z","volume":3500,"label":" ","price":8.15},{"type":"A","date":"2018-04-23T03:14:58.000Z","volume":9000,"label":" ","price":8.16},{"type":"A","date":"2018-04-23T03:15:33.000Z","volume":4500,"label":" ","price":8.14},{"type":"A","date":"2018-04-23T03:15:53.000Z","volume":5000,"label":" ","price":8.14},{"type":"B","date":"2018-04-23T03:15:57.000Z","volume":28500,"label":" ","price":8.13},{"type":"A","date":"2018-04-23T03:16:00.000Z","volume":2000,"label":" ","price":8.13},{"type":"A","date":"2018-04-23T03:16:00.000Z","volume":78500,"label":" ","price":8.13},{"type":"A","date":"2018-04-23T03:16:02.000Z","volume":10500,"label":" ","price":8.16},{"type":"B","date":"2018-04-23T03:16:20.000Z","volume":2000,"label":" ","price":8.13},{"type":"B","date":"2018-04-23T03:17:12.000Z","volume":1000,"label":" ","price":8.13},{"type":"B","date":"2018-04-23T03:17:16.000Z","volume":33000,"label":" ","price":8.13},{"type":"B","date":"2018-04-23T03:17:35.000Z","volume":1000,"label":" ","price":8.12},{"type":"A","date":"2018-04-23T03:17:48.000Z","volume":500,"label":" ","price":8.13},{"type":"A","date":"2018-04-23T03:18:03.000Z","volume":4000,"label":" ","price":8.14},{"type":"A","date":"2018-04-23T03:18:05.000Z","volume":5000,"label":" ","price":8.14},{"type":"A","date":"2018-04-23T03:18:10.000Z","volume":500,"label":" ","price":8.14},{"type":"B","date":"2018-04-23T03:18:21.000Z","volume":10000,"label":" ","price":8.13},{"type":"B","date":"2018-04-23T03:18:34.000Z","volume":14000,"label":" ","price":8.13},{"type":"B","date":"2018-04-23T03:18:39.000Z","volume":43500,"label":" ","price":8.12},{"type":"B","date":"2018-04-23T03:19:00.000Z","volume":500,"label":" ","price":8.11},{"type":"A","date":"2018-04-23T03:19:32.000Z","volume":1000,"label":" ","price":8.11},{"type":"A","date":"2018-04-23T03:19:32.000Z","volume":500,"label":" ","price":8.11},{"type":"B","date":"2018-04-23T03:20:25.000Z","volume":14500,"label":" ","price":8.1},{"type":"B","date":"2018-04-23T03:20:46.000Z","volume":36000,"label":" ","price":8.1},{"type":"B","date":"2018-04-23T03:21:26.000Z","volume":10000,"label":" ","price":8.09},{"type":"B","date":"2018-04-23T03:21:26.000Z","volume":44000,"label":" ","price":8.09},{"type":"B","date":"2018-04-23T03:22:22.000Z","volume":500,"label":" ","price":8.08},{"type":"B","date":"2018-04-23T03:22:45.000Z","volume":5500,"label":"Y","price":8.08},{"type":"B","date":"2018-04-23T03:22:45.000Z","volume":14500,"label":" ","price":8.08},{"type":"U","date":"2018-04-23T03:22:45.000Z","volume":3500,"label":" ","price":8.09},{"type":"U","date":"2018-04-23T03:22:45.000Z","volume":4000,"label":" ","price":8.09},{"type":"B","date":"2018-04-23T03:23:20.000Z","volume":14000,"label":" ","price":8.08},{"type":"A","date":"2018-04-23T03:23:29.000Z","volume":14500,"label":" ","price":8.09},{"type":"A","date":"2018-04-23T03:23:31.000Z","volume":17500,"label":" ","price":8.09},{"type":"A","date":"2018-04-23T03:23:31.000Z","volume":5000,"label":" ","price":8.1},{"type":"B","date":"2018-04-23T03:23:42.000Z","volume":10000,"label":" ","price":8.09},{"type":"B","date":"2018-04-23T03:24:07.000Z","volume":8000,"label":" ","price":8.09},{"type":"B","date":"2018-04-23T03:24:07.000Z","volume":12000,"label":" ","price":8.08},{"type":"B","date":"2018-04-23T03:24:33.000Z","volume":100000,"label":" ","price":8.07},{"type":"B","date":"2018-04-23T03:24:33.000Z","volume":49000,"label":"Y","price":8.07},{"type":"B","date":"2018-04-23T03:24:33.000Z","volume":1500,"label":" ","price":8.07},{"type":"A","date":"2018-04-23T03:24:34.000Z","volume":6000,"label":" ","price":8.09},{"type":"B","date":"2018-04-23T03:25:04.000Z","volume":9000,"label":" ","price":8.07},{"type":"B","date":"2018-04-23T03:25:04.000Z","volume":2000,"label":" ","price":8.07},{"type":"A","date":"2018-04-23T03:25:08.000Z","volume":10000,"label":" ","price":8.07},{"type":"A","date":"2018-04-23T03:25:08.000Z","volume":3000,"label":" ","price":8.07},{"type":"A","date":"2018-04-23T03:25:08.000Z","volume":3000,"label":" ","price":8.07},{"type":"A","date":"2018-04-23T03:25:18.000Z","volume":2500,"label":"Y","price":8.07},{"type":"A","date":"2018-04-23T03:25:18.000Z","volume":1500,"label":" ","price":8.07},{"type":"B","date":"2018-04-23T03:25:20.000Z","volume":29500,"label":" ","price":8.06},{"type":"A","date":"2018-04-23T03:25:21.000Z","volume":26500,"label":" ","price":8.06},{"type":"A","date":"2018-04-23T03:25:21.000Z","volume":6000,"label":" ","price":8.06},{"type":"A","date":"2018-04-23T03:25:21.000Z","volume":5500,"label":" ","price":8.06},{"type":"A","date":"2018-04-23T03:25:21.000Z","volume":2500,"label":" ","price":8.06},{"type":"A","date":"2018-04-23T03:25:21.000Z","volume":2500,"label":" ","price":8.06},{"type":"A","date":"2018-04-23T03:25:22.000Z","volume":27500,"label":" ","price":8.06},{"type":"A","date":"2018-04-23T03:25:22.000Z","volume":4000,"label":" ","price":8.08},{"type":"A","date":"2018-04-23T03:25:22.000Z","volume":4500,"label":" ","price":8.09},{"type":"A","date":"2018-04-23T03:25:22.000Z","volume":500,"label":" ","price":8.09},{"type":"A","date":"2018-04-23T03:25:22.000Z","volume":1000,"label":" ","price":8.09},{"type":"B","date":"2018-04-23T03:25:22.000Z","volume":1000,"label":" ","price":8.09},{"type":"A","date":"2018-04-23T03:25:22.000Z","volume":2000,"label":" ","price":8.1},{"type":"B","date":"2018-04-23T03:25:38.000Z","volume":2000,"label":" ","price":8.06},{"type":"B","date":"2018-04-23T03:26:33.000Z","volume":30000,"label":" ","price":8.09},{"type":"A","date":"2018-04-23T03:26:34.000Z","volume":5000,"label":" ","price":8.1},{"type":"B","date":"2018-04-23T03:27:01.000Z","volume":44500,"label":" ","price":8.09},{"type":"A","date":"2018-04-23T03:27:01.000Z","volume":500,"label":" ","price":8.09},{"type":"A","date":"2018-04-23T03:27:05.000Z","volume":1000,"label":" ","price":8.09},{"type":"A","date":"2018-04-23T03:27:36.000Z","volume":1000,"label":" ","price":8.09},{"type":"A","date":"2018-04-23T03:28:19.000Z","volume":5000,"label":" ","price":8.09},{"type":"A","date":"2018-04-23T03:28:19.000Z","volume":2500,"label":" ","price":8.09},{"type":"B","date":"2018-04-23T03:29:20.000Z","volume":17000,"label":" ","price":8.08},{"type":"A","date":"2018-04-23T03:29:20.000Z","volume":5000,"label":" ","price":8.09},{"type":"A","date":"2018-04-23T03:29:20.000Z","volume":4500,"label":" ","price":8.09},{"type":"A","date":"2018-04-23T03:29:26.000Z","volume":5000,"label":" ","price":8.09},{"type":"A","date":"2018-04-23T03:29:26.000Z","volume":2500,"label":" ","price":8.09},{"type":"A","date":"2018-04-23T03:29:55.000Z","volume":500,"label":" ","price":8.09},{"type":"A","date":"2018-04-23T03:30:03.000Z","volume":1000,"label":" ","price":8.09},{"type":"A","date":"2018-04-23T03:30:04.000Z","volume":2500,"label":" ","price":8.09},{"type":"A","date":"2018-04-23T03:30:16.000Z","volume":3500,"label":" ","price":8.09},{"type":"A","date":"2018-04-23T03:30:21.000Z","volume":500,"label":" ","price":8.09},{"type":"A","date":"2018-04-23T03:30:26.000Z","volume":37500,"label":" ","price":8.09},{"type":"A","date":"2018-04-23T03:30:26.000Z","volume":4000,"label":" ","price":8.09},{"type":"A","date":"2018-04-23T03:30:26.000Z","volume":9500,"label":" ","price":8.09},{"type":"A","date":"2018-04-23T03:30:26.000Z","volume":8500,"label":" ","price":8.09},{"type":"A","date":"2018-04-23T03:30:26.000Z","volume":3000,"label":" ","price":8.09},{"type":"A","date":"2018-04-23T03:30:26.000Z","volume":3000,"label":" ","price":8.09},{"type":"B","date":"2018-04-23T03:30:45.000Z","volume":14500,"label":" ","price":8.08},{"type":"A","date":"2018-04-23T03:30:45.000Z","volume":3500,"label":" ","price":8.09},{"type":"A","date":"2018-04-23T03:30:45.000Z","volume":4500,"label":" ","price":8.09},{"type":"A","date":"2018-04-23T03:31:01.000Z","volume":17500,"label":" ","price":8.09},{"type":"A","date":"2018-04-23T03:31:01.000Z","volume":5000,"label":" ","price":8.09},{"type":"A","date":"2018-04-23T03:31:01.000Z","volume":4000,"label":" ","price":8.09},{"type":"A","date":"2018-04-23T03:31:02.000Z","volume":1000,"label":" ","price":8.09},{"type":"A","date":"2018-04-23T03:31:03.000Z","volume":10000,"label":" ","price":8.09},{"type":"A","date":"2018-04-23T03:31:04.000Z","volume":3500,"label":" ","price":8.09},{"type":"A","date":"2018-04-23T03:31:04.000Z","volume":3500,"label":" ","price":8.09},{"type":"A","date":"2018-04-23T03:31:08.000Z","volume":10000,"label":" ","price":8.09},{"type":"A","date":"2018-04-23T03:31:08.000Z","volume":3000,"label":" ","price":8.09},{"type":"A","date":"2018-04-23T03:31:08.000Z","volume":3000,"label":" ","price":8.09},{"type":"A","date":"2018-04-23T03:31:55.000Z","volume":73500,"label":" ","price":8.09},{"type":"A","date":"2018-04-23T03:31:55.000Z","volume":7500,"label":" ","price":8.1},{"type":"A","date":"2018-04-23T03:31:56.000Z","volume":500,"label":" ","price":8.1},{"type":"A","date":"2018-04-23T03:31:56.000Z","volume":2500,"label":" ","price":8.11},{"type":"A","date":"2018-04-23T03:31:56.000Z","volume":500,"label":" ","price":8.12},{"type":"A","date":"2018-04-23T03:31:56.000Z","volume":9500,"label":" ","price":8.12},{"type":"A","date":"2018-04-23T03:31:56.000Z","volume":1500,"label":" ","price":8.13},{"type":"A","date":"2018-04-23T03:31:56.000Z","volume":4000,"label":" ","price":8.13},{"type":"B","date":"2018-04-23T03:34:45.000Z","volume":25000,"label":" ","price":8.1},{"type":"A","date":"2018-04-23T03:35:30.000Z","volume":500,"label":" ","price":8.1},{"type":"B","date":"2018-04-23T03:35:35.000Z","volume":43000,"label":" ","price":8.09},{"type":"A","date":"2018-04-23T03:35:35.000Z","volume":2500,"label":" ","price":8.1},{"type":"A","date":"2018-04-23T03:35:35.000Z","volume":500,"label":" ","price":8.11},{"type":"A","date":"2018-04-23T03:35:35.000Z","volume":5500,"label":" ","price":8.12},{"type":"B","date":"2018-04-23T03:36:46.000Z","volume":2000,"label":" ","price":8.1},{"type":"B","date":"2018-04-23T03:36:55.000Z","volume":1000,"label":" ","price":8.11},{"type":"A","date":"2018-04-23T03:37:20.000Z","volume":14000,"label":" ","price":8.11},{"type":"A","date":"2018-04-23T03:37:20.000Z","volume":2500,"label":" ","price":8.12},{"type":"A","date":"2018-04-23T03:38:10.000Z","volume":25000,"label":" ","price":8.12},{"type":"A","date":"2018-04-23T03:38:11.000Z","volume":5000,"label":" ","price":8.12},{"type":"A","date":"2018-04-23T03:42:35.000Z","volume":46000,"label":" ","price":8.12},{"type":"A","date":"2018-04-23T03:42:35.000Z","volume":9000,"label":" ","price":8.13},{"type":"B","date":"2018-04-23T03:44:25.000Z","volume":16000,"label":" ","price":8.12},{"type":"A","date":"2018-04-23T03:44:25.000Z","volume":3500,"label":" ","price":8.13},{"type":"B","date":"2018-04-23T03:44:46.000Z","volume":19000,"label":" ","price":8.12},{"type":"B","date":"2018-04-23T03:44:46.000Z","volume":3000,"label":"Y","price":8.12},{"type":"B","date":"2018-04-23T03:44:46.000Z","volume":3000,"label":" ","price":8.12},{"type":"B","date":"2018-04-23T03:44:47.000Z","volume":7500,"label":" ","price":8.12},{"type":"B","date":"2018-04-23T03:47:05.000Z","volume":500,"label":" ","price":8.11},{"type":"A","date":"2018-04-23T03:47:05.000Z","volume":2500,"label":" ","price":8.12},{"type":"A","date":"2018-04-23T03:47:55.000Z","volume":5000,"label":" ","price":8.12},{"type":"B","date":"2018-04-23T03:48:50.000Z","volume":17500,"label":" ","price":8.11},{"type":"B","date":"2018-04-23T03:48:50.000Z","volume":13000,"label":" ","price":8.11},{"type":"A","date":"2018-04-23T03:48:59.000Z","volume":4000,"label":" ","price":8.12},{"type":"A","date":"2018-04-23T03:50:15.000Z","volume":500,"label":" ","price":8.11},{"type":"B","date":"2018-04-23T03:50:20.000Z","volume":19500,"label":" ","price":8.1},{"type":"A","date":"2018-04-23T03:50:20.000Z","volume":5000,"label":" ","price":8.11},{"type":"B","date":"2018-04-23T03:51:27.000Z","volume":1000,"label":" ","price":8.1},{"type":"B","date":"2018-04-23T03:52:05.000Z","volume":18000,"label":" ","price":8.1},{"type":"B","date":"2018-04-23T03:52:12.000Z","volume":1000,"label":" ","price":8.09},{"type":"A","date":"2018-04-23T03:52:25.000Z","volume":36000,"label":" ","price":8.1},{"type":"A","date":"2018-04-23T03:52:25.000Z","volume":6500,"label":" ","price":8.11},{"type":"A","date":"2018-04-23T03:52:25.000Z","volume":7500,"label":" ","price":8.12},{"type":"A","date":"2018-04-23T03:52:26.000Z","volume":2500,"label":" ","price":8.12},{"type":"B","date":"2018-04-23T03:52:30.000Z","volume":500,"label":" ","price":8.09},{"type":"B","date":"2018-04-23T03:53:12.000Z","volume":500,"label":" ","price":8.09},{"type":"B","date":"2018-04-23T03:54:17.000Z","volume":1000,"label":" ","price":8.09},{"type":"B","date":"2018-04-23T03:54:42.000Z","volume":1500,"label":" ","price":8.09},{"type":"B","date":"2018-04-23T03:55:12.000Z","volume":1000,"label":"Y","price":8.09},{"type":"B","date":"2018-04-23T03:55:54.000Z","volume":1000,"label":"Y","price":8.09},{"type":"B","date":"2018-04-23T03:56:32.000Z","volume":1000,"label":"Y","price":8.09},{"type":"A","date":"2018-04-23T03:56:35.000Z","volume":2500,"label":" ","price":8.11},{"type":"B","date":"2018-04-23T03:56:55.000Z","volume":43000,"label":" ","price":8.09},{"type":"B","date":"2018-04-23T03:57:00.000Z","volume":16000,"label":" ","price":8.08},{"type":"A","date":"2018-04-23T03:57:00.000Z","volume":4500,"label":" ","price":8.09},{"type":"A","date":"2018-04-23T03:57:00.000Z","volume":500,"label":" ","price":8.09},{"type":"A","date":"2018-04-23T03:57:00.000Z","volume":500,"label":" ","price":8.1},{"type":"A","date":"2018-04-23T03:57:53.000Z","volume":5000,"label":" ","price":8.12},{"type":"B","date":"2018-04-23T03:58:47.000Z","volume":1000,"label":" ","price":8.08},{"type":"B","date":"2018-04-23T03:58:57.000Z","volume":2000,"label":" ","price":8.08},{"type":"A","date":"2018-04-23T03:58:57.000Z","volume":2500,"label":" ","price":8.12},{"type":"B","date":"2018-04-23T03:59:03.000Z","volume":500,"label":" ","price":8.11},{"type":"B","date":"2018-04-23T03:59:03.000Z","volume":1000,"label":" ","price":8.11},{"type":"B","date":"2018-04-23T03:59:05.000Z","volume":5500,"label":" ","price":8.11},{"type":"A","date":"2018-04-23T03:59:05.000Z","volume":1000,"label":" ","price":8.11},{"type":"A","date":"2018-04-23T03:59:30.000Z","volume":500,"label":" ","price":8.1},{"type":"A","date":"2018-04-23T03:59:37.000Z","volume":3000,"label":"Y","price":8.1},{"type":"A","date":"2018-04-23T03:59:37.000Z","volume":27500,"label":" ","price":8.1},{"type":"U","date":"2018-04-23T03:59:37.000Z","volume":500,"label":" ","price":8.1},{"type":"A","date":"2018-04-23T03:59:37.000Z","volume":6000,"label":" ","price":8.12},{"type":"B","date":"2018-04-23T05:00:01.000Z","volume":6500,"label":" ","price":8.09},{"type":"B","date":"2018-04-23T05:00:01.000Z","volume":4500,"label":" ","price":8.09},{"type":"B","date":"2018-04-23T05:00:02.000Z","volume":3000,"label":" ","price":8.09},{"type":"A","date":"2018-04-23T05:00:13.000Z","volume":500,"label":" ","price":8.1},{"type":"A","date":"2018-04-23T05:00:14.000Z","volume":500,"label":" ","price":8.1},{"type":"A","date":"2018-04-23T05:00:19.000Z","volume":4500,"label":"Y","price":8.1},{"type":"A","date":"2018-04-23T05:00:19.000Z","volume":16500,"label":" ","price":8.1},{"type":"A","date":"2018-04-23T05:00:19.000Z","volume":1000,"label":" ","price":8.1},{"type":"A","date":"2018-04-23T05:00:26.000Z","volume":10000,"label":" ","price":8.1},{"type":"U","date":"2018-04-23T05:00:31.000Z","volume":115,"label":"D","price":8.16},{"type":"A","date":"2018-04-23T05:00:32.000Z","volume":500,"label":" ","price":8.1},{"type":"A","date":"2018-04-23T05:00:32.000Z","volume":4500,"label":"Y","price":8.1},{"type":"A","date":"2018-04-23T05:00:32.000Z","volume":3000,"label":" ","price":8.1},{"type":"A","date":"2018-04-23T05:00:32.000Z","volume":2000,"label":" ","price":8.11},{"type":"B","date":"2018-04-23T05:00:36.000Z","volume":29000,"label":" ","price":8.09},{"type":"A","date":"2018-04-23T05:00:47.000Z","volume":71000,"label":" ","price":8.09},{"type":"A","date":"2018-04-23T05:01:23.000Z","volume":1000,"label":" ","price":8.1},{"type":"A","date":"2018-04-23T05:02:35.000Z","volume":5500,"label":" ","price":8.09},{"type":"A","date":"2018-04-23T05:02:39.000Z","volume":1000,"label":" ","price":8.09},{"type":"A","date":"2018-04-23T05:02:39.000Z","volume":2500,"label":" ","price":8.09},{"type":"A","date":"2018-04-23T05:03:27.000Z","volume":500,"label":" ","price":8.09},{"type":"B","date":"2018-04-23T05:03:50.000Z","volume":5000,"label":" ","price":8.08},{"type":"A","date":"2018-04-23T05:03:51.000Z","volume":3000,"label":" ","price":8.09},{"type":"A","date":"2018-04-23T05:04:27.000Z","volume":18000,"label":" ","price":8.09},{"type":"A","date":"2018-04-23T05:04:27.000Z","volume":108500,"label":" ","price":8.09},{"type":"A","date":"2018-04-23T05:04:27.000Z","volume":3500,"label":" ","price":8.09},{"type":"A","date":"2018-04-23T05:04:27.000Z","volume":500,"label":" ","price":8.1},{"type":"A","date":"2018-04-23T05:04:27.000Z","volume":5000,"label":" ","price":8.1},{"type":"A","date":"2018-04-23T05:04:27.000Z","volume":2500,"label":" ","price":8.11},{"type":"A","date":"2018-04-23T05:04:27.000Z","volume":9000,"label":" ","price":8.12},{"type":"A","date":"2018-04-23T05:04:28.000Z","volume":4500,"label":" ","price":8.13},{"type":"B","date":"2018-04-23T05:04:29.000Z","volume":2000,"label":" ","price":8.12},{"type":"B","date":"2018-04-23T05:04:35.000Z","volume":14000,"label":" ","price":8.08},{"type":"B","date":"2018-04-23T05:07:12.000Z","volume":28500,"label":" ","price":8.09},{"type":"B","date":"2018-04-23T05:07:12.000Z","volume":21500,"label":" ","price":8.09},{"type":"B","date":"2018-04-23T05:07:51.000Z","volume":77000,"label":" ","price":8.08},{"type":"B","date":"2018-04-23T05:07:51.000Z","volume":23000,"label":" ","price":8.07},{"type":"B","date":"2018-04-23T05:07:58.000Z","volume":73500,"label":" ","price":8.07},{"type":"B","date":"2018-04-23T05:07:58.000Z","volume":9000,"label":" ","price":8.06},{"type":"B","date":"2018-04-23T05:07:58.000Z","volume":18000,"label":" ","price":8.06},{"type":"B","date":"2018-04-23T05:08:15.000Z","volume":57000,"label":" ","price":8.05},{"type":"A","date":"2018-04-23T05:08:15.000Z","volume":1000,"label":" ","price":8.06},{"type":"A","date":"2018-04-23T05:08:15.000Z","volume":2500,"label":" ","price":8.07},{"type":"A","date":"2018-04-23T05:08:39.000Z","volume":2000,"label":" ","price":8.08},{"type":"A","date":"2018-04-23T05:08:39.000Z","volume":1500,"label":" ","price":8.09},{"type":"A","date":"2018-04-23T05:09:10.000Z","volume":1000,"label":" ","price":8.1},{"type":"B","date":"2018-04-23T05:10:35.000Z","volume":13500,"label":" ","price":8.07},{"type":"A","date":"2018-04-23T05:10:44.000Z","volume":16000,"label":" ","price":8.07},{"type":"A","date":"2018-04-23T05:10:44.000Z","volume":3000,"label":" ","price":8.08},{"type":"A","date":"2018-04-23T05:11:47.000Z","volume":1000,"label":" ","price":8.08},{"type":"A","date":"2018-04-23T05:11:47.000Z","volume":500,"label":"Y","price":8.09},{"type":"A","date":"2018-04-23T05:11:47.000Z","volume":2500,"label":" ","price":8.09},{"type":"B","date":"2018-04-23T05:11:55.000Z","volume":23000,"label":" ","price":8.09},{"type":"B","date":"2018-04-23T05:11:55.000Z","volume":4000,"label":" ","price":8.06},{"type":"B","date":"2018-04-23T05:11:55.000Z","volume":73000,"label":" ","price":8.06},{"type":"A","date":"2018-04-23T05:12:06.000Z","volume":5000,"label":" ","price":8.11},{"type":"A","date":"2018-04-23T05:12:23.000Z","volume":500,"label":" ","price":8.11},{"type":"A","date":"2018-04-23T05:14:19.000Z","volume":5000,"label":" ","price":8.1},{"type":"A","date":"2018-04-23T05:14:51.000Z","volume":14500,"label":" ","price":8.09},{"type":"A","date":"2018-04-23T05:14:51.000Z","volume":2500,"label":" ","price":8.09},{"type":"B","date":"2018-04-23T05:15:00.000Z","volume":8000,"label":" ","price":8.08},{"type":"B","date":"2018-04-23T05:15:15.000Z","volume":9000,"label":" ","price":8.07},{"type":"B","date":"2018-04-23T05:15:25.000Z","volume":6500,"label":" ","price":8.06},{"type":"B","date":"2018-04-23T05:15:30.000Z","volume":9500,"label":" ","price":8.05},{"type":"B","date":"2018-04-23T05:15:34.000Z","volume":500,"label":" ","price":8.05},{"type":"B","date":"2018-04-23T05:15:48.000Z","volume":20000,"label":" ","price":8.05},{"type":"B","date":"2018-04-23T05:15:48.000Z","volume":1000,"label":" ","price":8.05},{"type":"A","date":"2018-04-23T05:15:48.000Z","volume":5500,"label":" ","price":8.06},{"type":"A","date":"2018-04-23T05:15:51.000Z","volume":28500,"label":" ","price":8.06},{"type":"A","date":"2018-04-23T05:15:51.000Z","volume":6000,"label":" ","price":8.08},{"type":"A","date":"2018-04-23T05:15:51.000Z","volume":500,"label":" ","price":8.09},{"type":"B","date":"2018-04-23T05:16:03.000Z","volume":31500,"label":" ","price":8.05},{"type":"A","date":"2018-04-23T05:16:08.000Z","volume":500,"label":" ","price":8.05},{"type":"A","date":"2018-04-23T05:16:08.000Z","volume":68500,"label":" ","price":8.05},{"type":"A","date":"2018-04-23T05:16:08.000Z","volume":11500,"label":" ","price":8.09},{"type":"A","date":"2018-04-23T05:16:08.000Z","volume":1000,"label":" ","price":8.09},{"type":"A","date":"2018-04-23T05:16:11.000Z","volume":2500,"label":" ","price":8.09},{"type":"U","date":"2018-04-23T05:17:13.000Z","volume":100000,"label":" ","price":8.06},{"type":"A","date":"2018-04-23T05:17:13.000Z","volume":28500,"label":" ","price":8.09},{"type":"A","date":"2018-04-23T05:17:13.000Z","volume":500,"label":" ","price":8.09},{"type":"B","date":"2018-04-23T05:18:40.000Z","volume":1000,"label":" ","price":8.06},{"type":"B","date":"2018-04-23T05:19:10.000Z","volume":1000,"label":" ","price":8.06},{"type":"B","date":"2018-04-23T05:19:40.000Z","volume":1000,"label":" ","price":8.06},{"type":"A","date":"2018-04-23T05:19:51.000Z","volume":10500,"label":" ","price":8.07},{"type":"A","date":"2018-04-23T05:19:51.000Z","volume":27500,"label":" ","price":8.07},{"type":"A","date":"2018-04-23T05:19:51.000Z","volume":19000,"label":" ","price":8.07},{"type":"A","date":"2018-04-23T05:19:51.000Z","volume":5000,"label":" ","price":8.07},{"type":"A","date":"2018-04-23T05:19:53.000Z","volume":43000,"label":" ","price":8.07},{"type":"A","date":"2018-04-23T05:19:53.000Z","volume":5000,"label":" ","price":8.08},{"type":"A","date":"2018-04-23T05:19:53.000Z","volume":500,"label":" ","price":8.09},{"type":"A","date":"2018-04-23T05:20:31.000Z","volume":500,"label":" ","price":8.1},{"type":"B","date":"2018-04-23T05:21:05.000Z","volume":1000,"label":" ","price":8.07},{"type":"A","date":"2018-04-23T05:21:07.000Z","volume":10000,"label":" ","price":8.09},{"type":"A","date":"2018-04-23T05:21:07.000Z","volume":3000,"label":" ","price":8.09},{"type":"B","date":"2018-04-23T05:21:30.000Z","volume":35000,"label":" ","price":8.07},{"type":"A","date":"2018-04-23T05:21:30.000Z","volume":5000,"label":" ","price":8.07},{"type":"A","date":"2018-04-23T05:21:30.000Z","volume":2500,"label":"Y","price":8.07},{"type":"A","date":"2018-04-23T05:21:30.000Z","volume":5000,"label":" ","price":8.07},{"type":"B","date":"2018-04-23T05:22:25.000Z","volume":2500,"label":" ","price":8.07},{"type":"B","date":"2018-04-23T05:22:25.000Z","volume":17500,"label":" ","price":8.06},{"type":"A","date":"2018-04-23T05:22:25.000Z","volume":5000,"label":" ","price":8.09},{"type":"A","date":"2018-04-23T05:22:47.000Z","volume":500,"label":" ","price":8.09},{"type":"A","date":"2018-04-23T05:23:36.000Z","volume":4500,"label":" ","price":8.09},{"type":"A","date":"2018-04-23T05:23:36.000Z","volume":3000,"label":" ","price":8.09},{"type":"B","date":"2018-04-23T05:23:55.000Z","volume":1000,"label":" ","price":8.08},{"type":"B","date":"2018-04-23T05:24:02.000Z","volume":2500,"label":" ","price":8.08},{"type":"B","date":"2018-04-23T05:24:02.000Z","volume":500,"label":" ","price":8.08},{"type":"A","date":"2018-04-23T05:24:06.000Z","volume":2000,"label":" ","price":8.09},{"type":"B","date":"2018-04-23T05:24:30.000Z","volume":500,"label":" ","price":8.07},{"type":"B","date":"2018-04-23T05:25:08.000Z","volume":1000,"label":" ","price":8.07},{"type":"B","date":"2018-04-23T05:25:25.000Z","volume":6000,"label":" ","price":8.07},{"type":"B","date":"2018-04-23T05:25:39.000Z","volume":10000,"label":" ","price":8.07},{"type":"B","date":"2018-04-23T05:25:39.000Z","volume":1000,"label":" ","price":8.07},{"type":"A","date":"2018-04-23T05:25:39.000Z","volume":3000,"label":" ","price":8.09},{"type":"B","date":"2018-04-23T05:25:45.000Z","volume":27500,"label":" ","price":8.07},{"type":"A","date":"2018-04-23T05:25:46.000Z","volume":500,"label":" ","price":8.08},{"type":"A","date":"2018-04-23T05:26:34.000Z","volume":1000,"label":" ","price":8.08},{"type":"B","date":"2018-04-23T05:27:25.000Z","volume":1000,"label":" ","price":8.07},{"type":"B","date":"2018-04-23T05:27:57.000Z","volume":1000,"label":" ","price":8.07},{"type":"B","date":"2018-04-23T05:27:57.000Z","volume":12000,"label":"Y","price":8.07},{"type":"B","date":"2018-04-23T05:27:57.000Z","volume":4000,"label":" ","price":8.07},{"type":"A","date":"2018-04-23T05:28:05.000Z","volume":5000,"label":" ","price":8.08},{"type":"B","date":"2018-04-23T05:28:30.000Z","volume":1000,"label":" ","price":8.07},{"type":"B","date":"2018-04-23T05:28:30.000Z","volume":14500,"label":" ","price":8.07},{"type":"B","date":"2018-04-23T05:28:30.000Z","volume":500,"label":" ","price":8.07},{"type":"B","date":"2018-04-23T05:28:40.000Z","volume":1000,"label":" ","price":8.07},{"type":"A","date":"2018-04-23T05:28:44.000Z","volume":1000,"label":" ","price":8.08},{"type":"B","date":"2018-04-23T05:28:50.000Z","volume":2500,"label":" ","price":8.07},{"type":"A","date":"2018-04-23T05:28:50.000Z","volume":12500,"label":" ","price":8.07},{"type":"A","date":"2018-04-23T05:28:50.000Z","volume":500,"label":" ","price":8.07},{"type":"A","date":"2018-04-23T05:28:50.000Z","volume":500,"label":" ","price":8.07},{"type":"A","date":"2018-04-23T05:28:50.000Z","volume":4000,"label":" ","price":8.08},{"type":"B","date":"2018-04-23T05:30:15.000Z","volume":1000,"label":" ","price":8.07},{"type":"B","date":"2018-04-23T05:30:35.000Z","volume":1000,"label":" ","price":8.07},{"type":"B","date":"2018-04-23T05:30:55.000Z","volume":1000,"label":" ","price":8.07},{"type":"B","date":"2018-04-23T05:31:20.000Z","volume":1000,"label":" ","price":8.07},{"type":"B","date":"2018-04-23T05:31:50.000Z","volume":1000,"label":" ","price":8.07},{"type":"A","date":"2018-04-23T05:32:05.000Z","volume":10000,"label":" ","price":8.08},{"type":"A","date":"2018-04-23T05:32:05.000Z","volume":4500,"label":" ","price":8.08},{"type":"A","date":"2018-04-23T05:32:20.000Z","volume":1000,"label":" ","price":8.08},{"type":"B","date":"2018-04-23T05:32:30.000Z","volume":500,"label":" ","price":8.07},{"type":"B","date":"2018-04-23T05:33:10.000Z","volume":1500,"label":" ","price":8.07},{"type":"B","date":"2018-04-23T05:33:10.000Z","volume":12500,"label":" ","price":8.07},{"type":"A","date":"2018-04-23T05:33:15.000Z","volume":26500,"label":" ","price":8.08},{"type":"A","date":"2018-04-23T05:33:19.000Z","volume":13000,"label":" ","price":8.08},{"type":"A","date":"2018-04-23T05:33:19.000Z","volume":1000,"label":" ","price":8.08},{"type":"U","date":"2018-04-23T05:33:19.000Z","volume":500,"label":" ","price":8.08},{"type":"A","date":"2018-04-23T05:33:32.000Z","volume":3500,"label":" ","price":8.09},{"type":"A","date":"2018-04-23T05:34:23.000Z","volume":5000,"label":" ","price":8.1},{"type":"B","date":"2018-04-23T05:34:40.000Z","volume":500,"label":" ","price":8.09},{"type":"B","date":"2018-04-23T05:34:45.000Z","volume":10500,"label":" ","price":8.09},{"type":"B","date":"2018-04-23T05:35:10.000Z","volume":1000,"label":" ","price":8.08},{"type":"B","date":"2018-04-23T05:35:19.000Z","volume":8000,"label":" ","price":8.08},{"type":"B","date":"2018-04-23T05:35:32.000Z","volume":1000,"label":" ","price":8.08},{"type":"B","date":"2018-04-23T05:35:55.000Z","volume":1000,"label":" ","price":8.08},{"type":"A","date":"2018-04-23T05:36:15.000Z","volume":20000,"label":" ","price":8.09},{"type":"A","date":"2018-04-23T05:36:15.000Z","volume":5000,"label":" ","price":8.1},{"type":"A","date":"2018-04-23T05:37:18.000Z","volume":500,"label":" ","price":8.1},{"type":"B","date":"2018-04-23T05:37:19.000Z","volume":1000,"label":"Y","price":8.09},{"type":"B","date":"2018-04-23T05:37:19.000Z","volume":1500,"label":" ","price":8.09},{"type":"B","date":"2018-04-23T05:37:20.000Z","volume":5000,"label":" ","price":8.09},{"type":"B","date":"2018-04-23T05:37:40.000Z","volume":500,"label":" ","price":8.08},{"type":"A","date":"2018-04-23T05:37:48.000Z","volume":10000,"label":" ","price":8.1},{"type":"A","date":"2018-04-23T05:37:48.000Z","volume":3500,"label":" ","price":8.1},{"type":"B","date":"2018-04-23T05:38:10.000Z","volume":1000,"label":" ","price":8.08},{"type":"B","date":"2018-04-23T05:38:40.000Z","volume":1500,"label":" ","price":8.08},{"type":"A","date":"2018-04-23T05:38:49.000Z","volume":6000,"label":" ","price":8.1},{"type":"A","date":"2018-04-23T05:38:49.000Z","volume":3000,"label":" ","price":8.1},{"type":"B","date":"2018-04-23T05:38:50.000Z","volume":2000,"label":" ","price":8.09},{"type":"A","date":"2018-04-23T05:39:08.000Z","volume":30000,"label":" ","price":8.09},{"type":"A","date":"2018-04-23T05:39:08.000Z","volume":8500,"label":" ","price":8.09},{"type":"A","date":"2018-04-23T05:39:08.000Z","volume":6500,"label":" ","price":8.09},{"type":"A","date":"2018-04-23T05:39:08.000Z","volume":4000,"label":" ","price":8.1},{"type":"A","date":"2018-04-23T05:40:03.000Z","volume":11000,"label":" ","price":8.1},{"type":"A","date":"2018-04-23T05:40:03.000Z","volume":4500,"label":" ","price":8.1},{"type":"B","date":"2018-04-23T05:40:13.000Z","volume":500,"label":" ","price":8.08},{"type":"B","date":"2018-04-23T05:40:40.000Z","volume":1000,"label":" ","price":8.08},{"type":"A","date":"2018-04-23T05:40:41.000Z","volume":8000,"label":" ","price":8.1},{"type":"A","date":"2018-04-23T05:40:41.000Z","volume":4000,"label":" ","price":8.1},{"type":"B","date":"2018-04-23T05:41:05.000Z","volume":1000,"label":" ","price":8.08},{"type":"B","date":"2018-04-23T05:41:40.000Z","volume":1000,"label":" ","price":8.08},{"type":"B","date":"2018-04-23T05:42:10.000Z","volume":1000,"label":" ","price":8.08},{"type":"B","date":"2018-04-23T05:42:30.000Z","volume":1000,"label":" ","price":8.08},{"type":"B","date":"2018-04-23T05:42:50.000Z","volume":1000,"label":" ","price":8.08},{"type":"A","date":"2018-04-23T05:42:50.000Z","volume":2500,"label":" ","price":8.1},{"type":"B","date":"2018-04-23T05:43:15.000Z","volume":1000,"label":" ","price":8.08},{"type":"B","date":"2018-04-23T05:43:30.000Z","volume":2000,"label":" ","price":8.08},{"type":"B","date":"2018-04-23T05:43:44.000Z","volume":1000,"label":" ","price":8.08},{"type":"B","date":"2018-04-23T05:43:55.000Z","volume":1500,"label":" ","price":8.08},{"type":"B","date":"2018-04-23T05:44:12.000Z","volume":500,"label":" ","price":8.08},{"type":"B","date":"2018-04-23T05:44:12.000Z","volume":1000,"label":" ","price":8.08},{"type":"B","date":"2018-04-23T05:44:15.000Z","volume":500,"label":" ","price":8.08},{"type":"A","date":"2018-04-23T05:44:30.000Z","volume":10000,"label":" ","price":8.09},{"type":"B","date":"2018-04-23T05:45:05.000Z","volume":500,"label":" ","price":8.08},{"type":"B","date":"2018-04-23T05:45:29.000Z","volume":1000,"label":" ","price":8.08},{"type":"B","date":"2018-04-23T05:45:55.000Z","volume":1000,"label":" ","price":8.08},{"type":"A","date":"2018-04-23T05:45:55.000Z","volume":500,"label":" ","price":8.09},{"type":"B","date":"2018-04-23T05:46:20.000Z","volume":1000,"label":" ","price":8.08},{"type":"B","date":"2018-04-23T05:46:37.000Z","volume":2500,"label":" ","price":8.08},{"type":"A","date":"2018-04-23T05:46:37.000Z","volume":2500,"label":" ","price":8.09},{"type":"B","date":"2018-04-23T05:46:45.000Z","volume":1000,"label":" ","price":8.08},{"type":"B","date":"2018-04-23T05:46:50.000Z","volume":500,"label":" ","price":8.08},{"type":"A","date":"2018-04-23T05:46:50.000Z","volume":2500,"label":" ","price":8.09},{"type":"B","date":"2018-04-23T05:47:15.000Z","volume":1000,"label":" ","price":8.08},{"type":"A","date":"2018-04-23T05:47:15.000Z","volume":2500,"label":" ","price":8.09},{"type":"A","date":"2018-04-23T05:47:36.000Z","volume":500,"label":" ","price":8.09},{"type":"B","date":"2018-04-23T05:47:50.000Z","volume":1500,"label":" ","price":8.08},{"type":"B","date":"2018-04-23T05:47:55.000Z","volume":1500,"label":" ","price":8.08},{"type":"B","date":"2018-04-23T05:47:59.000Z","volume":8000,"label":"Y","price":8.08},{"type":"B","date":"2018-04-23T05:47:59.000Z","volume":68000,"label":" ","price":8.08},{"type":"A","date":"2018-04-23T05:47:59.000Z","volume":79500,"label":" ","price":8.08},{"type":"A","date":"2018-04-23T05:47:59.000Z","volume":5500,"label":" ","price":8.09},{"type":"B","date":"2018-04-23T05:48:07.000Z","volume":40000,"label":" ","price":8.08},{"type":"A","date":"2018-04-23T05:48:07.000Z","volume":2500,"label":" ","price":8.09},{"type":"B","date":"2018-04-23T05:48:17.000Z","volume":2500,"label":" ","price":8.08},{"type":"A","date":"2018-04-23T05:48:24.000Z","volume":2000,"label":"Y","price":8.09},{"type":"A","date":"2018-04-23T05:48:24.000Z","volume":8000,"label":" ","price":8.09},{"type":"A","date":"2018-04-23T05:48:24.000Z","volume":4000,"label":" ","price":8.09}