[{"type":"B","date":"2018-04-20T01:30:17.000Z","volume":500,"label":" ","price":2.88},{"type":"B","date":"2018-04-20T01:33:26.000Z","volume":5000,"label":" ","price":2.87},{"type":"A","date":"2018-04-20T01:33:26.000Z","volume":5000,"label":" ","price":2.87},{"type":"B","date":"2018-04-20T01:33:32.000Z","volume":500,"label":" ","price":2.86},{"type":"A","date":"2018-04-20T01:36:51.000Z","volume":1000,"label":" ","price":2.86},{"type":"B","date":"2018-04-20T01:36:56.000Z","volume":1000,"label":" ","price":2.85},{"type":"B","date":"2018-04-20T01:37:01.000Z","volume":4000,"label":" ","price":2.85},{"type":"B","date":"2018-04-20T01:38:02.000Z","volume":10000,"label":" ","price":2.85},{"type":"U","date":"2018-04-20T01:38:26.000Z","volume":1000,"label":" ","price":2.85},{"type":"B","date":"2018-04-20T01:39:12.000Z","volume":15000,"label":" ","price":2.84},{"type":"B","date":"2018-04-20T01:39:18.000Z","volume":8500,"label":" ","price":2.84},{"type":"B","date":"2018-04-20T01:44:26.000Z","volume":15500,"label":" ","price":2.84},{"type":"A","date":"2018-04-20T01:44:44.000Z","volume":10000,"label":" ","price":2.84},{"type":"B","date":"2018-04-20T01:45:02.000Z","volume":500,"label":" ","price":2.83},{"type":"B","date":"2018-04-20T01:45:08.000Z","volume":7000,"label":" ","price":2.83},{"type":"A","date":"2018-04-20T01:45:30.000Z","volume":7000,"label":" ","price":2.84},{"type":"B","date":"2018-04-20T01:45:53.000Z","volume":500,"label":" ","price":2.83},{"type":"B","date":"2018-04-20T01:47:18.000Z","volume":5000,"label":" ","price":2.83},{"type":"B","date":"2018-04-20T01:47:35.000Z","volume":20000,"label":" ","price":2.82},{"type":"B","date":"2018-04-20T01:47:38.000Z","volume":20000,"label":" ","price":2.82},{"type":"B","date":"2018-04-20T01:47:41.000Z","volume":15000,"label":" ","price":2.82},{"type":"B","date":"2018-04-20T01:47:57.000Z","volume":40000,"label":" ","price":2.81},{"type":"B","date":"2018-04-20T01:48:52.000Z","volume":7000,"label":" ","price":2.81},{"type":"B","date":"2018-04-20T01:49:36.000Z","volume":3000,"label":" ","price":2.81},{"type":"A","date":"2018-04-20T01:50:59.000Z","volume":17500,"label":" ","price":2.84},{"type":"A","date":"2018-04-20T01:51:59.000Z","volume":500,"label":" ","price":2.85},{"type":"A","date":"2018-04-20T01:51:59.000Z","volume":6000,"label":" ","price":2.85},{"type":"B","date":"2018-04-20T01:53:49.000Z","volume":6000,"label":" ","price":2.83},{"type":"B","date":"2018-04-20T01:53:51.000Z","volume":5000,"label":" ","price":2.83},{"type":"B","date":"2018-04-20T02:12:57.000Z","volume":18500,"label":" ","price":2.83},{"type":"B","date":"2018-04-20T02:13:02.000Z","volume":500,"label":" ","price":2.83},{"type":"A","date":"2018-04-20T02:13:34.000Z","volume":2500,"label":" ","price":2.84},{"type":"A","date":"2018-04-20T02:13:34.000Z","volume":3500,"label":" ","price":2.84},{"type":"B","date":"2018-04-20T02:14:47.000Z","volume":500,"label":" ","price":2.84},{"type":"B","date":"2018-04-20T02:15:29.000Z","volume":5000,"label":" ","price":2.84},{"type":"B","date":"2018-04-20T02:15:31.000Z","volume":5000,"label":" ","price":2.84},{"type":"A","date":"2018-04-20T02:15:39.000Z","volume":10000,"label":" ","price":2.85},{"type":"A","date":"2018-04-20T02:15:42.000Z","volume":6000,"label":"Y","price":2.85},{"type":"B","date":"2018-04-20T02:16:02.000Z","volume":28000,"label":" ","price":2.84},{"type":"B","date":"2018-04-20T02:16:07.000Z","volume":4000,"label":" ","price":2.84},{"type":"B","date":"2018-04-20T02:16:13.000Z","volume":20000,"label":" ","price":2.83},{"type":"B","date":"2018-04-20T02:16:17.000Z","volume":27000,"label":" ","price":2.83},{"type":"B","date":"2018-04-20T02:16:24.000Z","volume":6500,"label":" ","price":2.83},{"type":"B","date":"2018-04-20T02:16:29.000Z","volume":30000,"label":" ","price":2.82},{"type":"B","date":"2018-04-20T02:16:32.000Z","volume":10000,"label":" ","price":2.82},{"type":"B","date":"2018-04-20T02:16:36.000Z","volume":17500,"label":" ","price":2.82},{"type":"B","date":"2018-04-20T02:20:39.000Z","volume":30000,"label":" ","price":2.82},{"type":"B","date":"2018-04-20T02:21:44.000Z","volume":26500,"label":" ","price":2.82},{"type":"U","date":"2018-04-20T02:22:08.000Z","volume":30000,"label":" ","price":2.82},{"type":"B","date":"2018-04-20T02:24:52.000Z","volume":10500,"label":" ","price":2.82},{"type":"B","date":"2018-04-20T02:25:47.000Z","volume":500,"label":" ","price":2.83},{"type":"B","date":"2018-04-20T02:25:59.000Z","volume":500,"label":" ","price":2.83},{"type":"B","date":"2018-04-20T02:25:59.000Z","volume":152500,"label":" ","price":2.81},{"type":"B","date":"2018-04-20T02:25:59.000Z","volume":323500,"label":" ","price":2.8},{"type":"A","date":"2018-04-20T02:25:59.000Z","volume":6500,"label":" ","price":2.8},{"type":"A","date":"2018-04-20T02:26:03.000Z","volume":11000,"label":" ","price":2.8},{"type":"A","date":"2018-04-20T02:26:09.000Z","volume":5500,"label":" ","price":2.8},{"type":"B","date":"2018-04-20T02:26:29.000Z","volume":50000,"label":" ","price":2.79},{"type":"B","date":"2018-04-20T02:27:09.000Z","volume":1500,"label":" ","price":2.79},{"type":"A","date":"2018-04-20T02:27:14.000Z","volume":50000,"label":" ","price":2.8},{"type":"A","date":"2018-04-20T02:27:14.000Z","volume":50500,"label":" ","price":2.8},{"type":"B","date":"2018-04-20T02:27:31.000Z","volume":20000,"label":" ","price":2.8},{"type":"B","date":"2018-04-20T02:28:03.000Z","volume":40000,"label":" ","price":2.8},{"type":"A","date":"2018-04-20T02:28:32.000Z","volume":5500,"label":" ","price":2.8},{"type":"A","date":"2018-04-20T02:28:34.000Z","volume":4500,"label":" ","price":2.8},{"type":"B","date":"2018-04-20T02:28:44.000Z","volume":15500,"label":" ","price":2.8},{"type":"A","date":"2018-04-20T02:28:48.000Z","volume":10000,"label":" ","price":2.8},{"type":"B","date":"2018-04-20T02:29:02.000Z","volume":20000,"label":" ","price":2.79},{"type":"A","date":"2018-04-20T02:29:26.000Z","volume":74500,"label":" ","price":2.8},{"type":"B","date":"2018-04-20T02:32:53.000Z","volume":50000,"label":" ","price":2.79},{"type":"B","date":"2018-04-20T02:33:09.000Z","volume":17500,"label":" ","price":2.79},{"type":"B","date":"2018-04-20T02:34:02.000Z","volume":500,"label":"Y","price":2.79},{"type":"A","date":"2018-04-20T02:34:49.000Z","volume":2000,"label":" ","price":2.8},{"type":"B","date":"2018-04-20T02:37:45.000Z","volume":50000,"label":" ","price":2.79},{"type":"B","date":"2018-04-20T02:38:20.000Z","volume":18500,"label":" ","price":2.79},{"type":"B","date":"2018-04-20T02:38:59.000Z","volume":20000,"label":" ","price":2.79},{"type":"B","date":"2018-04-20T02:39:28.000Z","volume":10000,"label":" ","price":2.79},{"type":"B","date":"2018-04-20T02:41:42.000Z","volume":50000,"label":" ","price":2.79},{"type":"B","date":"2018-04-20T02:42:16.000Z","volume":40000,"label":" ","price":2.79},{"type":"B","date":"2018-04-20T02:44:03.000Z","volume":50000,"label":" ","price":2.79},{"type":"B","date":"2018-04-20T02:44:03.000Z","volume":29000,"label":" ","price":2.79},{"type":"B","date":"2018-04-20T02:48:32.000Z","volume":500,"label":" ","price":2.79},{"type":"B","date":"2018-04-20T02:48:38.000Z","volume":500,"label":" ","price":2.79},{"type":"B","date":"2018-04-20T02:49:49.000Z","volume":9000,"label":" ","price":2.79},{"type":"B","date":"2018-04-20T02:50:57.000Z","volume":15000,"label":" ","price":2.78},{"type":"B","date":"2018-04-20T02:54:07.000Z","volume":10000,"label":" ","price":2.78},{"type":"A","date":"2018-04-20T02:55:07.000Z","volume":5500,"label":" ","price":2.79},{"type":"B","date":"2018-04-20T02:55:37.000Z","volume":10000,"label":" ","price":2.78},{"type":"A","date":"2018-04-20T02:55:40.000Z","volume":10000,"label":" ","price":2.79},{"type":"A","date":"2018-04-20T02:58:33.000Z","volume":10000,"label":" ","price":2.79},{"type":"A","date":"2018-04-20T02:58:56.000Z","volume":3000,"label":" ","price":2.79},{"type":"B","date":"2018-04-20T02:59:07.000Z","volume":27000,"label":" ","price":2.79},{"type":"B","date":"2018-04-20T03:01:06.000Z","volume":7000,"label":" ","price":2.79},{"type":"A","date":"2018-04-20T03:09:49.000Z","volume":500,"label":" ","price":2.79},{"type":"B","date":"2018-04-20T03:11:07.000Z","volume":20000,"label":" ","price":2.79},{"type":"B","date":"2018-04-20T03:15:03.000Z","volume":20000,"label":" ","price":2.79},{"type":"B","date":"2018-04-20T03:17:08.000Z","volume":500,"label":" ","price":2.79},{"type":"B","date":"2018-04-20T03:21:36.000Z","volume":5000,"label":" ","price":2.79},{"type":"B","date":"2018-04-20T03:23:40.000Z","volume":20000,"label":" ","price":2.79},{"type":"B","date":"2018-04-20T03:23:40.000Z","volume":7000,"label":" ","price":2.79},{"type":"A","date":"2018-04-20T03:26:15.000Z","volume":20000,"label":" ","price":2.8},{"type":"B","date":"2018-04-20T03:29:00.000Z","volume":17500,"label":" ","price":2.79},{"type":"B","date":"2018-04-20T03:29:05.000Z","volume":40000,"label":" ","price":2.78},{"type":"B","date":"2018-04-20T03:30:53.000Z","volume":20000,"label":" ","price":2.78},{"type":"B","date":"2018-04-20T03:32:31.000Z","volume":50000,"label":" ","price":2.78},{"type":"B","date":"2018-04-20T03:32:35.000Z","volume":60000,"label":" ","price":2.78},{"type":"B","date":"2018-04-20T03:32:39.000Z","volume":50000,"label":" ","price":2.78},{"type":"B","date":"2018-04-20T03:32:43.000Z","volume":12500,"label":" ","price":2.78},{"type":"B","date":"2018-04-20T03:37:52.000Z","volume":12000,"label":" ","price":2.78},{"type":"B","date":"2018-04-20T03:38:34.000Z","volume":18000,"label":" ","price":2.78},{"type":"B","date":"2018-04-20T03:45:08.000Z","volume":5000,"label":"Y","price":2.77},{"type":"B","date":"2018-04-20T03:45:08.000Z","volume":3500,"label":" ","price":2.77},{"type":"A","date":"2018-04-20T03:46:31.000Z","volume":7500,"label":" ","price":2.79},{"type":"B","date":"2018-04-20T03:47:38.000Z","volume":60000,"label":" ","price":2.77},{"type":"B","date":"2018-04-20T03:47:42.000Z","volume":42000,"label":" ","price":2.77},{"type":"B","date":"2018-04-20T03:47:46.000Z","volume":50000,"label":" ","price":2.76},{"type":"B","date":"2018-04-20T03:47:50.000Z","volume":40000,"label":" ","price":2.76},{"type":"B","date":"2018-04-20T03:47:53.000Z","volume":30000,"label":" ","price":2.76},{"type":"B","date":"2018-04-20T03:47:56.000Z","volume":50000,"label":" ","price":2.76},{"type":"B","date":"2018-04-20T03:47:59.000Z","volume":24000,"label":" ","price":2.76},{"type":"B","date":"2018-04-20T03:48:04.000Z","volume":40000,"label":" ","price":2.75},{"type":"B","date":"2018-04-20T03:49:40.000Z","volume":25000,"label":" ","price":2.76},{"type":"B","date":"2018-04-20T03:49:59.000Z","volume":50000,"label":" ","price":2.75},{"type":"B","date":"2018-04-20T03:50:06.000Z","volume":70000,"label":" ","price":2.75},{"type":"B","date":"2018-04-20T03:50:10.000Z","volume":60000,"label":" ","price":2.75},{"type":"B","date":"2018-04-20T03:50:15.000Z","volume":60000,"label":" ","price":2.75},{"type":"B","date":"2018-04-20T03:50:21.000Z","volume":50000,"label":" ","price":2.75},{"type":"B","date":"2018-04-20T03:50:25.000Z","volume":70000,"label":" ","price":2.75},{"type":"B","date":"2018-04-20T03:50:31.000Z","volume":50000,"label":" ","price":2.75},{"type":"B","date":"2018-04-20T03:50:34.000Z","volume":70000,"label":" ","price":2.75},{"type":"B","date":"2018-04-20T03:50:48.000Z","volume":3000,"label":" ","price":2.76},{"type":"B","date":"2018-04-20T03:50:48.000Z","volume":57000,"label":" ","price":2.75},{"type":"B","date":"2018-04-20T03:51:00.000Z","volume":10000,"label":" ","price":2.75},{"type":"B","date":"2018-04-20T03:51:53.000Z","volume":41000,"label":" ","price":2.75},{"type":"B","date":"2018-04-20T03:53:09.000Z","volume":60000,"label":" ","price":2.75},{"type":"B","date":"2018-04-20T03:53:11.000Z","volume":60000,"label":" ","price":2.75},{"type":"B","date":"2018-04-20T03:53:14.000Z","volume":60000,"label":" ","price":2.75},{"type":"B","date":"2018-04-20T03:53:17.000Z","volume":60000,"label":" ","price":2.75},{"type":"B","date":"2018-04-20T03:53:23.000Z","volume":60000,"label":" ","price":2.75},{"type":"A","date":"2018-04-20T03:54:20.000Z","volume":20000,"label":" ","price":2.77},{"type":"B","date":"2018-04-20T03:54:55.000Z","volume":2000,"label":" ","price":2.76},{"type":"B","date":"2018-04-20T03:55:03.000Z","volume":60000,"label":" ","price":2.75},{"type":"B","date":"2018-04-20T03:55:05.000Z","volume":60000,"label":" ","price":2.75},{"type":"B","date":"2018-04-20T03:55:07.000Z","volume":60000,"label":" ","price":2.75},{"type":"B","date":"2018-04-20T03:55:11.000Z","volume":60000,"label":" ","price":2.75},{"type":"B","date":"2018-04-20T03:55:14.000Z","volume":30000,"label":" ","price":2.75},{"type":"B","date":"2018-04-20T03:55:17.000Z","volume":30000,"label":" ","price":2.75},{"type":"B","date":"2018-04-20T03:56:43.000Z","volume":45500,"label":" ","price":2.76},{"type":"B","date":"2018-04-20T03:56:51.000Z","volume":20000,"label":" ","price":2.75},{"type":"B","date":"2018-04-20T03:56:54.000Z","volume":30000,"label":" ","price":2.75},{"type":"B","date":"2018-04-20T03:56:56.000Z","volume":20000,"label":" ","price":2.75},{"type":"B","date":"2018-04-20T03:56:58.000Z","volume":30000,"label":" ","price":2.75},{"type":"B","date":"2018-04-20T03:57:23.000Z","volume":500,"label":" ","price":2.75},{"type":"B","date":"2018-04-20T03:58:22.000Z","volume":18500,"label":" ","price":2.76},{"type":"B","date":"2018-04-20T03:58:22.000Z","volume":326000,"label":" ","price":2.75},{"type":"A","date":"2018-04-20T03:58:25.000Z","volume":11500,"label":" ","price":2.75},{"type":"A","date":"2018-04-20T03:58:25.000Z","volume":44000,"label":" ","price":2.75},{"type":"B","date":"2018-04-20T03:58:43.000Z","volume":35000,"label":" ","price":2.76},{"type":"B","date":"2018-04-20T03:58:43.000Z","volume":65000,"label":" ","price":2.75},{"type":"B","date":"2018-04-20T03:59:29.000Z","volume":302500,"label":" ","price":2.75},{"type":"A","date":"2018-04-20T03:59:31.000Z","volume":5500,"label":" ","price":2.75},{"type":"A","date":"2018-04-20T03:59:31.000Z","volume":12500,"label":" ","price":2.75},{"type":"A","date":"2018-04-20T03:59:33.000Z","volume":50000,"label":" ","price":2.75},{"type":"A","date":"2018-04-20T03:59:33.000Z","volume":29500,"label":" ","price":2.75},{"type":"B","date":"2018-04-20T03:59:52.000Z","volume":72000,"label":" ","price":2.75},{"type":"A","date":"2018-04-20T05:00:00.000Z","volume":9500,"label":" ","price":2.79},{"type":"B","date":"2018-04-20T05:00:02.000Z","volume":16000,"label":" ","price":2.77},{"type":"B","date":"2018-04-20T05:00:02.000Z","volume":11500,"label":" ","price":2.76},{"type":"B","date":"2018-04-20T05:00:02.000Z","volume":3000,"label":" ","price":2.76},{"type":"B","date":"2018-04-20T05:00:02.000Z","volume":3000,"label":" ","price":2.76},{"type":"B","date":"2018-04-20T05:00:02.000Z","volume":2500,"label":" ","price":2.76},{"type":"B","date":"2018-04-20T05:00:02.000Z","volume":3000,"label":" ","price":2.76},{"type":"B","date":"2018-04-20T05:00:02.000Z","volume":2000,"label":" ","price":2.76},{"type":"B","date":"2018-04-20T05:00:02.000Z","volume":3000,"label":" ","price":2.76},{"type":"B","date":"2018-04-20T05:00:02.000Z","volume":1000,"label":" ","price":2.76},{"type":"B","date":"2018-04-20T05:00:02.000Z","volume":3500,"label":" ","price":2.76},{"type":"B","date":"2018-04-20T05:00:02.000Z","volume":3500,"label":" ","price":2.76},{"type":"B","date":"2018-04-20T05:00:02.000Z","volume":500,"label":" ","price":2.75},{"type":"B","date":"2018-04-20T05:00:02.000Z","volume":22000,"label":" ","price":2.75},{"type":"B","date":"2018-04-20T05:00:02.000Z","volume":3000,"label":" ","price":2.75},{"type":"B","date":"2018-04-20T05:00:02.000Z","volume":15500,"label":" ","price":2.75},{"type":"B","date":"2018-04-20T05:00:02.000Z","volume":1500,"label":" ","price":2.75},{"type":"B","date":"2018-04-20T05:00:02.000Z","volume":15000,"label":" ","price":2.75},{"type":"B","date":"2018-04-20T05:00:02.000Z","volume":3500,"label":" ","price":2.75},{"type":"B","date":"2018-04-20T05:00:02.000Z","volume":10000,"label":" ","price":2.75},{"type":"B","date":"2018-04-20T05:00:02.000Z","volume":1000,"label":" ","price":2.75},{"type":"B","date":"2018-04-20T05:00:02.000Z","volume":11500,"label":" ","price":2.75},{"type":"B","date":"2018-04-20T05:00:02.000Z","volume":11000,"label":" ","price":2.75},{"type":"B","date":"2018-04-20T05:00:02.000Z","volume":9500,"label":" ","price":2.75},{"type":"B","date":"2018-04-20T05:00:02.000Z","volume":8000,"label":" ","price":2.75},{"type":"B","date":"2018-04-20T05:00:02.000Z","volume":7000,"label":" ","price":2.75},{"type":"B","date":"2018-04-20T05:00:02.000Z","volume":6000,"label":" ","price":2.75},{"type":"B","date":"2018-04-20T05:00:02.000Z","volume":500,"label":" ","price":2.75},{"type":"B","date":"2018-04-20T05:00:02.000Z","volume":4500,"label":" ","price":2.75},{"type":"B","date":"2018-04-20T05:00:02.000Z","volume":4000,"label":" ","price":2.75},{"type":"B","date":"2018-04-20T05:00:02.000Z","volume":1000,"label":" ","price":2.75},{"type":"A","date":"2018-04-20T05:00:02.000Z","volume":10000,"label":" ","price":2.75},{"type":"A","date":"2018-04-20T05:00:02.000Z","volume":6000,"label":" ","price":2.75},{"type":"A","date":"2018-04-20T05:00:03.000Z","volume":5000,"label":" ","price":2.75},{"type":"A","date":"2018-04-20T05:00:03.000Z","volume":5000,"label":" ","price":2.75},{"type":"A","date":"2018-04-20T05:00:03.000Z","volume":10000,"label":" ","price":2.75},{"type":"A","date":"2018-04-20T05:00:03.000Z","volume":5000,"label":" ","price":2.75},{"type":"A","date":"2018-04-20T05:00:03.000Z","volume":1000,"label":" ","price":2.75},{"type":"A","date":"2018-04-20T05:00:03.000Z","volume":500,"label":" ","price":2.75},{"type":"A","date":"2018-04-20T05:00:06.000Z","volume":2000,"label":" ","price":2.75},{"type":"A","date":"2018-04-20T05:00:07.000Z","volume":37000,"label":" ","price":2.75},{"type":"B","date":"2018-04-20T05:00:07.000Z","volume":12000,"label":" ","price":2.75},{"type":"B","date":"2018-04-20T05:00:07.000Z","volume":11000,"label":" ","price":2.75},{"type":"B","date":"2018-04-20T05:00:07.000Z","volume":9000,"label":" ","price":2.75},{"type":"B","date":"2018-04-20T05:00:07.000Z","volume":8000,"label":" ","price":2.75},{"type":"B","date":"2018-04-20T05:00:07.000Z","volume":7000,"label":" ","price":2.75},{"type":"B","date":"2018-04-20T05:00:07.000Z","volume":6000,"label":" ","price":2.75},{"type":"B","date":"2018-04-20T05:00:07.000Z","volume":5000,"label":" ","price":2.75},{"type":"B","date":"2018-04-20T05:00:07.000Z","volume":5000,"label":" ","price":2.75},{"type":"A","date":"2018-04-20T05:00:07.000Z","volume":2000,"label":" ","price":2.75},{"type":"A","date":"2018-04-20T05:00:08.000Z","volume":3000,"label":" ","price":2.75},{"type":"A","date":"2018-04-20T05:00:09.000Z","volume":1000,"label":"Y","price":2.75},{"type":"A","date":"2018-04-20T05:00:10.000Z","volume":1500,"label":" ","price":2.75},{"type":"A","date":"2018-04-20T05:00:13.000Z","volume":36000,"label":" ","price":2.75},{"type":"A","date":"2018-04-20T05:00:13.000Z","volume":11500,"label":" ","price":2.75},{"type":"A","date":"2018-04-20T05:00:13.000Z","volume":11000,"label":" ","price":2.75},{"type":"A","date":"2018-04-20T05:00:13.000Z","volume":9500,"label":" ","price":2.75},{"type":"A","date":"2018-04-20T05:00:13.000Z","volume":8000,"label":" ","price":2.75},{"type":"A","date":"2018-04-20T05:00:13.000Z","volume":7000,"label":" ","price":2.75},{"type":"A","date":"2018-04-20T05:00:13.000Z","volume":6000,"label":" ","price":2.75},{"type":"A","date":"2018-04-20T05:00:13.000Z","volume":5000,"label":" ","price":2.75},{"type":"A","date":"2018-04-20T05:00:13.000Z","volume":4500,"label":" ","price":2.75},{"type":"A","date":"2018-04-20T05:00:13.000Z","volume":1500,"label":" ","price":2.75},{"type":"A","date":"2018-04-20T05:00:18.000Z","volume":39000,"label":" ","price":2.75},{"type":"A","date":"2018-04-20T05:00:18.000Z","volume":10500,"label":" ","price":2.75},{"type":"B","date":"2018-04-20T05:00:18.000Z","volume":13000,"label":" ","price":2.75},{"type":"B","date":"2018-04-20T05:00:18.000Z","volume":11000,"label":" ","price":2.75},{"type":"B","date":"2018-04-20T05:00:18.000Z","volume":7500,"label":" ","price":2.75},{"type":"B","date":"2018-04-20T05:00:18.000Z","volume":6000,"label":" ","price":2.75},{"type":"B","date":"2018-04-20T05:00:18.000Z","volume":5500,"label":" ","price":2.75},{"type":"B","date":"2018-04-20T05:00:18.000Z","volume":4500,"label":" ","price":2.75},{"type":"B","date":"2018-04-20T05:00:18.000Z","volume":3000,"label":" ","price":2.75},{"type":"A","date":"2018-04-20T05:00:18.000Z","volume":1000,"label":" ","price":2.75},{"type":"A","date":"2018-04-20T05:00:25.000Z","volume":6000,"label":" ","price":2.75},{"type":"A","date":"2018-04-20T05:00:26.000Z","volume":7500,"label":" ","price":2.75},{"type":"A","date":"2018-04-20T05:00:32.000Z","volume":8000,"label":" ","price":2.75},{"type":"A","date":"2018-04-20T05:00:32.000Z","volume":1500,"label":" ","price":2.75},{"type":"A","date":"2018-04-20T05:00:33.000Z","volume":5000,"label":" ","price":2.75},{"type":"A","date":"2018-04-20T05:00:34.000Z","volume":14000,"label":" ","price":2.75},{"type":"A","date":"2018-04-20T05:00:34.000Z","volume":13000,"label":" ","price":2.75},{"type":"A","date":"2018-04-20T05:00:34.000Z","volume":1000,"label":" ","price":2.75},{"type":"A","date":"2018-04-20T05:00:34.000Z","volume":14500,"label":" ","price":2.75},{"type":"A","date":"2018-04-20T05:00:34.000Z","volume":11500,"label":" ","price":2.75},{"type":"A","date":"2018-04-20T05:00:34.000Z","volume":10000,"label":" ","price":2.75},{"type":"A","date":"2018-04-20T05:00:34.000Z","volume":8500,"label":" ","price":2.75},{"type":"A","date":"2018-04-20T05:00:34.000Z","volume":8500,"label":" ","price":2.75},{"type":"A","date":"2018-04-20T05:00:34.000Z","volume":6000,"label":" ","price":2.75},{"type":"A","date":"2018-04-20T05:00:34.000Z","volume":5500,"label":" ","price":2.75},{"type":"A","date":"2018-04-20T05:00:34.000Z","volume":4500,"label":" ","price":2.75},{"type":"A","date":"2018-04-20T05:00:34.000Z","volume":3000,"label":" ","price":2.75},{"type":"A","date":"2018-04-20T05:00:39.000Z","volume":3000,"label":" ","price":2.75},{"type":"A","date":"2018-04-20T05:00:40.000Z","volume":2000,"label":" ","price":2.75},{"type":"A","date":"2018-04-20T05:00:52.000Z","volume":43000,"label":" ","price":2.75},{"type":"A","date":"2018-04-20T05:00:52.000Z","volume":2000,"label":" ","price":2.75},{"type":"B","date":"2018-04-20T05:00:52.000Z","volume":4500,"label":" ","price":2.75},{"type":"B","date":"2018-04-20T05:00:52.000Z","volume":500,"label":" ","price":2.75},{"type":"B","date":"2018-04-20T05:00:52.000Z","volume":1000,"label":" ","price":2.75},{"type":"A","date":"2018-04-20T05:00:56.000Z","volume":40000,"label":" ","price":2.75},{"type":"A","date":"2018-04-20T05:00:56.000Z","volume":6000,"label":" ","price":2.75},{"type":"A","date":"2018-04-20T05:00:57.000Z","volume":46500,"label":" ","price":2.75},{"type":"A","date":"2018-04-20T05:00:57.000Z","volume":12000,"label":" ","price":2.75},{"type":"A","date":"2018-04-20T05:00:57.000Z","volume":11500,"label":" ","price":2.75},{"type":"A","date":"2018-04-20T05:00:57.000Z","volume":10000,"label":" ","price":2.75},{"type":"A","date":"2018-04-20T05:00:57.000Z","volume":6500,"label":" ","price":2.75},{"type":"A","date":"2018-04-20T05:00:57.000Z","volume":5500,"label":" ","price":2.75},{"type":"A","date":"2018-04-20T05:00:57.000Z","volume":4500,"label":" ","price":2.75},{"type":"A","date":"2018-04-20T05:00:57.000Z","volume":3500,"label":" ","price":2.75},{"type":"A","date":"2018-04-20T05:01:11.000Z","volume":4000,"label":" ","price":2.75},{"type":"A","date":"2018-04-20T05:01:28.000Z","volume":12500,"label":" ","price":2.75},{"type":"A","date":"2018-04-20T05:01:32.000Z","volume":10000,"label":" ","price":2.75},{"type":"A","date":"2018-04-20T05:01:39.000Z","volume":36000,"label":" ","price":2.75},{"type":"B","date":"2018-04-20T05:01:39.000Z","volume":11000,"label":" ","price":2.75},{"type":"B","date":"2018-04-20T05:01:39.000Z","volume":11000,"label":" ","price":2.75},{"type":"B","date":"2018-04-20T05:01:39.000Z","volume":9500,"label":" ","price":2.75},{"type":"B","date":"2018-04-20T05:01:39.000Z","volume":8000,"label":" ","price":2.75},{"type":"B","date":"2018-04-20T05:01:39.000Z","volume":8000,"label":" ","price":2.75},{"type":"B","date":"2018-04-20T05:01:39.000Z","volume":6000,"label":" ","price":2.75},{"type":"B","date":"2018-04-20T05:01:39.000Z","volume":5000,"label":" ","price":2.75},{"type":"B","date":"2018-04-20T05:01:39.000Z","volume":4500,"label":" ","price":2.75},{"type":"B","date":"2018-04-20T05:01:39.000Z","volume":1000,"label":" ","price":2.75},{"type":"A","date":"2018-04-20T05:01:39.000Z","volume":2500,"label":" ","price":2.75},{"type":"A","date":"2018-04-20T05:01:43.000Z","volume":47000,"label":" ","price":2.75},{"type":"B","date":"2018-04-20T05:01:43.000Z","volume":11000,"label":" ","price":2.75},{"type":"B","date":"2018-04-20T05:01:43.000Z","volume":9500,"label":" ","price":2.75},{"type":"B","date":"2018-04-20T05:01:43.000Z","volume":8000,"label":" ","price":2.75},{"type":"B","date":"2018-04-20T05:01:43.000Z","volume":7000,"label":" ","price":2.75},{"type":"B","date":"2018-04-20T05:01:43.000Z","volume":6000,"label":" ","price":2.75},{"type":"B","date":"2018-04-20T05:01:43.000Z","volume":5000,"label":" ","price":2.75},{"type":"B","date":"2018-04-20T05:01:43.000Z","volume":4500,"label":" ","price":2.75},{"type":"B","date":"2018-04-20T05:01:43.000Z","volume":2000,"label":" ","price":2.75},{"type":"B","date":"2018-04-20T05:01:43.000Z","volume":2000,"label":" ","price":2.75},{"type":"A","date":"2018-04-20T05:01:46.000Z","volume":4000,"label":" ","price":2.75},{"type":"A","date":"2018-04-20T05:01:46.000Z","volume":43000,"label":" ","price":2.75},{"type":"A","date":"2018-04-20T05:01:46.000Z","volume":2000,"label":" ","price":2.75},{"type":"B","date":"2018-04-20T05:01:46.000Z","volume":1500,"label":" ","price":2.75},{"type":"B","date":"2018-04-20T05:01:46.000Z","volume":500,"label":" ","price":2.75},{"type":"A","date":"2018-04-20T05:01:52.000Z","volume":3000,"label":" ","price":2.75},{"type":"A","date":"2018-04-20T05:01:54.000Z","volume":20000,"label":" ","price":2.75},{"type":"A","date":"2018-04-20T05:02:06.000Z","volume":47000,"label":" ","price":2.75},{"type":"A","date":"2018-04-20T05:02:06.000Z","volume":11000,"label":" ","price":2.75},{"type":"B","date":"2018-04-20T05:02:06.000Z","volume":9500,"label":" ","price":2.75},{"type":"B","date":"2018-04-20T05:02:06.000Z","volume":8000,"label":" ","price":2.75},{"type":"B","date":"2018-04-20T05:02:06.000Z","volume":7000,"label":" ","price":2.75},{"type":"B","date":"2018-04-20T05:02:06.000Z","volume":6000,"label":" ","price":2.75},{"type":"B","date":"2018-04-20T05:02:06.000Z","volume":5000,"label":" ","price":2.75},{"type":"B","date":"2018-04-20T05:02:06.000Z","volume":4500,"label":" ","price":2.75},{"type":"B","date":"2018-04-20T05:02:06.000Z","volume":2000,"label":" ","price":2.75},{"type":"A","date":"2018-04-20T05:02:06.000Z","volume":2000,"label":" ","price":2.75},{"type":"A","date":"2018-04-20T05:02:11.000Z","volume":34000,"label":" ","price":2.75},{"type":"B","date":"2018-04-20T05:02:45.000Z","volume":2000,"label":" ","price":2.75},{"type":"B","date":"2018-04-20T05:03:43.000Z","volume":89000,"label":" ","price":2.75},{"type":"B","date":"2018-04-20T05:04:39.000Z","volume":100000,"label":" ","price":2.75},{"type":"A","date":"2018-04-20T05:05:32.000Z","volume":3000,"label":" ","price":2.76},{"type":"A","date":"2018-04-20T05:05:45.000Z","volume":26500,"label":" ","price":2.77},{"type":"A","date":"2018-04-20T05:06:58.000Z","volume":1000,"label":" ","price":2.78},{"type":"A","date":"2018-04-20T05:08:12.000Z","volume":1500,"label":" ","price":2.78},{"type":"B","date":"2018-04-20T05:09:30.000Z","volume":9500,"label":" ","price":2.77},{"type":"A","date":"2018-04-20T05:09:30.000Z","volume":500,"label":" ","price":2.77},{"type":"B","date":"2018-04-20T05:11:16.000Z","volume":5000,"label":" ","price":2.77},{"type":"A","date":"2018-04-20T05:11:19.000Z","volume":1000,"label":" ","price":2.77},{"type":"A","date":"2018-04-20T05:14:23.000Z","volume":4000,"label":" ","price":2.77},{"type":"A","date":"2018-04-20T05:14:58.000Z","volume":92000,"label":" ","price":2.78},{"type":"A","date":"2018-04-20T05:15:16.000Z","volume":8000,"label":" ","price":2.79},{"type":"A","date":"2018-04-20T05:15:24.000Z","volume":18000,"label":" ","price":2.79},{"type":"A","date":"2018-04-20T05:15:45.000Z","volume":44500,"label":" ","price":2.79},{"type":"B","date":"2018-04-20T05:15:58.000Z","volume":500,"label":" ","price":2.79},{"type":"A","date":"2018-04-20T05:15:58.000Z","volume":4500,"label":" ","price":2.79},{"type":"A","date":"2018-04-20T05:16:06.000Z","volume":3500,"label":" ","price":2.79},{"type":"A","date":"2018-04-20T05:16:13.000Z","volume":5000,"label":" ","price":2.79},{"type":"A","date":"2018-04-20T05:16:13.000Z","volume":1000,"label":" ","price":2.79},{"type":"A","date":"2018-04-20T05:16:47.000Z","volume":25500,"label":" ","price":2.79},{"type":"A","date":"2018-04-20T05:16:52.000Z","volume":30000,"label":" ","price":2.8},{"type":"A","date":"2018-04-20T05:16:52.000Z","volume":9000,"label":" ","price":2.8},{"type":"A","date":"2018-04-20T05:16:57.000Z","volume":6000,"label":" ","price":2.8},{"type":"A","date":"2018-04-20T05:17:00.000Z","volume":11000,"label":" ","price":2.8},{"type":"B","date":"2018-04-20T05:17:08.000Z","volume":45500,"label":" ","price":2.8},{"type":"B","date":"2018-04-20T05:17:08.000Z","volume":54500,"label":" ","price":2.79},{"type":"B","date":"2018-04-20T05:17:30.000Z","volume":40000,"label":" ","price":2.79},{"type":"B","date":"2018-04-20T05:19:13.000Z","volume":2000,"label":" ","price":2.79},{"type":"A","date":"2018-04-20T05:19:31.000Z","volume":10000,"label":" ","price":2.8},{"type":"A","date":"2018-04-20T05:19:31.000Z","volume":500,"label":" ","price":2.8},{"type":"A","date":"2018-04-20T05:20:14.000Z","volume":10000,"label":" ","price":2.81},{"type":"A","date":"2018-04-20T05:20:52.000Z","volume":15000,"label":" ","price":2.81},{"type":"A","date":"2018-04-20T05:22:22.000Z","volume":27000,"label":" ","price":2.81},{"type":"B","date":"2018-04-20T05:22:41.000Z","volume":3500,"label":" ","price":2.81},{"type":"A","date":"2018-04-20T05:23:51.000Z","volume":500,"label":" ","price":2.81},{"type":"A","date":"2018-04-20T05:25:28.000Z","volume":8000,"label":" ","price":2.81},{"type":"A","date":"2018-04-20T05:26:17.000Z","volume":10000,"label":" ","price":2.82},{"type":"A","date":"2018-04-20T05:26:17.000Z","volume":74500,"label":" ","price":2.83},{"type":"A","date":"2018-04-20T05:26:17.000Z","volume":31500,"label":" ","price":2.83},{"type":"A","date":"2018-04-20T05:26:17.000Z","volume":34000,"label":" ","price":2.83},{"type":"U","date":"2018-04-20T05:26:24.000Z","volume":500,"label":" ","price":2.83},{"type":"A","date":"2018-04-20T05:26:26.000Z","volume":500,"label":" ","price":2.83},{"type":"B","date":"2018-04-20T05:31:26.000Z","volume":13500,"label":" ","price":2.81},{"type":"B","date":"2018-04-20T05:50:26.000Z","volume":500,"label":"Y","price":2.8},{"type":"B","date":"2018-04-20T05:50:26.000Z","volume":25000,"label":" ","price":2.8},{"type":"B","date":"2018-04-20T05:50:26.000Z","volume":1500,"label":"Y","price":2.79},{"type":"B","date":"2018-04-20T05:50:26.000Z","volume":25000,"label":"Y","price":2.79},{"type":"B","date":"2018-04-20T05:50:26.000Z","volume":23000,"label":"Y","price":2.79},{"type":"B","date":"2018-04-20T05:50:26.000Z","volume":20000,"label":"Y","price":2.79},{"type":"B","date":"2018-04-20T05:50:26.000Z","volume":17000,"label":"Y","price":2.79},{"type":"B","date":"2018-04-20T05:50:26.000Z","volume":14500,"label":"Y","price":2.79},{"type":"B","date":"2018-04-20T05:50:26.000Z","volume":12500,"label":"Y","price":2.79},{"type":"B","date":"2018-04-20T05:50:26.000Z","volume":11000,"label":"Y","price":2.79},{"type":"B","date":"2018-04-20T05:50:26.000Z","volume":9000,"label":"Y","price":2.79},{"type":"B","date":"2018-04-20T05:50:26.000Z","volume":8000,"label":"Y","price":2.79},{"type":"B","date":"2018-04-20T05:50:26.000Z","volume":7000,"label":"Y","price":2.79},{"type":"B","date":"2018-04-20T05:50:26.000Z","volume":6000,"label":"Y","price":2.79},{"type":"B","date":"2018-04-20T05:50:26.000Z","volume":5000,"label":"Y","price":2.79},{"type":"B","date":"2018-04-20T05:50:26.000Z","volume":4000,"label":"Y","price":2.79},{"type":"B","date":"2018-04-20T05:50:26.000Z","volume":7500,"label":"Y","price":2.79},{"type":"B","date":"2018-04-20T05:50:26.000Z","volume":6500,"label":"Y","price":2.79},{"type":"B","date":"2018-04-20T05:50:26.000Z","volume":500,"label":"Y","price":2.79},{"type":"B","date":"2018-04-20T05:50:26.000Z","volume":9000,"label":" ","price":2.79},{"type":"B","date":"2018-04-20T05:50:26.000Z","volume":8500,"label":" ","price":2.79},{"type":"B","date":"2018-04-20T05:50:26.000Z","volume":20500,"label":" ","price":2.79},{"type":"B","date":"2018-04-20T05:50:26.000Z","volume":8000,"label":" ","price":2.79},{"type":"B","date":"2018-04-20T05:50:26.000Z","volume":7000,"label":" ","price":2.79},{"type":"B","date":"2018-04-20T05:50:26.000Z","volume":6000,"label":" ","price":2.79},{"type":"B","date":"2018-04-20T05:50:26.000Z","volume":5000,"label":" ","price":2.79},{"type":"B","date":"2018-04-20T05:50:26.000Z","volume":11500,"label":" ","price":2.78},{"type":"B","date":"2018-04-20T05:50:26.000Z","volume":8000,"label":" ","price":2.78},{"type":"B","date":"2018-04-20T05:50:26.000Z","volume":2500,"label":"Y","price":2.78},{"type":"B","date":"2018-04-20T05:50:26.000Z","volume":6000,"label":" ","price":2.78},{"type":"B","date":"2018-04-20T05:50:26.000Z","volume":1000,"label":" ","price":2.78},{"type":"B","date":"2018-04-20T05:50:26.000Z","volume":6000,"label":" ","price":2.78},{"type":"B","date":"2018-04-20T05:50:26.000Z","volume":5000,"label":" ","price":2.77},{"type":"B","date":"2018-04-20T05:50:26.000Z","volume":4500,"label":" ","price":2.77},{"type":"B","date":"2018-04-20T05:50:26.000Z","volume":4000,"label":" ","price":2.77},{"type":"B","date":"2018-04-20T05:50:26.000Z","volume":3000,"label":" ","price":2.77},{"type":"B","date":"2018-04-20T05:50:26.000Z","volume":3000,"label":" ","price":2.77},{"type":"B","date":"2018-04-20T05:50:26.000Z","volume":2500,"label":" ","price":2.77},{"type":"B","date":"2018-04-20T05:50:26.000Z","volume":2000,"label":" ","price":2.77},{"type":"B","date":"2018-04-20T05:50:26.000Z","volume":1500,"label":" ","price":2.77},{"type":"B","date":"2018-04-20T05:50:26.000Z","volume":7000,"label":" ","price":2.77},{"type":"B","date":"2018-04-20T05:50:26.000Z","volume":10500,"label":" ","price":2.76},{"type":"B","date":"2018-04-20T05:50:26.000Z","volume":500,"label":"Y","price":2.76},{"type":"B","date":"2018-04-20T05:50:26.000Z","volume":2500,"label":" ","price":2.76},{"type":"B","date":"2018-04-20T05:50:26.000Z","volume":2500,"label":"Y","price":2.76},{"type":"B","date":"2018-04-20T05:50:26.000Z","volume":8000,"label":" ","price":2.76},{"type":"B","date":"2018-04-20T05:50:26.000Z","volume":3000,"label":" ","price":2.76},{"type":"B","date":"2018-04-20T05:50:26.000Z","volume":9000,"label":" ","price":2.76},{"type":"B","date":"2018-04-20T05:50:26.000Z","volume":2500,"label":" ","price":2.76},{"type":"B","date":"2018-04-20T05:50:26.000Z","volume":2000,"label":"Y","price":2.76},{"type":"B","date":"2018-04-20T05:50:26.000Z","volume":68000,"label":" ","price":2.76},{"type":"B","date":"2018-04-20T05:50:26.000Z","volume":2500,"label":" ","price":2.75},{"type":"B","date":"2018-04-20T05:50:26.000Z","volume":500,"label":" ","price":2.76},{"type":"B","date":"2018-04-20T05:50:26.000Z","volume":1000,"label":" ","price":2.76},{"type":"B","date":"2018-04-20T05:50:26.000Z","volume":500,"label":" ","price":2.76},{"type":"B","date":"2018-04-20T05:50:26.000Z","volume":500,"label":" ","price":2.76},{"type":"B","date":"2018-04-20T05:50:26.000Z","volume":58000,"label":" ","price":2.75},{"type":"B","date":"2018-04-20T05:50:26.000Z","volume":22000,"label":"Y","price":2.75},{"type":"B","date":"2018-04-20T05:50:26.000Z","volume":28000,"label":" ","price":2.75},{"type":"B","date":"2018-04-20T05:50:26.000Z","volume":28000,"label":"Y","price":2.75},{"type":"B","date":"2018-04-20T05:50:26.000Z","volume":267500,"label":" ","price":2.75},{"type":"U","date":"2018-04-20T05:50:26.000Z","volume":17500,"label":" ","price":2.75},{"type":"U","date":"2018-04-20T05:50:26.000Z","volume":37500,"label":" ","price":2.75},{"type":"U","date":"2018-04-20T05:50:26.000Z","volume":37500,"label":" ","price":2.75},{"type":"U","date":"2018-04-20T05:50:26.000Z","volume":12500,"label":" ","price":2.75},{"type":"A","date":"2018-04-20T05:50:28.000Z","volume":25000,"label":" ","price":2.75},{"type":"A","date":"2018-04-20T05:50:32.000Z","volume":38500,"label":" ","price":2.75},{"type":"B","date":"2018-04-20T05:50:32.000Z","volume":9000,"label":" ","price":2.75},{"type":"B","date":"2018-04-20T05:50:32.000Z","volume":8000,"label":" ","price":2.75},{"type":"B","date":"2018-04-20T05:50:32.000Z","volume":7000,"label":" ","price":2.75},{"type":"B","date":"2018-04-20T05:50:32.000Z","volume":6000,"label":" ","price":2.75},{"type":"B","date":"2018-04-20T05:50:32.000Z","volume":5000,"label":" ","price":2.75},{"type":"B","date":"2018-04-20T05:50:32.000Z","volume":5000,"label":" ","price":2.75},{"type":"B","date":"2018-04-20T05:50:32.000Z","volume":4000,"label":" ","price":2.75},{"type":"B","date":"2018-04-20T05:50:32.000Z","volume":3500,"label":" ","price":2.75},{"type":"B","date":"2018-04-20T05:50:32.000Z","volume":3000,"label":" ","price":2.75},{"type":"B","date":"2018-04-20T05:50:32.000Z","volume":2500,"label":" ","price":2.75},{"type":"B","date":"2018-04-20T05:50:32.000Z","volume":2500,"label":" ","price":2.75},{"type":"B","date":"2018-04-20T05:50:32.000Z","volume":2000,"label":" ","price":2.75},{"type":"B","date":"2018-04-20T05:50:32.000Z","volume":1500,"label":" ","price":2.75},{"type":"B","date":"2018-04-20T05:50:32.000Z","volume":1500,"label":" ","price":2.75},{"type":"B","date":"2018-04-20T05:51:51.000Z","volume":101000,"label":" ","price":2.76},{"type":"B","date":"2018-04-20T05:51:51.000Z","volume":57000,"label":" ","price":2.75},{"type":"B","date":"2018-04-20T05:51:51.000Z","volume":15000,"label":" ","price":2.75},{"type":"B","date":"2018-04-20T05:51:51.000Z","volume":13000,"label":" ","price":2.75},{"type":"B","date":"2018-04-20T05:51:51.000Z","volume":11000,"label":" ","price":2.75},{"type":"B","date":"2018-04-20T05:51:51.000Z","volume":9500,"label":" ","price":2.75},{"type":"B","date":"2018-04-20T05:51:51.000Z","volume":8000,"label":" ","price":2.75},{"type":"B","date":"2018-04-20T05:51:51.000Z","volume":5000,"label":" ","price":2.75},{"type":"B","date":"2018-04-20T05:51:51.000Z","volume":500,"label":" ","price":2.75},{"type":"B","date":"2018-04-20T05:51:51.000Z","volume":1500,"label":"Y","price":2.75},{"type":"B","date":"2018-04-20T05:51:51.000Z","volume":4000,"label":" ","price":2.75},{"type":"B","date":"2018-04-20T05:51:51.000Z","volume":3500,"label":"Y","price":2.75},{"type":"B","date":"2018-04-20T05:51:51.000Z","volume":1000,"label":"Y","price":2.75},{"type":"B","date":"2018-04-20T05:51:51.000Z","volume":3500,"label":"Y","price":2.75},{"type":"B","date":"2018-04-20T05:51:51.000Z","volume":4000,"label":"Y","price":2.75},{"type":"B","date":"2018-04-20T05:51:51.000Z","volume":3500,"label":"Y","price":2.75},{"type":"B","date":"2018-04-20T05:51:51.000Z","volume":3000,"label":"Y","price":2.75},{"type":"B","date":"2018-04-20T05:51:51.000Z","volume":2500,"label":" ","price":2.75},{"type":"B","date":"2018-04-20T05:51:51.000Z","volume":2500,"label":" ","price":2.75},{"type":"B","date":"2018-04-20T05:51:51.000Z","volume":10000,"label":" ","price":2.75},{"type":"A","date":"2018-04-20T05:51:52.000Z","volume":38500,"label":" ","price":2.75},{"type":"A","date":"2018-04-20T05:51:56.000Z","volume":38500,"label":" ","price":2.75},{"type":"B","date":"2018-04-20T05:51:56.000Z","volume":9500,"label":" ","price":2.75},{"type":"B","date":"2018-04-20T05:51:56.000Z","volume":8000,"label":" ","price":2.75},{"type":"B","date":"2018-04-20T05:51:56.000Z","volume":7000,"label":" ","price":2.75},{"type":"B","date":"2018-04-20T05:51:56.000Z","volume":6000,"label":" ","price":2.75},{"type":"B","date":"2018-04-20T05:51:56.000Z","volume":5000,"label":" ","price":2.75},{"type":"B","date":"2018-04-20T05:51:56.000Z","volume":4000,"label":" ","price":2.75},{"type":"B","date":"2018-04-20T05:51:56.000Z","volume":3500,"label":" ","price":2.75},{"type":"B","date":"2018-04-20T05:51:56.000Z","volume":3000,"label":" ","price":2.75},{"type":"B","date":"2018-04-20T05:51:56.000Z","volume":2500,"label":" ","price":2.75},{"type":"B","date":"2018-04-20T05:51:56.000Z","volume":2500,"label":" ","price":2.75},{"type":"B","date":"2018-04-20T05:51:56.000Z","volume":2000,"label":" ","price":2.75},{"type":"B","date":"2018-04-20T05:51:56.000Z","volume":1500,"label":" ","price":2.75},{"type":"B","date":"2018-04-20T05:51:56.000Z","volume":1500,"label":" ","price":2.75},{"type":"B","date":"2018-04-20T05:51:56.000Z","volume":1500,"label":" ","price":2.75},{"type":"B","date":"2018-04-20T05:51:56.000Z","volume":1000,"label":" ","price":2.75},{"type":"B","date":"2018-04-20T05:51:56.000Z","volume":1000,"label":" ","price":2.75},{"type":"B","date":"2018-04-20T05:51:56.000Z","volume":1000,"label":" ","price":2.75},{"type":"B","date":"2018-04-20T05:51:56.000Z","volume":500,"label":" ","price":2.75},{"type":"B","date":"2018-04-20T05:51:56.000Z","volume":500,"label":" ","price":2.75},{"type":"A","date":"2018-04-20T05:51:56.000Z","volume":37500,"label":" ","price":2.75},{"type":"B","date":"2018-04-20T05:51:56.000Z","volume":500,"label":" ","price":2.75},{"type":"B","date":"2018-04-20T05:51:56.000Z","volume":500,"label":" ","price":2.75},{"type":"A","date":"2018-04-20T05:51:59.000Z","volume":38500,"label":" ","price":2.75},{"type":"B","date":"2018-04-20T05:51:59.000Z","volume":9500,"label":" ","price":2.75},{"type":"B","date":"2018-04-20T05:51:59.000Z","volume":8000,"label":" ","price":2.75},{"type":"B","date":"2018-04-20T05:51:59.000Z","volume":7000,"label":" ","price":2.75},{"type":"B","date":"2018-04-20T05:51:59.000Z","volume":6000,"label":" ","price":2.75},{"type":"B","date":"2018-04-20T05:51:59.000Z","volume":5000,"label":" ","price":2.75},{"type":"B","date":"2018-04-20T05:51:59.000Z","volume":4000,"label":" ","price":2.75},{"type":"B","date":"2018-04-20T05:51:59.000Z","volume":3500,"label":" ","price":2.75},{"type":"B","date":"2018-04-20T05:51:59.000Z","volume":3000,"label":" ","price":2.75},{"type":"B","date":"2018-04-20T05:51:59.000Z","volume":2500,"label":" ","price":2.75},{"type":"B","date":"2018-04-20T05:51:59.000Z","volume":2500,"label":" ","price":2.75},{"type":"B","date":"2018-04-20T05:51:59.000Z","volume":2000,"label":" ","price":2.75},{"type":"B","date":"2018-04-20T05:51:59.000Z","volume":1500,"label":" ","price":2.75},{"type":"B","date":"2018-04-20T05:51:59.000Z","volume":1500,"label":" ","price":2.75},{"type":"B","date":"2018-04-20T05:51:59.000Z","volume":1500,"label":" ","price":2.75},{"type":"B","date":"2018-04-20T05:51:59.000Z","volume":1000,"label":" ","price":2.75},{"type":"B","date":"2018-04-20T05:51:59.000Z","volume":1000,"label":" ","price":2.75},{"type":"B","date":"2018-04-20T05:51:59.000Z","volume":1000,"label":" ","price":2.75},{"type":"B","date":"2018-04-20T05:51:59.000Z","volume":500,"label":" ","price":2.75},{"type":"B","date":"2018-04-20T05:51:59.000Z","volume":500,"label":" ","price":2.75},{"type":"A","date":"2018-04-20T05:52:01.000Z","volume":37500,"label":" ","price":2.75},{"type":"A","date":"2018-04-20T05:52:01.000Z","volume":9500,"label":" ","price":2.75},{"type":"B","date":"2018-04-20T05:52:01.000Z","volume":8000,"label":" ","price":2.75},{"type":"B","date":"2018-04-20T05:52:01.000Z","volume":7000,"label":" ","price":2.75},{"type":"B","date":"2018-04-20T05:52:01.000Z","volume":6000,"label":" ","price":2.75},{"type":"B","date":"2018-04-20T05:52:01.000Z","volume":5000,"label":" ","price":2.75},{"type":"B","date":"2018-04-20T05:52:01.000Z","volume":4500,"label":" ","price":2.75},{"type":"B","date":"2018-04-20T05:52:01.000Z","volume":3500,"label":" ","price":2.75},{"type":"B","date":"2018-04-20T05:52:01.000Z","volume":3000,"label":" ","price":2.75},{"type":"B","date":"2018-04-20T05:52:01.000Z","volume":3000,"label":" ","price":2.75},{"type":"B","date":"2018-04-20T05:52:01.000Z","volume":2500,"label":" ","price":2.75},{"type":"B","date":"2018-04-20T05:52:01.000Z","volume":2000,"label":" ","price":2.75},{"type":"B","date":"2018-04-20T05:52:01.000Z","volume":1500,"label":" ","price":2.75},{"type":"B","date":"2018-04-20T05:52:01.000Z","volume":1500,"label":" ","price":2.75},{"type":"B","date":"2018-04-20T05:52:01.000Z","volume":1500,"label":" ","price":2.75},{"type":"B","date":"2018-04-20T05:52:01.000Z","volume":1000,"label":" ","price":2.75},{"type":"B","date":"2018-04-20T05:52:01.000Z","volume":1000,"label":" ","price":2.75},{"type":"B","date":"2018-04-20T05:52:01.000Z","volume":1000,"label":" ","price":2.75},{"type":"B","date":"2018-04-20T05:52:01.000Z","volume":500,"label":" ","price":2.75},{"type":"B","date":"2018-04-20T05:52:01.000Z","volume":500,"label":" ","price":2.75},{"type":"A","date":"2018-04-20T05:52:02.000Z","volume":5000,"label":" ","price":2.75},{"type":"A","date":"2018-04-20T05:52:03.000Z","volume":37500,"label":" ","price":2.75},{"type":"A","date":"2018-04-20T05:52:04.000Z","volume":37500,"label":" ","price":2.75},{"type":"A","date":"2018-04-20T05:52:04.000Z","volume":9500,"label":" ","price":2.75},{"type":"A","date":"2018-04-20T05:52:04.000Z","volume":8000,"label":" ","price":2.75},{"type":"B","date":"2018-04-20T05:52:04.000Z","volume":7000,"label":" ","price":2.75},{"type":"B","date":"2018-04-20T05:52:04.000Z","volume":6000,"label":" ","price":2.75},{"type":"B","date":"2018-04-20T05:52:04.000Z","volume":5000,"label":" ","price":2.75},{"type":"B","date":"2018-04-20T05:52:04.000Z","volume":4500,"label":" ","price":2.75},{"type":"B","date":"2018-04-20T05:52:04.000Z","volume":3500,"label":" ","price":2.75},{"type":"B","date":"2018-04-20T05:52:04.000Z","volume":3000,"label":" ","price":2.75},{"type":"B","date":"2018-04-20T05:52:04.000Z","volume":3000,"label":" ","price":2.75},{"type":"B","date":"2018-04-20T05:52:20.000Z","volume":100500,"label":" ","price":2.75},{"type":"A","date":"2018-04-20T05:52:21.000Z","volume":10000,"label":" ","price":2.75},{"type":"A","date":"2018-04-20T05:52:22.000Z","volume":37500,"label":" ","price":2.75},{"type":"A","date":"2018-04-20T05:52:22.000Z","volume":6500,"label":" ","price":2.75},{"type":"B","date":"2018-04-20T05:53:43.000Z","volume":20000,"label":" ","price":2.77},{"type":"B","date":"2018-04-20T05:54:38.000Z","volume":30000,"label":" ","price":2.77},{"type":"B","date":"2018-04-20T05:55:02.000Z","volume":20000,"label":"Y","price":2.76},{"type":"B","date":"2018-04-20T05:55:02.000Z","volume":12000,"label":" ","price":2.76},{"type":"B","date":"2018-04-20T05:55:29.000Z","volume":92000,"label":" ","price":2.76},{"type":"B","date":"2018-04-20T05:56:08.000Z","volume":38000,"label":" ","price":2.76},{"type":"B","date":"2018-04-20T05:57:52.000Z","volume":80000,"label":" ","price":2.76},{"type":"B","date":"2018-04-20T05:59:40.000Z","volume":36000,"label":" ","price":2.76},{"type":"B","date":"2018-04-20T06:00:25.000Z","volume":84000,"label":" ","price":2.76},{"type":"B","date":"2018-04-20T06:01:16.000Z","volume":100000,"label":" ","price":2.76},{"type":"B","date":"2018-04-20T06:02:13.000Z","volume":12000,"label":" ","price":2.76},{"type":"B","date":"2018-04-20T06:02:13.000Z","volume":188000,"label":" ","price":2.75},{"type":"B","date":"2018-04-20T06:02:43.000Z","volume":28000,"label":" ","price":2.76},{"type":"B","date":"2018-04-20T06:02:52.000Z","volume":172000,"label":" ","price":2.75},{"type":"B","date":"2018-04-20T06:03:16.000Z","volume":200000,"label":" ","price":2.75},{"type":"B","date":"2018-04-20T06:03:38.000Z","volume":190000,"label":" ","price":2.75},{"type":"B","date":"2018-04-20T06:03:45.000Z","volume":10000,"label":" ","price":2.75},{"type":"B","date":"2018-04-20T06:04:02.000Z","volume":500,"label":" ","price":2.76},{"type":"B","date":"2018-04-20T06:04:53.000Z","volume":200000,"label":" ","price":2.75},{"type":"B","date":"2018-04-20T06:06:38.000Z","volume":49000,"label":" ","price":2.76},{"type":"B","date":"2018-04-20T06:06:47.000Z","volume":151000,"label":" ","price":2.75},{"type":"B","date":"2018-04-20T06:06:47.000Z","volume":59500,"label":" ","price":2.75},{"type":"B","date":"2018-04-20T06:06:54.000Z","volume":189500,"label":" ","price":2.75},{"type":"A","date":"2018-04-20T06:06:59.000Z","volume":10500,"label":" ","price":2.75},{"type":"B","date":"2018-04-20T06:07:20.000Z","volume":10000,"label":" ","price":2.76},{"type":"B","date":"2018-04-20T06:07:25.000Z","volume":129500,"label":" ","price":2.75},{"type":"B","date":"2018-04-20T06:07:25.000Z","volume":4500,"label":" ","price":2.75},{"type":"A","date":"2018-04-20T06:07:29.000Z","volume":66000,"label":" ","price":2.75},{"type":"B","date":"2018-04-20T06:08:14.000Z","volume":171000,"label":" ","price":2.75},{"type":"B","date":"2018-04-20T06:08:14.000Z","volume":270000,"label":" ","price":2.74},{"type":"A","date":"2018-04-20T06:12:44.000Z","volume":2000,"label":" ","price":2.77},{"type":"B","date":"2018-04-20T06:14:15.000Z","volume":23000,"label":" ","price":2.76},{"type":"B","date":"2018-04-20T06:14:20.000Z","volume":200000,"label":" ","price":2.75},{"type":"B","date":"2018-04-20T06:14:24.000Z","volume":140000,"label":" ","price":2.75},{"type":"B","date":"2018-04-20T06:14:30.000Z","volume":100000,"label":" ","price":2.75},{"type":"B","date":"2018-04-20T06:14:34.000Z","volume":120000,"label":" ","price":2.75},{"type":"A","date":"2018-04-20T06:14:38.000Z","volume":6000,"label":" ","price":2.77},{"type":"B","date":"2018-04-20T06:14:43.000Z","volume":4000,"label":"Y","price":2.75},{"type":"B","date":"2018-04-20T06:14:43.000Z","volume":108000,"label":" ","price":2.75},{"type":"B","date":"2018-04-20T06:14:53.000Z","volume":120000,"label":" ","price":2.75},{"type":"B","date":"2018-04-20T06:14:57.000Z","volume":100000,"label":" ","price":2.74},{"type":"A","date":"2018-04-20T06:15:01.000Z","volume":3000,"label":" ","price":2.77},{"type":"B","date":"2018-04-20T06:15:02.000Z","volume":500,"label":" ","price":2.76},{"type":"B","date":"2018-04-20T06:15:07.000Z","volume":1500,"label":" ","price":2.76},{"type":"B","date":"2018-04-20T06:15:10.000Z","volume":105000,"label":" ","price":2.75},{"type":"B","date":"2018-04-20T06:15:14.000Z","volume":100000,"label":" ","price":2.74},{"type":"B","date":"2018-04-20T06:18:30.000Z","volume":100000,"label":" ","price":2.75},{"type":"B","date":"2018-04-20T06:18:33.000Z","volume":100000,"label":" ","price":2.75},{"type":"B","date":"2018-04-20T06:18:35.000Z","volume":100000,"label":" ","price":2.75},{"type":"B","date":"2018-04-20T06:18:49.000Z","volume":71500,"label":" ","price":2.75},{"type":"A","date":"2018-04-20T06:18:51.000Z","volume":28500,"label":" ","price":2.75},{"type":"B","date":"2018-04-20T06:18:59.000Z","volume":71500,"label":" ","price":2.75},{"type":"B","date":"2018-04-20T06:19:01.000Z","volume":100000,"label":" ","price":2.74},{"type":"A","date":"2018-04-20T06:19:04.000Z","volume":25000,"label":" ","price":2.75},{"type":"A","date":"2018-04-20T06:19:04.000Z","volume":3500,"label":" ","price":2.75},{"type":"B","date":"2018-04-20T06:19:39.000Z","volume":100000,"label":" ","price":2.75},{"type":"B","date":"2018-04-20T06:19:42.000Z","volume":100000,"label":" ","price":2.75},{"type":"B","date":"2018-04-20T06:19:50.000Z","volume":16500,"label":" ","price":2.75},{"type":"A","date":"2018-04-20T06:19:50.000Z","volume":1000,"label":" ","price":2.75},{"type":"A","date":"2018-04-20T06:19:51.000Z","volume":82500,"label":" ","price":2.75},{"type":"B","date":"2018-04-20T06:19:57.000Z","volume":17500,"label":" ","price":2.75},{"type":"A","date":"2018-04-20T06:19:57.000Z","volume":2500,"label":" ","price":2.75},{"type":"A","date":"2018-04-20T06:20:00.000Z","volume":80000,"label":" ","price":2.75},{"type":"B","date":"2018-04-20T06:20:09.000Z","volume":30000,"label":" ","price":2.75},{"type":"B","date":"2018-04-20T06:20:34.000Z","volume":13500,"label":" ","price":2.76},{"type":"B","date":"2018-04-20T06:20:34.000Z","volume":139000,"label":" ","price":2.75},{"type":"B","date":"2018-04-20T06:20:34.000Z","volume":147500,"label":" ","price":2.74},{"type":"B","date":"2018-04-20T06:21:09.000Z","volume":116000,"label":" ","price":2.76},{"type":"B","date":"2018-04-20T06:21:09.000Z","volume":184000,"label":" ","price":2.75},{"type":"B","date":"2018-04-20T06:21:39.000Z","volume":200000,"label":" ","price":2.75},{"type":"B","date":"2018-04-20T06:21:52.000Z","volume":27000,"label":" ","price":2.75},{"type":"A","date":"2018-04-20T06:21:52.000Z","volume":2000,"label":" ","price":2.75},{"type":"A","date":"2018-04-20T06:21:53.000Z","volume":1000,"label":" ","price":2.75},{"type":"B","date":"2018-04-20T06:22:04.000Z","volume":107500,"label":" ","price":2.75},{"type":"A","date":"2018-04-20T06:22:07.000Z","volume":92500,"label":" ","price":2.75},{"type":"B","date":"2018-04-20T06:22:13.000Z","volume":9000,"label":" ","price":2.75},{"type":"B","date":"2018-04-20T06:22:16.000Z","volume":200000,"label":" ","price":2.74},{"type":"B","date":"2018-04-20T06:22:19.000Z","volume":144500,"label":" ","price":2.74},{"type":"B","date":"2018-04-20T06:22:19.000Z","volume":2500,"label":" ","price":2.74},{"type":"A","date":"2018-04-20T06:22:23.000Z","volume":53000,"label":" ","price":2.74},{"type":"A","date":"2018-04-20T06:22:29.000Z","volume":100000,"label":" ","price":2.75},{"type":"A","date":"2018-04-20T06:22:35.000Z","volume":20000,"label":" ","price":2.75},{"type":"B","date":"2018-04-20T06:22:35.000Z","volume":7000,"label":" ","price":2.74},{"type":"A","date":"2018-04-20T06:22:39.000Z","volume":74500,"label":" ","price":2.75},{"type":"B","date":"2018-04-20T06:26:08.000Z","volume":173000,"label":" ","price":2.75},{"type":"A","date":"2018-04-20T06:26:08.000Z","volume":3500,"label":" ","price":2.75},{"type":"A","date":"2018-04-20T06:26:13.000Z","volume":23500,"label":" ","price":2.75},{"type":"B","date":"2018-04-20T06:26:20.000Z","volume":92500,"label":" ","price":2.75},{"type":"A","date":"2018-04-20T06:26:23.000Z","volume":100000,"label":" ","price":2.75},{"type":"A","date":"2018-04-20T06:26:23.000Z","volume":7500,"label":" ","price":2.75},{"type":"B","date":"2018-04-20T06:26:40.000Z","volume":110000,"label":" ","price":2.75},{"type":"B","date":"2018-04-20T06:26:45.000Z","volume":100000,"label":" ","price":2.75},{"type":"B","date":"2018-04-20T06:26:55.000Z","volume":100000,"label":" ","price":2.75},{"type":"B","date":"2018-04-20T06:27:07.000Z","volume":120000,"label":" ","price":2.75},{"type":"B","date":"2018-04-20T06:28:52.000Z","volume":200000,"label":" ","price":2.75},{"type":"B","date":"2018-04-20T06:28:54.000Z","volume":162000,"label":" ","price":2.75},{"type":"B","date":"2018-04-20T06:28:54.000Z","volume":10500,"label":" ","price":2.75},{"type":"A","date":"2018-04-20T06:28:54.000Z","volume":27500,"label":" ","price":2.75},{"type":"B","date":"2018-04-20T06:29:18.000Z","volume":277500,"label":" ","price":2.75},{"type":"A","date":"2018-04-20T06:29:19.000Z","volume":22500,"label":" ","price":2.75},{"type":"B","date":"2018-04-20T06:29:25.000Z","volume":77500,"label":" ","price":2.75},{"type":"B","date":"2018-04-20T06:29:25.000Z","volume":222500,"label":" ","price":2.74},{"type":"A","date":"2018-04-20T06:30:04.000Z","volume":7000,"label":" ","price":2.76},{"type":"A","date":"2018-04-20T06:30:04.000Z","volume":7000,"label":" ","price":2.76},{"type":"A","date":"2018-04-20T06:30:11.000Z","volume":6500,"label":" ","price":2.76},{"type":"A","date":"2018-04-20T06:30:14.000Z","volume":2000,"label":" ","price":2.76},{"type":"A","date":"2018-04-20T06:30:19.000Z","volume":4000,"label":" ","price":2.76},{"type":"B","date":"2018-04-20T06:30:35.000Z","volume":6000,"label":" ","price":2.76},{"type":"B","date":"2018-04-20T06:30:35.000Z","volume":167000,"label":" ","price":2.75},{"type":"B","date":"2018-04-20T06:30:35.000Z","volume":127000,"label":" ","price":2.74},{"type":"B","date":"2018-04-20T06:30:44.000Z","volume":20000,"label":" ","price":2.75},{"type":"B","date":"2018-04-20T06:32:11.000Z","volume":4000,"label":" ","price":2.76},{"type":"B","date":"2018-04-20T06:32:52.000Z","volume":18000,"label":" ","price":2.76},{"type":"B","date":"2018-04-20T06:32:52.000Z","volume":82000,"label":" ","price":2.75},{"type":"B","date":"2018-04-20T06:35:19.000Z","volume":16500,"label":" ","price":2.76},{"type":"B","date":"2018-04-20T06:35:19.000Z","volume":83500,"label":" ","price":2.75},{"type":"B","date":"2018-04-20T06:36:36.000Z","volume":59500,"label":" ","price":2.76},{"type":"B","date":"2018-04-20T06:36:36.000Z","volume":40500,"label":" ","price":2.75},{"type":"B","date":"2018-04-20T06:37:13.000Z","volume":10000,"label":" ","price":2.76},{"type":"A","date":"2018-04-20T06:38:09.000Z","volume":20000,"label":" ","price":2.77},{"type":"A","date":"2018-04-20T06:38:09.000Z","volume":7000,"label":" ","price":2.77},{"type":"B","date":"2018-04-20T06:38:22.000Z","volume":56000,"label":" ","price":2.76},{"type":"B","date":"2018-04-20T06:38:53.000Z","volume":74500,"label":" ","price":2.76},{"type":"B","date":"2018-04-20T06:38:53.000Z","volume":25500,"label":" ","price":2.75},{"type":"B","date":"2018-04-20T06:39:50.000Z","volume":100000,"label":" ","price":2.75},{"type":"A","date":"2018-04-20T06:43:56.000Z","volume":7000,"label":" ","price":2.77},{"type":"A","date":"2018-04-20T06:45:28.000Z","volume":20000,"label":" ","price":2.79},{"type":"A","date":"2018-04-20T06:45:35.000Z","volume":115000,"label":" ","price":2.8},{"type":"B","date":"2018-04-20T06:45:35.000Z","volume":35000,"label":" ","price":2.8},{"type":"A","date":"2018-04-20T06:46:01.000Z","volume":29500,"label":" ","price":2.8},{"type":"A","date":"2018-04-20T06:46:01.000Z","volume":500,"label":" ","price":2.8},{"type":"A","date":"2018-04-20T06:53:18.000Z","volume":12000,"label":" ","price":2.8},{"type":"A","date":"2018-04-20T06:53:43.000Z","volume":87000,"label":" ","price":2.8},{"type":"B","date":"2018-04-20T06:54:04.000Z","volume":13000,"label":" ","price":2.8},{"type":"A","date":"2018-04-20T06:54:04.000Z","volume":2000,"label":" ","price":2.8},{"type":"A","date":"2018-04-20T07:01:17.000Z","volume":19000,"label":" ","price":2.79},{"type":"B","date":"2018-04-20T07:02:00.000Z","volume":31000,"label":" ","price":2.79},{"type":"A","date":"2018-04-20T07:02:10.000Z","volume":23000,"label":" ","price":2.79},{"type":"B","date":"2018-04-20T07:03:13.000Z","volume":10000,"label":" ","price":2.79},{"type":"B","date":"2018-04-20T07:03:47.000Z","volume":10000,"label":" ","price":2.79},{"type":"B","date":"2018-04-20T07:04:05.000Z","volume":15500,"label":" ","price":2.79},{"type":"A","date":"2018-04-20T07:04:05.000Z","volume":500,"label":" ","price":2.79},{"type":"A","date":"2018-04-20T07:04:25.000Z","volume":10000,"label":" ","price":2.79},{"type":"A","date":"2018-04-20T07:06:53.000Z","volume":11500,"label":" ","price":2.79},{"type":"B","date":"2018-04-20T07:10:21.000Z","volume":4000,"label":" ","price":2.79},{"type":"A","date":"2018-04-20T07:10:33.000Z","volume":11000,"label":" ","price":2.8},{"type":"B","date":"2018-04-20T07:10:41.000Z","volume":1000,"label":" ","price":2.79},{"type":"A","date":"2018-04-20T07:11:25.000Z","volume":3000,"label":"Y","price":2.8},{"type":"A","date":"2018-04-20T07:11:25.000Z","volume":149500,"label":" ","price":2.8},{"type":"B","date":"2018-04-20T07:13:00.000Z","volume":50000,"label":" ","price":2.8},{"type":"B","date":"2018-04-20T07:13:05.000Z","volume":4500,"label":" ","price":2.8},{"type":"B","date":"2018-04-20T07:13:05.000Z","volume":2000,"label":" ","price":2.8},{"type":"A","date":"2018-04-20T07:13:18.000Z","volume":3000,"label":" ","price":2.8},{"type":"A","date":"2018-04-20T07:13:34.000Z","volume":10000,"label":" ","price":2.81},{"type":"B","date":"2018-04-20T07:13:37.000Z","volume":150000,"label":" ","price":2.8},{"type":"B","date":"2018-04-20T07:14:44.000Z","volume":30000,"label":" ","price":2.8},{"type":"A","date":"2018-04-20T07:14:44.000Z","volume":7500,"label":" ","price":2.8},{"type":"A","date":"2018-04-20T07:14:44.000Z","volume":2500,"label":" ","price":2.8},{"type":"B","date":"2018-04-20T07:15:08.000Z","volume":20000,"label":" ","price":2.8},{"type":"B","date":"2018-04-20T07:19:33.000Z","volume":8000,"label":" ","price":2.8},{"type":"B","date":"2018-04-20T07:19:33.000Z","volume":4500,"label":" ","price":2.79},{"type":"B","date":"2018-04-20T07:20:35.000Z","volume":15000,"label":" ","price":2.8},{"type":"B","date":"2018-04-20T07:20:43.000Z","volume":4000,"label":" ","price":2.8},{"type":"B","date":"2018-04-20T07:22:37.000Z","volume":4000,"label":" ","price":2.8},{"type":"B","date":"2018-04-20T07:23:16.000Z","volume":2000,"label":" ","price":2.8},{"type":"B","date":"2018-04-20T07:24:02.000Z","volume":80000,"label":" ","price":2.8},{"type":"A","date":"2018-04-20T07:24:33.000Z","volume":26500,"label":" ","price":2.81},{"type":"B","date":"2018-04-20T07:24:33.000Z","volume":3500,"label":" ","price":2.79},{"type":"B","date":"2018-04-20T07:25:40.000Z","volume":2500,"label":" ","price":2.79},{"type":"B","date":"2018-04-20T07:27:36.000Z","volume":4500,"label":" ","price":2.79},{"type":"B","date":"2018-04-20T07:27:48.000Z","volume":500,"label":" ","price":2.79},{"type":"B","date":"2018-04-20T07:29:37.000Z","volume":7000,"label":" ","price":2.8},{"type":"B","date":"2018-04-20T07:30:42.000Z","volume":4000,"label":" ","price":2.8},{"type":"A","date":"2018-04-20T07:31:01.000Z","volume":10000,"label":" ","price":2.81},{"type":"B","date":"2018-04-20T07:32:49.000Z","volume":8500,"label":" ","price":2.8},{"type":"A","date":"2018-04-20T07:33:02.000Z","volume":50000,"label":" ","price":2.81},{"type":"A","date":"2018-04-20T07:33:02.000Z","volume":9500,"label":" ","price":2.81},{"type":"A","date":"2018-04-20T07:33:39.000Z","volume":1000,"label":"Y","price":2.81},{"type":"A","date":"2018-04-20T07:33:39.000Z","volume":20000,"label":" ","price":2.81},{"type":"A","date":"2018-04-20T07:33:39.000Z","volume":79000,"label":" ","price":2.82},{"type":"A","date":"2018-04-20T07:33:43.000Z","volume":2000,"label":" ","price":2.82},{"type":"A","date":"2018-04-20T07:34:06.000Z","volume":13000,"label":" ","price":2.82},{"type":"A","date":"2018-04-20T07:39:16.000Z","volume":4000,"label":"Y","price":2.82},{"type":"A","date":"2018-04-20T07:39:16.000Z","volume":15500,"label":" ","price":2.82},{"type":"A","date":"2018-04-20T07:39:39.000Z","volume":1000,"label":" ","price":2.82},{"type":"B","date":"2018-04-20T07:40:41.000Z","volume":1000,"label":" ","price":2.8},{"type":"B","date":"2018-04-20T07:41:16.000Z","volume":3000,"label":" ","price":2.81},{"type":"B","date":"2018-04-20T07:41:46.000Z","volume":10000,"label":"Y","price":2.8},{"type":"B","date":"2018-04-20T07:41:46.000Z","volume":447000,"label":" ","price":2.8},{"type":"B","date":"2018-04-20T07:43:33.000Z","volume":500,"label":" ","price":2.8},{"type":"B","date":"2018-04-20T07:44:13.000Z","volume":5000,"label":" ","price":2.8},{"type":"B","date":"2018-04-20T07:44:47.000Z","volume":7000,"label":" ","price":2.8},{"type":"B","date":"2018-04-20T07:45:40.000Z","volume":2000,"label":" ","price":2.8},{"type":"B","date":"2018-04-20T07:45:41.000Z","volume":2000,"label":" ","price":2.8},{"type":"B","date":"2018-04-20T07:45:47.000Z","volume":47000,"label":" ","price":2.8},{"type":"B","date":"2018-04-20T07:48:19.000Z","volume":11000,"label":" ","price":2.79},{"type":"A","date":"2018-04-20T07:49:47.000Z","volume":2500,"label":" ","price":2.8},{"type":"B","date":"2018-04-20T07:50:10.000Z","volume":8000,"label":" ","price":2.79},{"type":"B","date":"2018-04-20T07:50:33.000Z","volume":500,"label":" ","price":2.79},{"type":"B","date":"2018-04-20T07:50:47.000Z","volume":2500,"label":" ","price":2.79},{"type":"A","date":"2018-04-20T07:51:56.000Z","volume":4000,"label":" ","price":2.8},{"type":"B","date":"2018-04-20T07:52:51.000Z","volume":16000,"label":" ","price":2.8},{"type":"A","date":"2018-04-20T07:53:52.000Z","volume":30000,"label":" ","price":2.8},{"type":"B","date":"2018-04-20T07:53:52.000Z","volume":7000,"label":" ","price":2.79},{"type":"A","date":"2018-04-20T07:53:53.000Z","volume":4000,"label":" ","price":2.8},{"type":"A","date":"2018-04-20T07:54:28.000Z","volume":21000,"label":"Y","price":2.81},{"type":"B","date":"2018-04-20T07:54:41.000Z","volume":24000,"label":" ","price":2.8},{"type":"B","date":"2018-04-20T07:55:43.000Z","volume":7000,"label":" ","price":2.79},{"type":"A","date":"2018-04-20T07:57:14.000Z","volume":10000,"label":" ","price":2.8},{"type":"A","date":"2018-04-20T07:57:18.000Z","volume":12000,"label":" ","price":2.8},{"type":"B","date":"2018-04-20T07:57:25.000Z","volume":10000,"label":" ","price":2.8},{"type":"B","date":"2018-04-20T07:58:00.000Z","volume":500,"label":" ","price":2.79},{"type":"B","date":"2018-04-20T07:58:14.000Z","volume":6000,"label":" ","price":2.79},{"type":"B","date":"2018-04-20T07:58:39.000Z","volume":6000,"label":" ","price":2.79},{"type":"B","date":"2018-04-20T07:58:50.000Z","volume":18500,"label":" ","price":2.79},{"type":"A","date":"2018-04-20T07:59:06.000Z","volume":1500,"label":" ","price":2.79},{"type":"B","date":"2018-04-20T07:59:10.000Z","volume":6500,"label":" ","price":2.79},{"type":"B","date":"2018-04-20T07:59:20.000Z","volume":6500,"label":" ","price":2.79},{"type":"B","date":"2018-04-20T07:59:35.000Z","volume":5500,"label":" ","price":2.79},{"type":"B","date":"2018-04-20T07:59:35.000Z","volume":500,"label":" ","price":2.78},{"type":"U","date":"2018-04-20T07:59:47.000Z","volume":500,"label":" ","price":2.79},{"type":"A","date":"2018-04-20T07:59:57.000Z","volume":10000,"label":" ","price":2.8},{"type":"A","date":"2018-04-20T07:59:59.000Z","volume":10000,"label":" ","price":2.8}]