[{"type":"B","date":"2018-04-16T01:31:02.000Z","volume":2000,"label":" ","price":1.77},{"type":"B","date":"2018-04-16T01:32:21.000Z","volume":2000,"label":" ","price":1.77},{"type":"A","date":"2018-04-16T01:36:14.000Z","volume":2000,"label":" ","price":1.86},{"type":"A","date":"2018-04-16T01:41:50.000Z","volume":130000,"label":" ","price":1.82},{"type":"B","date":"2018-04-16T01:41:54.000Z","volume":2000,"label":" ","price":1.77},{"type":"B","date":"2018-04-16T01:42:37.000Z","volume":2000,"label":" ","price":1.77},{"type":"B","date":"2018-04-16T01:45:07.000Z","volume":4000,"label":" ","price":1.77},{"type":"B","date":"2018-04-16T01:45:07.000Z","volume":16000,"label":" ","price":1.77},{"type":"A","date":"2018-04-16T01:58:11.000Z","volume":2000,"label":" ","price":1.85},{"type":"A","date":"2018-04-16T01:59:36.000Z","volume":130000,"label":" ","price":1.84},{"type":"A","date":"2018-04-16T02:22:56.000Z","volume":20000,"label":" ","price":1.81},{"type":"A","date":"2018-04-16T02:28:57.000Z","volume":130000,"label":" ","price":1.8},{"type":"A","date":"2018-04-16T02:48:22.000Z","volume":2000,"label":" ","price":1.8},{"type":"A","date":"2018-04-16T02:50:03.000Z","volume":130000,"label":" ","price":1.79},{"type":"A","date":"2018-04-16T02:56:56.000Z","volume":50000,"label":" ","price":1.79},{"type":"A","date":"2018-04-16T02:56:59.000Z","volume":80000,"label":" ","price":1.79},{"type":"A","date":"2018-04-16T03:10:12.000Z","volume":2000,"label":" ","price":1.8},{"type":"A","date":"2018-04-16T03:33:38.000Z","volume":10000,"label":" ","price":1.8},{"type":"A","date":"2018-04-16T03:38:30.000Z","volume":50000,"label":" ","price":1.79},{"type":"A","date":"2018-04-16T03:43:26.000Z","volume":2000,"label":" ","price":1.8},{"type":"A","date":"2018-04-16T03:51:30.000Z","volume":60000,"label":" ","price":1.78},{"type":"A","date":"2018-04-16T03:51:33.000Z","volume":70000,"label":" ","price":1.78},{"type":"A","date":"2018-04-16T03:56:09.000Z","volume":2000,"label":" ","price":1.8},{"type":"A","date":"2018-04-16T05:06:05.000Z","volume":70000,"label":" ","price":1.79},{"type":"A","date":"2018-04-16T05:24:08.000Z","volume":2000,"label":" ","price":1.8},{"type":"A","date":"2018-04-16T05:44:21.000Z","volume":60000,"label":" ","price":1.79},{"type":"B","date":"2018-04-16T05:51:12.000Z","volume":2000,"label":" ","price":1.77},{"type":"A","date":"2018-04-16T06:05:05.000Z","volume":2000,"label":" ","price":1.79},{"type":"A","date":"2018-04-16T06:35:55.000Z","volume":20000,"label":" ","price":1.79},{"type":"A","date":"2018-04-16T06:51:11.000Z","volume":130000,"label":" ","price":1.79},{"type":"A","date":"2018-04-16T07:17:26.000Z","volume":2000,"label":" ","price":1.8},{"type":"A","date":"2018-04-16T07:41:45.000Z","volume":2000,"label":" ","price":1.8},{"type":"A","date":"2018-04-16T07:50:55.000Z","volume":2000,"label":" ","price":1.8},{"type":"A","date":"2018-04-16T07:57:48.000Z","volume":2000,"label":" ","price":1.8}]