[{"type":"A","date":"2018-04-24T01:30:03.000Z","volume":77000,"label":" ","price":1.33},{"type":"A","date":"2018-04-24T01:36:06.000Z","volume":80000,"label":" ","price":1.3},{"type":"A","date":"2018-04-24T01:36:19.000Z","volume":2000,"label":" ","price":1.3},{"type":"A","date":"2018-04-24T01:36:29.000Z","volume":20000,"label":" ","price":1.3},{"type":"B","date":"2018-04-24T01:43:33.000Z","volume":1000,"label":" ","price":1.29},{"type":"A","date":"2018-04-24T01:46:00.000Z","volume":8000,"label":" ","price":1.3},{"type":"A","date":"2018-04-24T01:52:28.000Z","volume":5000,"label":" ","price":1.3},{"type":"B","date":"2018-04-24T01:57:46.000Z","volume":182000,"label":" ","price":1.29},{"type":"A","date":"2018-04-24T02:00:04.000Z","volume":4000,"label":" ","price":1.29},{"type":"A","date":"2018-04-24T02:02:51.000Z","volume":2000,"label":" ","price":1.29},{"type":"A","date":"2018-04-24T02:04:51.000Z","volume":1000,"label":" ","price":1.29},{"type":"A","date":"2018-04-24T02:08:51.000Z","volume":1000,"label":" ","price":1.29},{"type":"A","date":"2018-04-24T02:13:10.000Z","volume":1000,"label":" ","price":1.29},{"type":"A","date":"2018-04-24T02:14:51.000Z","volume":1000,"label":" ","price":1.29},{"type":"A","date":"2018-04-24T02:17:51.000Z","volume":1000,"label":" ","price":1.29},{"type":"A","date":"2018-04-24T02:22:22.000Z","volume":1000,"label":" ","price":1.29},{"type":"A","date":"2018-04-24T02:27:22.000Z","volume":1000,"label":" ","price":1.29},{"type":"A","date":"2018-04-24T02:32:18.000Z","volume":1000,"label":" ","price":1.29},{"type":"A","date":"2018-04-24T02:37:22.000Z","volume":1000,"label":" ","price":1.29},{"type":"A","date":"2018-04-24T02:39:26.000Z","volume":33000,"label":" ","price":1.29},{"type":"A","date":"2018-04-24T02:39:26.000Z","volume":7000,"label":" ","price":1.3},{"type":"A","date":"2018-04-24T02:42:45.000Z","volume":50000,"label":" ","price":1.3},{"type":"A","date":"2018-04-24T02:49:22.000Z","volume":40000,"label":" ","price":1.3},{"type":"A","date":"2018-04-24T02:50:44.000Z","volume":26000,"label":" ","price":1.3},{"type":"A","date":"2018-04-24T02:54:19.000Z","volume":50000,"label":" ","price":1.3},{"type":"A","date":"2018-04-24T02:57:23.000Z","volume":1000,"label":" ","price":1.3},{"type":"A","date":"2018-04-24T02:58:52.000Z","volume":20000,"label":" ","price":1.3},{"type":"A","date":"2018-04-24T03:02:19.000Z","volume":1000,"label":" ","price":1.29},{"type":"A","date":"2018-04-24T03:04:41.000Z","volume":30000,"label":" ","price":1.29},{"type":"A","date":"2018-04-24T03:06:36.000Z","volume":150000,"label":" ","price":1.29},{"type":"A","date":"2018-04-24T03:07:06.000Z","volume":65000,"label":" ","price":1.29},{"type":"A","date":"2018-04-24T03:07:06.000Z","volume":5000,"label":" ","price":1.3},{"type":"A","date":"2018-04-24T03:07:24.000Z","volume":1000,"label":" ","price":1.3},{"type":"A","date":"2018-04-24T03:12:35.000Z","volume":1000,"label":" ","price":1.3},{"type":"A","date":"2018-04-24T03:18:07.000Z","volume":1000,"label":" ","price":1.3},{"type":"B","date":"2018-04-24T03:20:32.000Z","volume":20000,"label":" ","price":1.29},{"type":"A","date":"2018-04-24T03:23:07.000Z","volume":1000,"label":" ","price":1.3},{"type":"A","date":"2018-04-24T03:23:55.000Z","volume":1000,"label":" ","price":1.3},{"type":"A","date":"2018-04-24T03:29:25.000Z","volume":1000,"label":" ","price":1.3},{"type":"A","date":"2018-04-24T03:35:25.000Z","volume":1000,"label":" ","price":1.3},{"type":"B","date":"2018-04-24T03:36:16.000Z","volume":30000,"label":" ","price":1.29},{"type":"A","date":"2018-04-24T03:41:25.000Z","volume":1000,"label":" ","price":1.3},{"type":"B","date":"2018-04-24T03:43:47.000Z","volume":50000,"label":" ","price":1.29},{"type":"A","date":"2018-04-24T03:46:56.000Z","volume":1000,"label":" ","price":1.3},{"type":"A","date":"2018-04-24T03:51:14.000Z","volume":1000,"label":" ","price":1.3},{"type":"A","date":"2018-04-24T03:54:35.000Z","volume":1000,"label":" ","price":1.3},{"type":"B","date":"2018-04-24T03:56:28.000Z","volume":25000,"label":" ","price":1.29},{"type":"B","date":"2018-04-24T05:05:55.000Z","volume":26000,"label":" ","price":1.29},{"type":"B","date":"2018-04-24T05:05:55.000Z","volume":74000,"label":" ","price":1.28},{"type":"B","date":"2018-04-24T05:16:44.000Z","volume":276000,"label":" ","price":1.28},{"type":"A","date":"2018-04-24T05:22:25.000Z","volume":177000,"label":" ","price":1.28},{"type":"A","date":"2018-04-24T05:33:48.000Z","volume":50000,"label":" ","price":1.29},{"type":"A","date":"2018-04-24T05:36:34.000Z","volume":5000,"label":" ","price":1.29},{"type":"A","date":"2018-04-24T05:42:56.000Z","volume":3000,"label":" ","price":1.29},{"type":"A","date":"2018-04-24T05:52:05.000Z","volume":8000,"label":" ","price":1.29},{"type":"A","date":"2018-04-24T06:09:46.000Z","volume":5000,"label":" ","price":1.29},{"type":"A","date":"2018-04-24T06:11:10.000Z","volume":30000,"label":" ","price":1.29},{"type":"A","date":"2018-04-24T06:16:56.000Z","volume":14000,"label":" ","price":1.29},{"type":"A","date":"2018-04-24T06:22:52.000Z","volume":50000,"label":" ","price":1.29},{"type":"A","date":"2018-04-24T06:24:18.000Z","volume":35000,"label":" ","price":1.29},{"type":"A","date":"2018-04-24T06:37:10.000Z","volume":40000,"label":" ","price":1.29},{"type":"A","date":"2018-04-24T06:53:14.000Z","volume":50000,"label":" ","price":1.29},{"type":"A","date":"2018-04-24T06:58:52.000Z","volume":30000,"label":" ","price":1.29},{"type":"A","date":"2018-04-24T07:06:35.000Z","volume":50000,"label":" ","price":1.29},{"type":"A","date":"2018-04-24T07:10:38.000Z","volume":40000,"label":" ","price":1.29},{"type":"A","date":"2018-04-24T07:14:44.000Z","volume":1000,"label":" ","price":1.29},{"type":"A","date":"2018-04-24T07:15:11.000Z","volume":50000,"label":" ","price":1.29},{"type":"A","date":"2018-04-24T07:21:47.000Z","volume":30000,"label":" ","price":1.29},{"type":"A","date":"2018-04-24T07:24:17.000Z","volume":60000,"label":" ","price":1.29},{"type":"A","date":"2018-04-24T07:28:00.000Z","volume":30000,"label":" ","price":1.29},{"type":"A","date":"2018-04-24T07:30:33.000Z","volume":20000,"label":" ","price":1.29},{"type":"A","date":"2018-04-24T07:31:33.000Z","volume":30000,"label":" ","price":1.29},{"type":"A","date":"2018-04-24T07:43:12.000Z","volume":2000,"label":" ","price":1.29},{"type":"B","date":"2018-04-24T07:58:43.000Z","volume":50000,"label":" ","price":1.28},{"type":"B","date":"2018-04-24T07:59:40.000Z","volume":50000,"label":" ","price":1.28}]