[{"type":"B","date":"2018-04-06T01:30:23.000Z","volume":5000,"label":" ","price":4.3},{"type":"A","date":"2018-04-06T01:30:44.000Z","volume":1000,"label":" ","price":4.4},{"type":"B","date":"2018-04-06T01:31:00.000Z","volume":1000,"label":" ","price":4.31},{"type":"B","date":"2018-04-06T01:39:16.000Z","volume":2000,"label":" ","price":4.32},{"type":"B","date":"2018-04-06T01:39:41.000Z","volume":11000,"label":" ","price":4.32},{"type":"B","date":"2018-04-06T01:39:41.000Z","volume":4000,"label":" ","price":4.3},{"type":"B","date":"2018-04-06T01:39:41.000Z","volume":11000,"label":" ","price":4.3},{"type":"B","date":"2018-04-06T01:39:42.000Z","volume":2000,"label":" ","price":4.29},{"type":"B","date":"2018-04-06T01:39:42.000Z","volume":2000,"label":" ","price":4.29},{"type":"B","date":"2018-04-06T01:39:43.000Z","volume":2000,"label":" ","price":4.28},{"type":"B","date":"2018-04-06T01:39:43.000Z","volume":1000,"label":" ","price":4.27},{"type":"B","date":"2018-04-06T01:39:43.000Z","volume":2000,"label":" ","price":4.26},{"type":"B","date":"2018-04-06T01:39:44.000Z","volume":1000,"label":" ","price":4.25},{"type":"U","date":"2018-04-06T01:40:17.000Z","volume":1000,"label":" ","price":4.24},{"type":"A","date":"2018-04-06T01:40:17.000Z","volume":11000,"label":" ","price":4.25},{"type":"A","date":"2018-04-06T01:43:09.000Z","volume":1000,"label":" ","price":4.25},{"type":"U","date":"2018-04-06T01:43:28.000Z","volume":2000,"label":" ","price":4.24},{"type":"B","date":"2018-04-06T01:45:44.000Z","volume":2000,"label":" ","price":4.24},{"type":"A","date":"2018-04-06T01:45:44.000Z","volume":1000,"label":" ","price":4.25},{"type":"A","date":"2018-04-06T01:46:23.000Z","volume":1000,"label":" ","price":4.25},{"type":"A","date":"2018-04-06T01:49:51.000Z","volume":2000,"label":"Y","price":4.25},{"type":"A","date":"2018-04-06T01:50:37.000Z","volume":2000,"label":" ","price":4.25},{"type":"A","date":"2018-04-06T01:50:37.000Z","volume":1000,"label":" ","price":4.25},{"type":"B","date":"2018-04-06T01:52:38.000Z","volume":2000,"label":" ","price":4.24},{"type":"A","date":"2018-04-06T01:53:38.000Z","volume":2000,"label":" ","price":4.25},{"type":"A","date":"2018-04-06T01:53:47.000Z","volume":1000,"label":" ","price":4.25},{"type":"A","date":"2018-04-06T01:56:31.000Z","volume":2000,"label":" ","price":4.26},{"type":"A","date":"2018-04-06T01:59:36.000Z","volume":1000,"label":" ","price":4.26},{"type":"A","date":"2018-04-06T02:00:36.000Z","volume":1000,"label":" ","price":4.26},{"type":"A","date":"2018-04-06T02:03:09.000Z","volume":7000,"label":" ","price":4.26},{"type":"A","date":"2018-04-06T02:03:32.000Z","volume":1000,"label":" ","price":4.27},{"type":"A","date":"2018-04-06T02:03:32.000Z","volume":1000,"label":" ","price":4.27},{"type":"B","date":"2018-04-06T02:03:34.000Z","volume":1000,"label":" ","price":4.26},{"type":"A","date":"2018-04-06T02:04:08.000Z","volume":1000,"label":"Y","price":4.27},{"type":"A","date":"2018-04-06T02:04:08.000Z","volume":1000,"label":" ","price":4.27},{"type":"A","date":"2018-04-06T02:04:37.000Z","volume":1000,"label":" ","price":4.28},{"type":"U","date":"2018-04-06T02:08:20.000Z","volume":1000,"label":" ","price":4.29},{"type":"A","date":"2018-04-06T02:08:32.000Z","volume":1000,"label":" ","price":4.3},{"type":"B","date":"2018-04-06T02:08:34.000Z","volume":11000,"label":" ","price":4.27},{"type":"B","date":"2018-04-06T02:08:34.000Z","volume":11000,"label":" ","price":4.26},{"type":"B","date":"2018-04-06T02:08:35.000Z","volume":2000,"label":" ","price":4.26},{"type":"B","date":"2018-04-06T02:08:35.000Z","volume":1000,"label":" ","price":4.24},{"type":"B","date":"2018-04-06T02:08:35.000Z","volume":2000,"label":" ","price":4.25},{"type":"A","date":"2018-04-06T02:10:00.000Z","volume":1000,"label":" ","price":4.24},{"type":"A","date":"2018-04-06T02:10:00.000Z","volume":2000,"label":" ","price":4.24},{"type":"A","date":"2018-04-06T02:13:09.000Z","volume":2000,"label":" ","price":4.25},{"type":"A","date":"2018-04-06T02:31:33.000Z","volume":1000,"label":" ","price":4.24},{"type":"A","date":"2018-04-06T02:33:32.000Z","volume":1000,"label":" ","price":4.24},{"type":"A","date":"2018-04-06T02:34:11.000Z","volume":1000,"label":" ","price":4.24},{"type":"A","date":"2018-04-06T02:37:35.000Z","volume":1000,"label":" ","price":4.24},{"type":"A","date":"2018-04-06T02:37:35.000Z","volume":4000,"label":" ","price":4.24},{"type":"A","date":"2018-04-06T02:38:28.000Z","volume":2000,"label":" ","price":4.24},{"type":"A","date":"2018-04-06T02:38:28.000Z","volume":1000,"label":" ","price":4.24},{"type":"A","date":"2018-04-06T02:38:42.000Z","volume":4000,"label":" ","price":4.25},{"type":"B","date":"2018-04-06T02:38:49.000Z","volume":2000,"label":" ","price":4.25},{"type":"A","date":"2018-04-06T02:39:04.000Z","volume":1000,"label":" ","price":4.26},{"type":"A","date":"2018-04-06T02:39:15.000Z","volume":1000,"label":" ","price":4.26},{"type":"A","date":"2018-04-06T02:39:15.000Z","volume":1000,"label":" ","price":4.26},{"type":"B","date":"2018-04-06T02:41:32.000Z","volume":13000,"label":" ","price":4.27},{"type":"B","date":"2018-04-06T02:41:33.000Z","volume":7000,"label":" ","price":4.26},{"type":"B","date":"2018-04-06T02:43:46.000Z","volume":1000,"label":" ","price":4.22},{"type":"B","date":"2018-04-06T02:44:15.000Z","volume":1000,"label":" ","price":4.22},{"type":"B","date":"2018-04-06T02:44:15.000Z","volume":1000,"label":" ","price":4.21},{"type":"B","date":"2018-04-06T02:44:18.000Z","volume":3000,"label":" ","price":4.2},{"type":"U","date":"2018-04-06T02:44:18.000Z","volume":1000,"label":" ","price":4.2},{"type":"B","date":"2018-04-06T02:48:48.000Z","volume":1000,"label":" ","price":4.19},{"type":"B","date":"2018-04-06T02:49:35.000Z","volume":5000,"label":" ","price":4.19},{"type":"B","date":"2018-04-06T02:49:35.000Z","volume":2000,"label":" ","price":4.19},{"type":"B","date":"2018-04-06T02:50:29.000Z","volume":1000,"label":" ","price":4.19},{"type":"B","date":"2018-04-06T02:52:48.000Z","volume":1000,"label":" ","price":4.19},{"type":"A","date":"2018-04-06T02:53:04.000Z","volume":1000,"label":"Y","price":4.21},{"type":"A","date":"2018-04-06T02:53:55.000Z","volume":1000,"label":" ","price":4.21},{"type":"B","date":"2018-04-06T02:55:57.000Z","volume":1000,"label":" ","price":4.19},{"type":"A","date":"2018-04-06T02:58:45.000Z","volume":1000,"label":" ","price":4.21},{"type":"B","date":"2018-04-06T02:58:56.000Z","volume":1000,"label":" ","price":4.19},{"type":"B","date":"2018-04-06T03:01:54.000Z","volume":1000,"label":" ","price":4.19},{"type":"B","date":"2018-04-06T03:02:36.000Z","volume":1000,"label":" ","price":4.19},{"type":"U","date":"2018-04-06T03:03:44.000Z","volume":405,"label":"D","price":4.15},{"type":"B","date":"2018-04-06T03:07:51.000Z","volume":1000,"label":" ","price":4.19},{"type":"B","date":"2018-04-06T03:09:50.000Z","volume":1000,"label":" ","price":4.19},{"type":"B","date":"2018-04-06T03:11:06.000Z","volume":1000,"label":" ","price":4.19},{"type":"B","date":"2018-04-06T03:12:25.000Z","volume":1000,"label":" ","price":4.19},{"type":"B","date":"2018-04-06T03:13:49.000Z","volume":1000,"label":" ","price":4.19},{"type":"B","date":"2018-04-06T03:19:45.000Z","volume":1000,"label":" ","price":4.19},{"type":"B","date":"2018-04-06T03:20:45.000Z","volume":1000,"label":" ","price":4.19},{"type":"B","date":"2018-04-06T03:21:22.000Z","volume":1000,"label":" ","price":4.19},{"type":"A","date":"2018-04-06T03:21:32.000Z","volume":1000,"label":" ","price":4.22},{"type":"B","date":"2018-04-06T03:22:13.000Z","volume":1000,"label":" ","price":4.2},{"type":"B","date":"2018-04-06T03:25:43.000Z","volume":1000,"label":" ","price":4.21},{"type":"A","date":"2018-04-06T03:26:06.000Z","volume":1000,"label":" ","price":4.22},{"type":"A","date":"2018-04-06T03:26:08.000Z","volume":5000,"label":" ","price":4.22},{"type":"A","date":"2018-04-06T03:26:15.000Z","volume":6000,"label":" ","price":4.22},{"type":"A","date":"2018-04-06T03:26:15.000Z","volume":4000,"label":" ","price":4.22},{"type":"B","date":"2018-04-06T03:26:15.000Z","volume":4000,"label":" ","price":4.21},{"type":"A","date":"2018-04-06T03:26:35.000Z","volume":1000,"label":" ","price":4.25},{"type":"A","date":"2018-04-06T03:27:00.000Z","volume":4000,"label":" ","price":4.25},{"type":"B","date":"2018-04-06T03:31:39.000Z","volume":1000,"label":" ","price":4.23},{"type":"B","date":"2018-04-06T03:31:40.000Z","volume":1000,"label":" ","price":4.23},{"type":"B","date":"2018-04-06T03:32:00.000Z","volume":1000,"label":" ","price":4.23},{"type":"U","date":"2018-04-06T03:32:30.000Z","volume":1000,"label":" ","price":4.24},{"type":"A","date":"2018-04-06T03:32:30.000Z","volume":2000,"label":" ","price":4.24},{"type":"A","date":"2018-04-06T03:32:30.000Z","volume":1000,"label":" ","price":4.24},{"type":"A","date":"2018-04-06T03:32:31.000Z","volume":1000,"label":" ","price":4.24},{"type":"A","date":"2018-04-06T03:32:35.000Z","volume":1000,"label":"Y","price":4.24},{"type":"B","date":"2018-04-06T03:37:37.000Z","volume":1000,"label":" ","price":4.23},{"type":"A","date":"2018-04-06T03:37:46.000Z","volume":3000,"label":" ","price":4.24},{"type":"A","date":"2018-04-06T03:38:05.000Z","volume":1000,"label":"Y","price":4.24},{"type":"B","date":"2018-04-06T03:41:48.000Z","volume":1000,"label":" ","price":4.23},{"type":"B","date":"2018-04-06T03:42:35.000Z","volume":1000,"label":" ","price":4.23},{"type":"B","date":"2018-04-06T03:42:55.000Z","volume":1000,"label":" ","price":4.23},{"type":"A","date":"2018-04-06T03:42:58.000Z","volume":1000,"label":" ","price":4.24},{"type":"B","date":"2018-04-06T03:43:33.000Z","volume":1000,"label":" ","price":4.24},{"type":"B","date":"2018-04-06T03:44:55.000Z","volume":1000,"label":" ","price":4.24},{"type":"B","date":"2018-04-06T03:45:00.000Z","volume":1000,"label":" ","price":4.24},{"type":"B","date":"2018-04-06T03:45:47.000Z","volume":1000,"label":" ","price":4.24},{"type":"B","date":"2018-04-06T03:49:30.000Z","volume":1000,"label":" ","price":4.24},{"type":"B","date":"2018-04-06T03:51:36.000Z","volume":1000,"label":" ","price":4.24},{"type":"B","date":"2018-04-06T03:53:30.000Z","volume":1000,"label":" ","price":4.24},{"type":"B","date":"2018-04-06T03:54:26.000Z","volume":1000,"label":" ","price":4.24},{"type":"B","date":"2018-04-06T03:55:27.000Z","volume":1000,"label":" ","price":4.24},{"type":"A","date":"2018-04-06T03:58:56.000Z","volume":1000,"label":" ","price":4.25},{"type":"B","date":"2018-04-06T05:00:00.000Z","volume":4000,"label":" ","price":4.24},{"type":"A","date":"2018-04-06T05:00:06.000Z","volume":1000,"label":" ","price":4.25},{"type":"A","date":"2018-04-06T05:00:07.000Z","volume":1000,"label":" ","price":4.25},{"type":"A","date":"2018-04-06T05:00:08.000Z","volume":1000,"label":" ","price":4.25},{"type":"A","date":"2018-04-06T05:00:31.000Z","volume":2000,"label":" ","price":4.25},{"type":"A","date":"2018-04-06T05:00:49.000Z","volume":1000,"label":" ","price":4.25},{"type":"B","date":"2018-04-06T05:01:22.000Z","volume":2000,"label":" ","price":4.24},{"type":"B","date":"2018-04-06T05:03:24.000Z","volume":1000,"label":" ","price":4.24},{"type":"B","date":"2018-04-06T05:03:24.000Z","volume":1000,"label":" ","price":4.24},{"type":"B","date":"2018-04-06T05:06:25.000Z","volume":1000,"label":" ","price":4.24},{"type":"B","date":"2018-04-06T05:08:08.000Z","volume":4000,"label":" ","price":4.24},{"type":"B","date":"2018-04-06T05:08:08.000Z","volume":9000,"label":" ","price":4.24},{"type":"B","date":"2018-04-06T05:08:08.000Z","volume":4000,"label":" ","price":4.23},{"type":"B","date":"2018-04-06T05:09:21.000Z","volume":1000,"label":" ","price":4.19},{"type":"B","date":"2018-04-06T05:13:12.000Z","volume":1000,"label":" ","price":4.19},{"type":"B","date":"2018-04-06T05:15:18.000Z","volume":1000,"label":" ","price":4.19},{"type":"B","date":"2018-04-06T05:17:20.000Z","volume":1000,"label":" ","price":4.19},{"type":"A","date":"2018-04-06T05:19:32.000Z","volume":1000,"label":" ","price":4.23},{"type":"B","date":"2018-04-06T05:21:15.000Z","volume":1000,"label":" ","price":4.19},{"type":"B","date":"2018-04-06T05:23:00.000Z","volume":1000,"label":" ","price":4.19},{"type":"B","date":"2018-04-06T05:23:18.000Z","volume":1000,"label":" ","price":4.19},{"type":"A","date":"2018-04-06T05:25:07.000Z","volume":1000,"label":"Y","price":4.23},{"type":"B","date":"2018-04-06T05:27:12.000Z","volume":1000,"label":" ","price":4.19},{"type":"B","date":"2018-04-06T05:28:15.000Z","volume":1000,"label":" ","price":4.19},{"type":"B","date":"2018-04-06T05:30:43.000Z","volume":1000,"label":" ","price":4.19},{"type":"B","date":"2018-04-06T05:32:48.000Z","volume":1000,"label":" ","price":4.19},{"type":"B","date":"2018-04-06T05:32:49.000Z","volume":1000,"label":" ","price":4.19},{"type":"B","date":"2018-04-06T05:33:09.000Z","volume":1000,"label":" ","price":4.19},{"type":"B","date":"2018-04-06T05:33:39.000Z","volume":1000,"label":" ","price":4.19},{"type":"B","date":"2018-04-06T05:39:07.000Z","volume":1000,"label":" ","price":4.19},{"type":"B","date":"2018-04-06T05:39:10.000Z","volume":1000,"label":" ","price":4.19},{"type":"U","date":"2018-04-06T05:42:28.000Z","volume":5000,"label":" ","price":4.21},{"type":"B","date":"2018-04-06T05:42:37.000Z","volume":1000,"label":" ","price":4.21},{"type":"B","date":"2018-04-06T05:43:03.000Z","volume":2000,"label":" ","price":4.21},{"type":"B","date":"2018-04-06T05:45:03.000Z","volume":1000,"label":" ","price":4.21},{"type":"A","date":"2018-04-06T05:46:08.000Z","volume":1000,"label":" ","price":4.22},{"type":"A","date":"2018-04-06T05:46:08.000Z","volume":2000,"label":" ","price":4.22},{"type":"B","date":"2018-04-06T05:48:00.000Z","volume":1000,"label":" ","price":4.21},{"type":"A","date":"2018-04-06T05:49:08.000Z","volume":1000,"label":" ","price":4.22},{"type":"B","date":"2018-04-06T05:49:22.000Z","volume":1000,"label":" ","price":4.21},{"type":"A","date":"2018-04-06T05:49:40.000Z","volume":5000,"label":" ","price":4.22},{"type":"B","date":"2018-04-06T05:50:05.000Z","volume":1000,"label":" ","price":4.21},{"type":"B","date":"2018-04-06T05:51:01.000Z","volume":1000,"label":" ","price":4.21},{"type":"A","date":"2018-04-06T05:51:40.000Z","volume":1000,"label":"Y","price":4.22},{"type":"B","date":"2018-04-06T05:52:25.000Z","volume":1000,"label":" ","price":4.21},{"type":"B","date":"2018-04-06T05:53:17.000Z","volume":1000,"label":" ","price":4.21},{"type":"A","date":"2018-04-06T05:53:38.000Z","volume":1000,"label":"Y","price":4.22},{"type":"A","date":"2018-04-06T05:54:47.000Z","volume":4000,"label":" ","price":4.22},{"type":"B","date":"2018-04-06T05:54:47.000Z","volume":1000,"label":" ","price":4.22},{"type":"B","date":"2018-04-06T05:56:57.000Z","volume":1000,"label":" ","price":4.22},{"type":"B","date":"2018-04-06T05:58:14.000Z","volume":14000,"label":" ","price":4.22},{"type":"B","date":"2018-04-06T05:58:14.000Z","volume":1000,"label":" ","price":4.21},{"type":"B","date":"2018-04-06T05:58:14.000Z","volume":3000,"label":" ","price":4.21},{"type":"B","date":"2018-04-06T06:01:00.000Z","volume":1000,"label":" ","price":4.22},{"type":"B","date":"2018-04-06T06:02:12.000Z","volume":1000,"label":" ","price":4.22},{"type":"B","date":"2018-04-06T06:02:54.000Z","volume":1000,"label":" ","price":4.22},{"type":"A","date":"2018-04-06T06:07:19.000Z","volume":1000,"label":" ","price":4.23},{"type":"B","date":"2018-04-06T06:08:13.000Z","volume":1000,"label":" ","price":4.22},{"type":"A","date":"2018-04-06T06:08:32.000Z","volume":14000,"label":" ","price":4.23},{"type":"A","date":"2018-04-06T06:08:32.000Z","volume":8000,"label":" ","price":4.23},{"type":"B","date":"2018-04-06T06:08:33.000Z","volume":5000,"label":" ","price":4.22},{"type":"A","date":"2018-04-06T06:08:39.000Z","volume":2000,"label":" ","price":4.24},{"type":"B","date":"2018-04-06T06:08:51.000Z","volume":1000,"label":" ","price":4.22},{"type":"A","date":"2018-04-06T06:11:21.000Z","volume":1000,"label":" ","price":4.24},{"type":"B","date":"2018-04-06T06:11:25.000Z","volume":37000,"label":" ","price":4.23},{"type":"B","date":"2018-04-06T06:11:25.000Z","volume":4000,"label":" ","price":4.22},{"type":"A","date":"2018-04-06T06:11:25.000Z","volume":1000,"label":" ","price":4.22},{"type":"B","date":"2018-04-06T06:11:33.000Z","volume":4000,"label":" ","price":4.21},{"type":"A","date":"2018-04-06T06:11:33.000Z","volume":1000,"label":" ","price":4.21},{"type":"B","date":"2018-04-06T06:11:53.000Z","volume":1000,"label":" ","price":4.2},{"type":"B","date":"2018-04-06T06:12:00.000Z","volume":1000,"label":" ","price":4.2},{"type":"A","date":"2018-04-06T06:12:09.000Z","volume":1000,"label":"Y","price":4.24},{"type":"A","date":"2018-04-06T06:12:53.000Z","volume":1000,"label":" ","price":4.24},{"type":"B","date":"2018-04-06T06:14:48.000Z","volume":1000,"label":" ","price":4.2},{"type":"B","date":"2018-04-06T06:20:45.000Z","volume":1000,"label":" ","price":4.21},{"type":"B","date":"2018-04-06T06:21:48.000Z","volume":1000,"label":" ","price":4.21},{"type":"B","date":"2018-04-06T06:22:47.000Z","volume":1000,"label":" ","price":4.21},{"type":"B","date":"2018-04-06T06:22:51.000Z","volume":1000,"label":" ","price":4.21},{"type":"A","date":"2018-04-06T06:24:09.000Z","volume":1000,"label":"Y","price":4.24},{"type":"A","date":"2018-04-06T06:24:09.000Z","volume":1000,"label":" ","price":4.24},{"type":"B","date":"2018-04-06T06:26:42.000Z","volume":1000,"label":" ","price":4.21},{"type":"B","date":"2018-04-06T06:30:02.000Z","volume":2000,"label":" ","price":4.21},{"type":"B","date":"2018-04-06T06:30:17.000Z","volume":2000,"label":" ","price":4.21},{"type":"A","date":"2018-04-06T06:30:17.000Z","volume":1000,"label":" ","price":4.24},{"type":"B","date":"2018-04-06T06:30:19.000Z","volume":1000,"label":" ","price":4.21},{"type":"B","date":"2018-04-06T06:31:36.000Z","volume":1000,"label":" ","price":4.22},{"type":"B","date":"2018-04-06T06:32:40.000Z","volume":1000,"label":" ","price":4.22},{"type":"A","date":"2018-04-06T06:33:09.000Z","volume":1000,"label":"Y","price":4.24},{"type":"B","date":"2018-04-06T06:33:41.000Z","volume":1000,"label":" ","price":4.22},{"type":"B","date":"2018-04-06T06:34:17.000Z","volume":1000,"label":" ","price":4.23},{"type":"B","date":"2018-04-06T06:34:52.000Z","volume":2000,"label":" ","price":4.23},{"type":"A","date":"2018-04-06T06:35:26.000Z","volume":1000,"label":" ","price":4.24},{"type":"B","date":"2018-04-06T06:38:36.000Z","volume":1000,"label":" ","price":4.23},{"type":"B","date":"2018-04-06T06:38:39.000Z","volume":1000,"label":" ","price":4.23},{"type":"A","date":"2018-04-06T06:40:39.000Z","volume":4000,"label":" ","price":4.24},{"type":"A","date":"2018-04-06T06:40:39.000Z","volume":1000,"label":" ","price":4.24},{"type":"U","date":"2018-04-06T06:40:53.000Z","volume":1000,"label":"X","price":4.245},{"type":"U","date":"2018-04-06T06:40:53.000Z","volume":1000,"label":"X","price":4.245},{"type":"B","date":"2018-04-06T06:41:24.000Z","volume":1000,"label":" ","price":4.24},{"type":"B","date":"2018-04-06T06:41:27.000Z","volume":1000,"label":" ","price":4.24},{"type":"B","date":"2018-04-06T06:44:34.000Z","volume":1000,"label":" ","price":4.24},{"type":"B","date":"2018-04-06T06:44:35.000Z","volume":1000,"label":" ","price":4.24},{"type":"B","date":"2018-04-06T06:49:00.000Z","volume":1000,"label":" ","price":4.24},{"type":"B","date":"2018-04-06T06:50:30.000Z","volume":1000,"label":" ","price":4.24},{"type":"B","date":"2018-04-06T06:51:13.000Z","volume":1000,"label":" ","price":4.24},{"type":"B","date":"2018-04-06T06:51:15.000Z","volume":1000,"label":" ","price":4.24},{"type":"B","date":"2018-04-06T06:52:31.000Z","volume":1000,"label":" ","price":4.24},{"type":"A","date":"2018-04-06T06:52:38.000Z","volume":1000,"label":" ","price":4.25},{"type":"A","date":"2018-04-06T06:55:19.000Z","volume":1000,"label":" ","price":4.25},{"type":"B","date":"2018-04-06T06:55:30.000Z","volume":1000,"label":" ","price":4.24},{"type":"B","date":"2018-04-06T06:56:27.000Z","volume":1000,"label":" ","price":4.24},{"type":"B","date":"2018-04-06T07:01:01.000Z","volume":1000,"label":" ","price":4.24},{"type":"B","date":"2018-04-06T07:01:03.000Z","volume":1000,"label":" ","price":4.24},{"type":"B","date":"2018-04-06T07:01:44.000Z","volume":2000,"label":" ","price":4.24},{"type":"B","date":"2018-04-06T07:02:24.000Z","volume":1000,"label":" ","price":4.24},{"type":"A","date":"2018-04-06T07:05:04.000Z","volume":3000,"label":" ","price":4.25},{"type":"B","date":"2018-04-06T07:06:23.000Z","volume":1000,"label":" ","price":4.24},{"type":"A","date":"2018-04-06T07:07:19.000Z","volume":2000,"label":" ","price":4.25},{"type":"A","date":"2018-04-06T07:08:07.000Z","volume":2000,"label":" ","price":4.25},{"type":"B","date":"2018-04-06T07:08:21.000Z","volume":1000,"label":" ","price":4.24},{"type":"B","date":"2018-04-06T07:08:25.000Z","volume":2000,"label":" ","price":4.24},{"type":"B","date":"2018-04-06T07:08:29.000Z","volume":1000,"label":" ","price":4.24},{"type":"A","date":"2018-04-06T07:09:01.000Z","volume":2000,"label":" ","price":4.25},{"type":"A","date":"2018-04-06T07:09:48.000Z","volume":10000,"label":" ","price":4.25},{"type":"A","date":"2018-04-06T07:09:59.000Z","volume":2000,"label":" ","price":4.25},{"type":"A","date":"2018-04-06T07:10:10.000Z","volume":2000,"label":"Y","price":4.25},{"type":"A","date":"2018-04-06T07:10:17.000Z","volume":1000,"label":" ","price":4.25},{"type":"B","date":"2018-04-06T07:10:18.000Z","volume":3000,"label":" ","price":4.24},{"type":"B","date":"2018-04-06T07:10:48.000Z","volume":1000,"label":" ","price":4.24},{"type":"A","date":"2018-04-06T07:10:49.000Z","volume":2000,"label":"Y","price":4.25},{"type":"A","date":"2018-04-06T07:11:39.000Z","volume":2000,"label":"Y","price":4.25},{"type":"A","date":"2018-04-06T07:11:42.000Z","volume":1000,"label":"Y","price":4.25},{"type":"B","date":"2018-04-06T07:12:18.000Z","volume":2000,"label":" ","price":4.24},{"type":"A","date":"2018-04-06T07:12:26.000Z","volume":2000,"label":" ","price":4.25},{"type":"A","date":"2018-04-06T07:12:27.000Z","volume":1000,"label":" ","price":4.25},{"type":"A","date":"2018-04-06T07:13:23.000Z","volume":2000,"label":" ","price":4.25},{"type":"A","date":"2018-04-06T07:13:40.000Z","volume":1000,"label":" ","price":4.25},{"type":"A","date":"2018-04-06T07:14:11.000Z","volume":2000,"label":"Y","price":4.25},{"type":"B","date":"2018-04-06T07:14:18.000Z","volume":1000,"label":" ","price":4.24},{"type":"A","date":"2018-04-06T07:15:00.000Z","volume":1000,"label":" ","price":4.26},{"type":"A","date":"2018-04-06T07:15:10.000Z","volume":1000,"label":" ","price":4.27},{"type":"A","date":"2018-04-06T07:15:13.000Z","volume":1000,"label":" ","price":4.27},{"type":"A","date":"2018-04-06T07:15:48.000Z","volume":1000,"label":" ","price":4.28},{"type":"A","date":"2018-04-06T07:16:32.000Z","volume":2000,"label":" ","price":4.33},{"type":"A","date":"2018-04-06T07:16:32.000Z","volume":4000,"label":" ","price":4.33},{"type":"A","date":"2018-04-06T07:17:09.000Z","volume":10000,"label":" ","price":4.34},{"type":"B","date":"2018-04-06T07:17:10.000Z","volume":3000,"label":" ","price":4.33},{"type":"A","date":"2018-04-06T07:17:15.000Z","volume":3000,"label":" ","price":4.34},{"type":"A","date":"2018-04-06T07:17:16.000Z","volume":1000,"label":" ","price":4.34},{"type":"B","date":"2018-04-06T07:17:17.000Z","volume":1000,"label":" ","price":4.33},{"type":"B","date":"2018-04-06T07:17:47.000Z","volume":1000,"label":"Y","price":4.33},{"type":"B","date":"2018-04-06T07:17:47.000Z","volume":1000,"label":" ","price":4.33},{"type":"B","date":"2018-04-06T07:18:02.000Z","volume":2000,"label":" ","price":4.33},{"type":"A","date":"2018-04-06T07:19:18.000Z","volume":4000,"label":" ","price":4.34},{"type":"B","date":"2018-04-06T07:19:33.000Z","volume":2000,"label":" ","price":4.33},{"type":"B","date":"2018-04-06T07:20:02.000Z","volume":2000,"label":" ","price":4.33},{"type":"A","date":"2018-04-06T07:20:04.000Z","volume":2000,"label":" ","price":4.34},{"type":"B","date":"2018-04-06T07:20:15.000Z","volume":1000,"label":" ","price":4.33},{"type":"B","date":"2018-04-06T07:20:36.000Z","volume":1000,"label":" ","price":4.33},{"type":"A","date":"2018-04-06T07:20:57.000Z","volume":2000,"label":" ","price":4.34},{"type":"A","date":"2018-04-06T07:21:09.000Z","volume":5000,"label":" ","price":4.34},{"type":"A","date":"2018-04-06T07:21:11.000Z","volume":1000,"label":"Y","price":4.34},{"type":"B","date":"2018-04-06T07:21:23.000Z","volume":2000,"label":" ","price":4.33},{"type":"B","date":"2018-04-06T07:22:23.000Z","volume":1000,"label":"Y","price":4.34},{"type":"A","date":"2018-04-06T07:22:46.000Z","volume":2000,"label":" ","price":4.35},{"type":"A","date":"2018-04-06T07:22:46.000Z","volume":1000,"label":" ","price":4.35},{"type":"A","date":"2018-04-06T07:22:53.000Z","volume":2000,"label":" ","price":4.35},{"type":"B","date":"2018-04-06T07:23:15.000Z","volume":1000,"label":"Y","price":4.34},{"type":"B","date":"2018-04-06T07:23:37.000Z","volume":2000,"label":" ","price":4.34},{"type":"A","date":"2018-04-06T07:24:18.000Z","volume":5000,"label":" ","price":4.35},{"type":"A","date":"2018-04-06T07:24:34.000Z","volume":2000,"label":" ","price":4.35},{"type":"B","date":"2018-04-06T07:24:42.000Z","volume":1000,"label":"Y","price":4.34},{"type":"B","date":"2018-04-06T07:24:42.000Z","volume":1000,"label":" ","price":4.34},{"type":"B","date":"2018-04-06T07:24:44.000Z","volume":2000,"label":" ","price":4.34},{"type":"B","date":"2018-04-06T07:25:46.000Z","volume":15000,"label":" ","price":4.34},{"type":"B","date":"2018-04-06T07:25:53.000Z","volume":1000,"label":"Y","price":4.34},{"type":"B","date":"2018-04-06T07:26:13.000Z","volume":1000,"label":" ","price":4.34},{"type":"B","date":"2018-04-06T07:26:42.000Z","volume":1000,"label":" ","price":4.34},{"type":"B","date":"2018-04-06T07:26:47.000Z","volume":5000,"label":" ","price":4.34},{"type":"A","date":"2018-04-06T07:28:02.000Z","volume":2000,"label":" ","price":4.35},{"type":"B","date":"2018-04-06T07:28:06.000Z","volume":2000,"label":" ","price":4.34},{"type":"B","date":"2018-04-06T07:28:11.000Z","volume":1000,"label":" ","price":4.34},{"type":"A","date":"2018-04-06T07:28:50.000Z","volume":2000,"label":" ","price":4.35},{"type":"B","date":"2018-04-06T07:29:06.000Z","volume":1000,"label":"Y","price":4.34},{"type":"A","date":"2018-04-06T07:29:23.000Z","volume":3000,"label":" ","price":4.35},{"type":"U","date":"2018-04-06T07:29:50.000Z","volume":1000,"label":" ","price":4.37},{"type":"B","date":"2018-04-06T07:29:58.000Z","volume":1000,"label":"Y","price":4.36},{"type":"A","date":"2018-04-06T07:30:00.000Z","volume":2000,"label":" ","price":4.37},{"type":"B","date":"2018-04-06T07:30:24.000Z","volume":1000,"label":" ","price":4.36},{"type":"B","date":"2018-04-06T07:30:49.000Z","volume":1000,"label":" ","price":4.36},{"type":"B","date":"2018-04-06T07:31:43.000Z","volume":1000,"label":" ","price":4.36},{"type":"B","date":"2018-04-06T07:32:09.000Z","volume":1000,"label":" ","price":4.36},{"type":"B","date":"2018-04-06T07:32:09.000Z","volume":36000,"label":" ","price":4.36},{"type":"B","date":"2018-04-06T07:32:09.000Z","volume":5000,"label":" ","price":4.35},{"type":"B","date":"2018-04-06T07:33:06.000Z","volume":3000,"label":"Y","price":4.35},{"type":"B","date":"2018-04-06T07:33:06.000Z","volume":7000,"label":" ","price":4.35},{"type":"B","date":"2018-04-06T07:33:06.000Z","volume":2000,"label":"Y","price":4.34},{"type":"B","date":"2018-04-06T07:33:06.000Z","volume":5000,"label":" ","price":4.34},{"type":"A","date":"2018-04-06T07:33:36.000Z","volume":13000,"label":"Y","price":4.34},{"type":"A","date":"2018-04-06T07:33:42.000Z","volume":3000,"label":"Y","price":4.34},{"type":"A","date":"2018-04-06T07:33:42.000Z","volume":1000,"label":" ","price":4.34},{"type":"B","date":"2018-04-06T07:33:42.000Z","volume":1000,"label":" ","price":4.34},{"type":"A","date":"2018-04-06T07:34:22.000Z","volume":1000,"label":" ","price":4.35},{"type":"A","date":"2018-04-06T07:35:08.000Z","volume":1000,"label":"Y","price":4.35},{"type":"A","date":"2018-04-06T07:37:51.000Z","volume":5000,"label":" ","price":4.35},{"type":"B","date":"2018-04-06T07:38:07.000Z","volume":1000,"label":" ","price":4.34},{"type":"B","date":"2018-04-06T07:38:42.000Z","volume":2000,"label":" ","price":4.35},{"type":"B","date":"2018-04-06T07:39:05.000Z","volume":1000,"label":" ","price":4.35},{"type":"B","date":"2018-04-06T07:39:38.000Z","volume":1000,"label":" ","price":4.36},{"type":"A","date":"2018-04-06T07:40:06.000Z","volume":1000,"label":" ","price":4.37},{"type":"B","date":"2018-04-06T07:40:12.000Z","volume":1000,"label":" ","price":4.36},{"type":"B","date":"2018-04-06T07:40:47.000Z","volume":5000,"label":"Y","price":4.36},{"type":"B","date":"2018-04-06T07:40:47.000Z","volume":23000,"label":" ","price":4.36},{"type":"B","date":"2018-04-06T07:40:47.000Z","volume":1000,"label":"Y","price":4.35},{"type":"B","date":"2018-04-06T07:40:47.000Z","volume":8000,"label":" ","price":4.35},{"type":"A","date":"2018-04-06T07:40:47.000Z","volume":1000,"label":" ","price":4.35},{"type":"B","date":"2018-04-06T07:41:46.000Z","volume":3000,"label":" ","price":4.34},{"type":"A","date":"2018-04-06T07:41:46.000Z","volume":1000,"label":" ","price":4.35},{"type":"B","date":"2018-04-06T07:42:14.000Z","volume":2000,"label":" ","price":4.34},{"type":"B","date":"2018-04-06T07:44:03.000Z","volume":1000,"label":" ","price":4.34},{"type":"A","date":"2018-04-06T07:44:43.000Z","volume":1000,"label":"Y","price":4.35},{"type":"A","date":"2018-04-06T07:45:21.000Z","volume":1000,"label":" ","price":4.35},{"type":"A","date":"2018-04-06T07:45:47.000Z","volume":1000,"label":" ","price":4.35},{"type":"A","date":"2018-04-06T07:46:23.000Z","volume":1000,"label":" ","price":4.35},{"type":"B","date":"2018-04-06T07:46:53.000Z","volume":2000,"label":" ","price":4.34},{"type":"A","date":"2018-04-06T07:47:38.000Z","volume":2000,"label":" ","price":4.35},{"type":"B","date":"2018-04-06T07:47:51.000Z","volume":21000,"label":" ","price":4.34},{"type":"A","date":"2018-04-06T07:47:51.000Z","volume":1000,"label":" ","price":4.34},{"type":"A","date":"2018-04-06T07:47:51.000Z","volume":1000,"label":" ","price":4.34},{"type":"A","date":"2018-04-06T07:47:51.000Z","volume":1000,"label":" ","price":4.34},{"type":"A","date":"2018-04-06T07:47:51.000Z","volume":1000,"label":" ","price":4.34},{"type":"A","date":"2018-04-06T07:48:07.000Z","volume":1000,"label":" ","price":4.34},{"type":"B","date":"2018-04-06T07:50:00.000Z","volume":1000,"label":" ","price":4.34},{"type":"B","date":"2018-04-06T07:50:01.000Z","volume":1000,"label":" ","price":4.34},{"type":"B","date":"2018-04-06T07:50:01.000Z","volume":1000,"label":" ","price":4.34},{"type":"B","date":"2018-04-06T07:50:01.000Z","volume":1000,"label":" ","price":4.34},{"type":"B","date":"2018-04-06T07:50:58.000Z","volume":1000,"label":" ","price":4.34},{"type":"A","date":"2018-04-06T07:51:15.000Z","volume":1000,"label":"Y","price":4.35},{"type":"A","date":"2018-04-06T07:52:01.000Z","volume":1000,"label":"Y","price":4.35},{"type":"A","date":"2018-04-06T07:53:06.000Z","volume":2000,"label":"Y","price":4.35},{"type":"B","date":"2018-04-06T07:53:39.000Z","volume":16000,"label":" ","price":4.34},{"type":"B","date":"2018-04-06T07:53:39.000Z","volume":3000,"label":" ","price":4.33},{"type":"A","date":"2018-04-06T07:53:44.000Z","volume":4000,"label":" ","price":4.33},{"type":"A","date":"2018-04-06T07:53:44.000Z","volume":2000,"label":" ","price":4.33},{"type":"A","date":"2018-04-06T07:55:23.000Z","volume":1000,"label":" ","price":4.35},{"type":"A","date":"2018-04-06T07:58:00.000Z","volume":1000,"label":" ","price":4.35},{"type":"A","date":"2018-04-06T07:58:03.000Z","volume":2000,"label":" ","price":4.35},{"type":"A","date":"2018-04-06T07:58:06.000Z","volume":1000,"label":" ","price":4.35},{"type":"A","date":"2018-04-06T07:58:08.000Z","volume":1000,"label":" ","price":4.35},{"type":"A","date":"2018-04-06T07:58:08.000Z","volume":2000,"label":" ","price":4.35},{"type":"A","date":"2018-04-06T07:58:09.000Z","volume":2000,"label":" ","price":4.35},{"type":"A","date":"2018-04-06T07:58:09.000Z","volume":1000,"label":" ","price":4.35},{"type":"A","date":"2018-04-06T07:58:10.000Z","volume":1000,"label":" ","price":4.35},{"type":"A","date":"2018-04-06T07:58:40.000Z","volume":1000,"label":" ","price":4.35},{"type":"A","date":"2018-04-06T07:59:01.000Z","volume":5000,"label":" ","price":4.35},{"type":"A","date":"2018-04-06T07:59:01.000Z","volume":1000,"label":" ","price":4.35},{"type":"A","date":"2018-04-06T07:59:01.000Z","volume":3000,"label":" ","price":4.35},{"type":"A","date":"2018-04-06T07:59:01.000Z","volume":3000,"label":" ","price":4.35},{"type":"A","date":"2018-04-06T07:59:01.000Z","volume":6000,"label":" ","price":4.35},{"type":"A","date":"2018-04-06T07:59:08.000Z","volume":1000,"label":" ","price":4.35},{"type":"A","date":"2018-04-06T07:59:48.000Z","volume":2000,"label":" ","price":4.35},{"type":"A","date":"2018-04-06T07:59:54.000Z","volume":20000,"label":" ","price":4.35},{"type":"A","date":"2018-04-06T07:59:54.000Z","volume":9000,"label":" ","price":4.35},{"type":"A","date":"2018-04-06T07:59:55.000Z","volume":1000,"label":" ","price":4.35},{"type":"A","date":"2018-04-06T07:59:55.000Z","volume":2000,"label":" ","price":4.35},{"type":"U","date":"2018-04-06T08:08:20.000Z","volume":64000,"label":"U","price":4.35}]