[{"type":"B","date":"2018-04-19T01:31:00.000Z","volume":1000,"label":" ","price":4.77},{"type":"U","date":"2018-04-19T01:31:00.000Z","volume":1000,"label":" ","price":4.78},{"type":"U","date":"2018-04-19T01:31:01.000Z","volume":1000,"label":" ","price":4.78},{"type":"U","date":"2018-04-19T01:33:22.000Z","volume":4000,"label":" ","price":4.78},{"type":"A","date":"2018-04-19T01:39:37.000Z","volume":2000,"label":" ","price":4.83},{"type":"A","date":"2018-04-19T01:39:44.000Z","volume":1000,"label":" ","price":4.83},{"type":"B","date":"2018-04-19T01:43:12.000Z","volume":1000,"label":" ","price":4.79},{"type":"B","date":"2018-04-19T01:43:12.000Z","volume":1000,"label":" ","price":4.79},{"type":"B","date":"2018-04-19T01:46:07.000Z","volume":1000,"label":" ","price":4.79},{"type":"B","date":"2018-04-19T01:52:55.000Z","volume":2000,"label":" ","price":4.79},{"type":"A","date":"2018-04-19T01:52:55.000Z","volume":1000,"label":" ","price":4.81},{"type":"A","date":"2018-04-19T01:52:56.000Z","volume":3000,"label":" ","price":4.81},{"type":"U","date":"2018-04-19T01:53:17.000Z","volume":5000,"label":"X","price":4.81},{"type":"A","date":"2018-04-19T01:54:20.000Z","volume":3000,"label":" ","price":4.81},{"type":"A","date":"2018-04-19T01:54:20.000Z","volume":1000,"label":" ","price":4.83},{"type":"A","date":"2018-04-19T01:54:22.000Z","volume":1000,"label":" ","price":4.83},{"type":"U","date":"2018-04-19T01:54:28.000Z","volume":5000,"label":"X","price":4.815},{"type":"B","date":"2018-04-19T01:55:24.000Z","volume":1000,"label":" ","price":4.82},{"type":"B","date":"2018-04-19T01:55:24.000Z","volume":1000,"label":" ","price":4.82},{"type":"U","date":"2018-04-19T01:55:28.000Z","volume":2000,"label":"X","price":4.825},{"type":"U","date":"2018-04-19T01:55:28.000Z","volume":1000,"label":"X","price":4.825},{"type":"A","date":"2018-04-19T01:56:09.000Z","volume":1000,"label":" ","price":4.83},{"type":"A","date":"2018-04-19T01:56:11.000Z","volume":11000,"label":" ","price":4.83},{"type":"A","date":"2018-04-19T01:56:11.000Z","volume":2000,"label":" ","price":4.83},{"type":"A","date":"2018-04-19T01:56:11.000Z","volume":2000,"label":" ","price":4.84},{"type":"A","date":"2018-04-19T01:56:11.000Z","volume":1000,"label":" ","price":4.86},{"type":"A","date":"2018-04-19T01:56:11.000Z","volume":2000,"label":" ","price":4.85},{"type":"A","date":"2018-04-19T01:56:12.000Z","volume":2000,"label":" ","price":4.86},{"type":"A","date":"2018-04-19T01:56:16.000Z","volume":5000,"label":" ","price":4.86},{"type":"U","date":"2018-04-19T01:56:17.000Z","volume":5000,"label":"X","price":4.855},{"type":"A","date":"2018-04-19T01:56:20.000Z","volume":1000,"label":" ","price":4.86},{"type":"U","date":"2018-04-19T01:56:43.000Z","volume":1000,"label":" ","price":4.85},{"type":"A","date":"2018-04-19T01:56:43.000Z","volume":1000,"label":" ","price":4.86},{"type":"U","date":"2018-04-19T01:56:58.000Z","volume":5000,"label":"X","price":4.855},{"type":"U","date":"2018-04-19T01:56:58.000Z","volume":2000,"label":"X","price":4.855},{"type":"B","date":"2018-04-19T01:57:09.000Z","volume":3000,"label":" ","price":4.85},{"type":"A","date":"2018-04-19T01:57:10.000Z","volume":1000,"label":" ","price":4.86},{"type":"A","date":"2018-04-19T01:57:10.000Z","volume":1000,"label":" ","price":4.86},{"type":"B","date":"2018-04-19T01:57:10.000Z","volume":1000,"label":" ","price":4.85},{"type":"B","date":"2018-04-19T01:59:19.000Z","volume":1000,"label":" ","price":4.85},{"type":"B","date":"2018-04-19T01:59:25.000Z","volume":1000,"label":" ","price":4.83},{"type":"A","date":"2018-04-19T01:59:45.000Z","volume":1000,"label":" ","price":4.82},{"type":"B","date":"2018-04-19T02:01:12.000Z","volume":1000,"label":" ","price":4.79},{"type":"B","date":"2018-04-19T02:07:36.000Z","volume":1000,"label":" ","price":4.79},{"type":"B","date":"2018-04-19T02:07:36.000Z","volume":1000,"label":" ","price":4.79},{"type":"A","date":"2018-04-19T02:09:49.000Z","volume":1000,"label":" ","price":4.81},{"type":"B","date":"2018-04-19T02:16:18.000Z","volume":1000,"label":" ","price":4.8},{"type":"B","date":"2018-04-19T02:19:48.000Z","volume":1000,"label":" ","price":4.8},{"type":"B","date":"2018-04-19T02:19:48.000Z","volume":1000,"label":" ","price":4.8},{"type":"A","date":"2018-04-19T02:19:49.000Z","volume":1000,"label":" ","price":4.81},{"type":"A","date":"2018-04-19T02:20:40.000Z","volume":12000,"label":" ","price":4.81},{"type":"U","date":"2018-04-19T02:20:42.000Z","volume":6000,"label":" ","price":4.82},{"type":"U","date":"2018-04-19T02:20:46.000Z","volume":6000,"label":" ","price":4.82},{"type":"A","date":"2018-04-19T02:20:49.000Z","volume":2000,"label":" ","price":4.83},{"type":"A","date":"2018-04-19T02:20:49.000Z","volume":3000,"label":" ","price":4.83},{"type":"A","date":"2018-04-19T02:20:50.000Z","volume":1000,"label":" ","price":4.85},{"type":"A","date":"2018-04-19T02:22:34.000Z","volume":3000,"label":" ","price":4.84},{"type":"A","date":"2018-04-19T02:22:36.000Z","volume":3000,"label":" ","price":4.84},{"type":"A","date":"2018-04-19T02:22:37.000Z","volume":1000,"label":" ","price":4.85},{"type":"U","date":"2018-04-19T02:22:47.000Z","volume":2000,"label":"X","price":4.835},{"type":"B","date":"2018-04-19T02:23:04.000Z","volume":3000,"label":" ","price":4.84},{"type":"A","date":"2018-04-19T02:23:04.000Z","volume":1000,"label":" ","price":4.84},{"type":"A","date":"2018-04-19T02:23:20.000Z","volume":1000,"label":" ","price":4.84},{"type":"A","date":"2018-04-19T02:23:22.000Z","volume":2000,"label":" ","price":4.84},{"type":"U","date":"2018-04-19T02:24:47.000Z","volume":2000,"label":"X","price":4.845},{"type":"A","date":"2018-04-19T02:24:54.000Z","volume":4000,"label":" ","price":4.85},{"type":"A","date":"2018-04-19T02:24:56.000Z","volume":1000,"label":" ","price":4.85},{"type":"A","date":"2018-04-19T02:26:04.000Z","volume":1000,"label":" ","price":4.85},{"type":"U","date":"2018-04-19T02:26:47.000Z","volume":1000,"label":"X","price":4.845},{"type":"A","date":"2018-04-19T02:27:13.000Z","volume":1000,"label":" ","price":4.85},{"type":"A","date":"2018-04-19T02:27:18.000Z","volume":6000,"label":" ","price":4.85},{"type":"B","date":"2018-04-19T02:28:20.000Z","volume":2000,"label":" ","price":4.85},{"type":"U","date":"2018-04-19T02:28:29.000Z","volume":6000,"label":"X","price":4.855},{"type":"B","date":"2018-04-19T02:28:42.000Z","volume":3000,"label":" ","price":4.85},{"type":"A","date":"2018-04-19T02:28:42.000Z","volume":1000,"label":" ","price":4.86},{"type":"A","date":"2018-04-19T02:28:58.000Z","volume":1000,"label":" ","price":4.86},{"type":"U","date":"2018-04-19T02:29:02.000Z","volume":2000,"label":" ","price":4.85},{"type":"B","date":"2018-04-19T02:29:04.000Z","volume":2000,"label":" ","price":4.85},{"type":"B","date":"2018-04-19T02:31:25.000Z","volume":1000,"label":" ","price":4.84},{"type":"B","date":"2018-04-19T02:32:00.000Z","volume":1000,"label":" ","price":4.84},{"type":"B","date":"2018-04-19T02:32:00.000Z","volume":1000,"label":" ","price":4.84},{"type":"U","date":"2018-04-19T02:33:37.000Z","volume":1000,"label":" ","price":4.85},{"type":"B","date":"2018-04-19T02:34:37.000Z","volume":1000,"label":" ","price":4.85},{"type":"U","date":"2018-04-19T02:34:39.000Z","volume":1000,"label":" ","price":4.86},{"type":"U","date":"2018-04-19T02:35:52.000Z","volume":4000,"label":" ","price":4.85},{"type":"B","date":"2018-04-19T02:44:12.000Z","volume":1000,"label":" ","price":4.84},{"type":"B","date":"2018-04-19T02:44:12.000Z","volume":1000,"label":" ","price":4.84},{"type":"B","date":"2018-04-19T02:45:08.000Z","volume":1000,"label":" ","price":4.85},{"type":"B","date":"2018-04-19T02:45:12.000Z","volume":9000,"label":"Y","price":4.85},{"type":"B","date":"2018-04-19T02:45:12.000Z","volume":2000,"label":" ","price":4.85},{"type":"A","date":"2018-04-19T02:45:20.000Z","volume":1000,"label":" ","price":4.88},{"type":"A","date":"2018-04-19T02:45:20.000Z","volume":1000,"label":" ","price":4.88},{"type":"U","date":"2018-04-19T02:46:08.000Z","volume":1000,"label":" ","price":4.85},{"type":"B","date":"2018-04-19T02:46:30.000Z","volume":1000,"label":" ","price":4.84},{"type":"B","date":"2018-04-19T02:49:53.000Z","volume":2000,"label":" ","price":4.85},{"type":"A","date":"2018-04-19T02:49:54.000Z","volume":1000,"label":" ","price":4.89},{"type":"A","date":"2018-04-19T02:49:54.000Z","volume":1000,"label":" ","price":4.89},{"type":"B","date":"2018-04-19T02:52:32.000Z","volume":1000,"label":" ","price":4.85},{"type":"B","date":"2018-04-19T02:56:24.000Z","volume":1000,"label":" ","price":4.84},{"type":"B","date":"2018-04-19T02:56:24.000Z","volume":1000,"label":" ","price":4.84},{"type":"A","date":"2018-04-19T02:56:24.000Z","volume":1000,"label":" ","price":4.89},{"type":"U","date":"2018-04-19T03:00:12.000Z","volume":3000,"label":" ","price":4.85},{"type":"B","date":"2018-04-19T03:00:13.000Z","volume":1000,"label":" ","price":4.85},{"type":"B","date":"2018-04-19T03:01:36.000Z","volume":1000,"label":" ","price":4.84},{"type":"A","date":"2018-04-19T03:01:37.000Z","volume":1000,"label":" ","price":4.89},{"type":"B","date":"2018-04-19T03:01:37.000Z","volume":1000,"label":" ","price":4.85},{"type":"A","date":"2018-04-19T03:01:37.000Z","volume":1000,"label":" ","price":4.9},{"type":"B","date":"2018-04-19T03:02:14.000Z","volume":1000,"label":" ","price":4.85},{"type":"A","date":"2018-04-19T03:02:15.000Z","volume":1000,"label":" ","price":4.89},{"type":"B","date":"2018-04-19T03:02:21.000Z","volume":1000,"label":" ","price":4.85},{"type":"U","date":"2018-04-19T03:02:30.000Z","volume":4000,"label":"X","price":4.875},{"type":"B","date":"2018-04-19T03:03:32.000Z","volume":1000,"label":" ","price":4.85},{"type":"A","date":"2018-04-19T03:04:01.000Z","volume":1000,"label":" ","price":4.89},{"type":"A","date":"2018-04-19T03:06:03.000Z","volume":12000,"label":" ","price":4.89},{"type":"A","date":"2018-04-19T03:06:05.000Z","volume":1000,"label":" ","price":4.9},{"type":"B","date":"2018-04-19T03:06:08.000Z","volume":2000,"label":" ","price":4.85},{"type":"B","date":"2018-04-19T03:06:10.000Z","volume":1000,"label":" ","price":4.85},{"type":"A","date":"2018-04-19T03:06:10.000Z","volume":2000,"label":" ","price":4.89},{"type":"B","date":"2018-04-19T03:06:13.000Z","volume":2000,"label":" ","price":4.85},{"type":"A","date":"2018-04-19T03:06:16.000Z","volume":1000,"label":" ","price":4.89},{"type":"A","date":"2018-04-19T03:06:17.000Z","volume":1000,"label":" ","price":4.89},{"type":"B","date":"2018-04-19T03:06:25.000Z","volume":2000,"label":" ","price":4.85},{"type":"U","date":"2018-04-19T03:06:51.000Z","volume":1000,"label":" ","price":4.85},{"type":"A","date":"2018-04-19T03:07:13.000Z","volume":1000,"label":" ","price":4.88},{"type":"B","date":"2018-04-19T03:08:36.000Z","volume":1000,"label":" ","price":4.85},{"type":"B","date":"2018-04-19T03:08:36.000Z","volume":1000,"label":" ","price":4.85},{"type":"B","date":"2018-04-19T03:16:38.000Z","volume":4000,"label":" ","price":4.85},{"type":"A","date":"2018-04-19T03:16:40.000Z","volume":1000,"label":" ","price":4.89},{"type":"B","date":"2018-04-19T03:16:42.000Z","volume":1000,"label":" ","price":4.85},{"type":"B","date":"2018-04-19T03:16:43.000Z","volume":4000,"label":" ","price":4.85},{"type":"B","date":"2018-04-19T03:16:46.000Z","volume":5000,"label":" ","price":4.85},{"type":"U","date":"2018-04-19T03:16:48.000Z","volume":5000,"label":"X","price":4.87},{"type":"U","date":"2018-04-19T03:16:48.000Z","volume":3000,"label":"X","price":4.85},{"type":"B","date":"2018-04-19T03:16:49.000Z","volume":4000,"label":" ","price":4.85},{"type":"B","date":"2018-04-19T03:16:49.000Z","volume":3000,"label":" ","price":4.85},{"type":"A","date":"2018-04-19T03:16:50.000Z","volume":1000,"label":" ","price":4.89},{"type":"B","date":"2018-04-19T03:16:53.000Z","volume":2000,"label":" ","price":4.85},{"type":"B","date":"2018-04-19T03:17:10.000Z","volume":1000,"label":" ","price":4.85},{"type":"B","date":"2018-04-19T03:17:17.000Z","volume":1000,"label":" ","price":4.85},{"type":"B","date":"2018-04-19T03:17:30.000Z","volume":1000,"label":" ","price":4.85},{"type":"B","date":"2018-04-19T03:17:37.000Z","volume":2000,"label":" ","price":4.85},{"type":"A","date":"2018-04-19T03:18:46.000Z","volume":1000,"label":" ","price":4.89},{"type":"B","date":"2018-04-19T03:20:48.000Z","volume":1000,"label":" ","price":4.85},{"type":"B","date":"2018-04-19T03:20:48.000Z","volume":1000,"label":" ","price":4.85},{"type":"A","date":"2018-04-19T03:26:51.000Z","volume":1000,"label":" ","price":4.89},{"type":"B","date":"2018-04-19T03:31:47.000Z","volume":1000,"label":" ","price":4.87},{"type":"B","date":"2018-04-19T03:31:48.000Z","volume":1000,"label":" ","price":4.87},{"type":"U","date":"2018-04-19T03:32:01.000Z","volume":1000,"label":"X","price":4.875},{"type":"B","date":"2018-04-19T03:32:08.000Z","volume":1000,"label":" ","price":4.87},{"type":"U","date":"2018-04-19T03:32:49.000Z","volume":1000,"label":"X","price":4.875},{"type":"B","date":"2018-04-19T03:33:00.000Z","volume":1000,"label":" ","price":4.87},{"type":"B","date":"2018-04-19T03:33:00.000Z","volume":1000,"label":" ","price":4.87},{"type":"A","date":"2018-04-19T03:33:43.000Z","volume":1000,"label":" ","price":4.88},{"type":"B","date":"2018-04-19T03:45:12.000Z","volume":1000,"label":" ","price":4.87},{"type":"B","date":"2018-04-19T03:45:12.000Z","volume":1000,"label":" ","price":4.87},{"type":"U","date":"2018-04-19T03:46:01.000Z","volume":1000,"label":"X","price":4.875},{"type":"B","date":"2018-04-19T03:46:54.000Z","volume":1000,"label":" ","price":4.87},{"type":"B","date":"2018-04-19T03:50:31.000Z","volume":2000,"label":" ","price":4.87},{"type":"B","date":"2018-04-19T03:53:03.000Z","volume":1000,"label":" ","price":4.87},{"type":"A","date":"2018-04-19T03:54:16.000Z","volume":1000,"label":" ","price":4.88},{"type":"B","date":"2018-04-19T03:57:24.000Z","volume":1000,"label":" ","price":4.87},{"type":"B","date":"2018-04-19T03:57:24.000Z","volume":1000,"label":" ","price":4.87},{"type":"U","date":"2018-04-19T05:02:33.000Z","volume":1000,"label":"X","price":4.875},{"type":"B","date":"2018-04-19T05:04:00.000Z","volume":1000,"label":" ","price":4.87},{"type":"A","date":"2018-04-19T05:05:49.000Z","volume":2000,"label":" ","price":4.88},{"type":"A","date":"2018-04-19T05:05:49.000Z","volume":7000,"label":" ","price":4.88},{"type":"U","date":"2018-04-19T05:06:03.000Z","volume":2000,"label":"X","price":4.88},{"type":"A","date":"2018-04-19T05:10:32.000Z","volume":2000,"label":" ","price":4.89},{"type":"B","date":"2018-04-19T05:11:36.000Z","volume":1000,"label":" ","price":4.88},{"type":"B","date":"2018-04-19T05:11:36.000Z","volume":1000,"label":" ","price":4.88},{"type":"A","date":"2018-04-19T05:15:06.000Z","volume":2000,"label":" ","price":4.9},{"type":"U","date":"2018-04-19T05:17:51.000Z","volume":1000,"label":"X","price":4.895},{"type":"B","date":"2018-04-19T05:19:06.000Z","volume":1000,"label":" ","price":4.89},{"type":"A","date":"2018-04-19T05:20:38.000Z","volume":2000,"label":" ","price":4.9},{"type":"U","date":"2018-04-19T05:20:44.000Z","volume":3000,"label":"X","price":4.9},{"type":"U","date":"2018-04-19T05:20:44.000Z","volume":3000,"label":"X","price":4.9},{"type":"U","date":"2018-04-19T05:20:51.000Z","volume":2000,"label":"X","price":4.9},{"type":"B","date":"2018-04-19T05:23:47.000Z","volume":1000,"label":" ","price":4.89},{"type":"B","date":"2018-04-19T05:23:47.000Z","volume":1000,"label":" ","price":4.89},{"type":"A","date":"2018-04-19T05:25:46.000Z","volume":1000,"label":" ","price":4.91},{"type":"B","date":"2018-04-19T05:26:32.000Z","volume":49000,"label":" ","price":4.9},{"type":"A","date":"2018-04-19T05:26:32.000Z","volume":2000,"label":" ","price":4.91},{"type":"B","date":"2018-04-19T05:26:35.000Z","volume":1000,"label":" ","price":4.9},{"type":"U","date":"2018-04-19T05:26:51.000Z","volume":1000,"label":"X","price":4.905},{"type":"A","date":"2018-04-19T05:29:15.000Z","volume":2000,"label":" ","price":4.9},{"type":"A","date":"2018-04-19T05:31:02.000Z","volume":1000,"label":" ","price":4.9},{"type":"B","date":"2018-04-19T05:31:08.000Z","volume":2000,"label":" ","price":4.9},{"type":"U","date":"2018-04-19T05:31:14.000Z","volume":4000,"label":"X","price":4.905},{"type":"B","date":"2018-04-19T05:34:05.000Z","volume":3000,"label":" ","price":4.9},{"type":"B","date":"2018-04-19T05:34:12.000Z","volume":1000,"label":" ","price":4.88},{"type":"B","date":"2018-04-19T05:35:05.000Z","volume":1000,"label":" ","price":4.88},{"type":"B","date":"2018-04-19T05:35:58.000Z","volume":1000,"label":" ","price":4.85},{"type":"B","date":"2018-04-19T05:35:58.000Z","volume":1000,"label":" ","price":4.85},{"type":"B","date":"2018-04-19T05:42:40.000Z","volume":1000,"label":" ","price":4.87},{"type":"A","date":"2018-04-19T05:44:39.000Z","volume":1000,"label":" ","price":4.88},{"type":"A","date":"2018-04-19T05:44:46.000Z","volume":4000,"label":" ","price":4.88},{"type":"B","date":"2018-04-19T05:45:04.000Z","volume":1000,"label":"Y","price":4.87},{"type":"B","date":"2018-04-19T05:45:04.000Z","volume":9000,"label":" ","price":4.87},{"type":"B","date":"2018-04-19T05:48:09.000Z","volume":1000,"label":" ","price":4.85},{"type":"U","date":"2018-04-19T05:48:09.000Z","volume":1000,"label":" ","price":4.85},{"type":"A","date":"2018-04-19T05:49:12.000Z","volume":1000,"label":" ","price":4.9},{"type":"B","date":"2018-04-19T05:49:18.000Z","volume":1000,"label":" ","price":4.86},{"type":"U","date":"2018-04-19T05:52:32.000Z","volume":2000,"label":"X","price":4.895},{"type":"B","date":"2018-04-19T05:53:01.000Z","volume":4000,"label":" ","price":4.89},{"type":"A","date":"2018-04-19T05:55:21.000Z","volume":1000,"label":" ","price":4.9},{"type":"B","date":"2018-04-19T05:57:07.000Z","volume":1000,"label":" ","price":4.9},{"type":"B","date":"2018-04-19T06:00:20.000Z","volume":1000,"label":" ","price":4.89},{"type":"B","date":"2018-04-19T06:00:20.000Z","volume":1000,"label":" ","price":4.89},{"type":"A","date":"2018-04-19T06:04:20.000Z","volume":2000,"label":" ","price":4.91},{"type":"B","date":"2018-04-19T06:04:24.000Z","volume":1000,"label":" ","price":4.89},{"type":"B","date":"2018-04-19T06:05:37.000Z","volume":4000,"label":" ","price":4.9},{"type":"B","date":"2018-04-19T06:06:44.000Z","volume":1000,"label":" ","price":4.9},{"type":"A","date":"2018-04-19T06:07:08.000Z","volume":1000,"label":" ","price":4.91},{"type":"B","date":"2018-04-19T06:12:31.000Z","volume":1000,"label":" ","price":4.89},{"type":"B","date":"2018-04-19T06:12:31.000Z","volume":1000,"label":" ","price":4.89},{"type":"B","date":"2018-04-19T06:13:00.000Z","volume":3000,"label":" ","price":4.9},{"type":"B","date":"2018-04-19T06:13:31.000Z","volume":1000,"label":" ","price":4.9},{"type":"U","date":"2018-04-19T06:13:52.000Z","volume":4000,"label":"X","price":4.905},{"type":"B","date":"2018-04-19T06:17:36.000Z","volume":2000,"label":" ","price":4.89},{"type":"B","date":"2018-04-19T06:19:29.000Z","volume":1000,"label":" ","price":4.86},{"type":"A","date":"2018-04-19T06:24:21.000Z","volume":2000,"label":" ","price":4.9},{"type":"B","date":"2018-04-19T06:24:42.000Z","volume":1000,"label":" ","price":4.86},{"type":"B","date":"2018-04-19T06:24:42.000Z","volume":1000,"label":" ","price":4.86},{"type":"B","date":"2018-04-19T06:31:38.000Z","volume":4000,"label":" ","price":4.86},{"type":"U","date":"2018-04-19T06:31:43.000Z","volume":4000,"label":"X","price":4.86},{"type":"A","date":"2018-04-19T06:31:47.000Z","volume":7000,"label":" ","price":4.86},{"type":"A","date":"2018-04-19T06:31:47.000Z","volume":10000,"label":"Y","price":4.86},{"type":"U","date":"2018-04-19T06:31:53.000Z","volume":5000,"label":"X","price":4.88},{"type":"A","date":"2018-04-19T06:32:24.000Z","volume":1000,"label":" ","price":4.86},{"type":"A","date":"2018-04-19T06:33:17.000Z","volume":2000,"label":" ","price":4.86},{"type":"A","date":"2018-04-19T06:34:07.000Z","volume":1000,"label":" ","price":4.86},{"type":"B","date":"2018-04-19T06:34:34.000Z","volume":1000,"label":" ","price":4.85},{"type":"B","date":"2018-04-19T06:36:30.000Z","volume":6000,"label":" ","price":4.85},{"type":"B","date":"2018-04-19T06:36:35.000Z","volume":5000,"label":" ","price":4.85},{"type":"B","date":"2018-04-19T06:36:41.000Z","volume":3000,"label":" ","price":4.85},{"type":"B","date":"2018-04-19T06:36:42.000Z","volume":3000,"label":" ","price":4.85},{"type":"B","date":"2018-04-19T06:36:49.000Z","volume":2000,"label":" ","price":4.85},{"type":"B","date":"2018-04-19T06:36:53.000Z","volume":1000,"label":" ","price":4.85},{"type":"B","date":"2018-04-19T06:36:53.000Z","volume":1000,"label":" ","price":4.85},{"type":"B","date":"2018-04-19T06:36:53.000Z","volume":1000,"label":" ","price":4.85},{"type":"B","date":"2018-04-19T06:36:55.000Z","volume":1000,"label":" ","price":4.85},{"type":"B","date":"2018-04-19T06:37:06.000Z","volume":1000,"label":" ","price":4.85},{"type":"B","date":"2018-04-19T06:37:06.000Z","volume":18000,"label":" ","price":4.84},{"type":"B","date":"2018-04-19T06:37:06.000Z","volume":12000,"label":" ","price":4.84},{"type":"B","date":"2018-04-19T06:37:09.000Z","volume":10000,"label":" ","price":4.84},{"type":"B","date":"2018-04-19T06:37:14.000Z","volume":26000,"label":" ","price":4.84},{"type":"B","date":"2018-04-19T06:38:24.000Z","volume":1000,"label":" ","price":4.84},{"type":"B","date":"2018-04-19T06:38:34.000Z","volume":2000,"label":" ","price":4.84},{"type":"B","date":"2018-04-19T06:38:35.000Z","volume":1000,"label":" ","price":4.84},{"type":"B","date":"2018-04-19T06:38:35.000Z","volume":5000,"label":" ","price":4.84},{"type":"U","date":"2018-04-19T06:40:23.000Z","volume":5000,"label":"X","price":4.84},{"type":"A","date":"2018-04-19T06:40:45.000Z","volume":1000,"label":" ","price":4.85},{"type":"A","date":"2018-04-19T06:41:55.000Z","volume":3000,"label":"Y","price":4.85},{"type":"A","date":"2018-04-19T06:41:55.000Z","volume":2000,"label":" ","price":4.85},{"type":"A","date":"2018-04-19T06:41:58.000Z","volume":1000,"label":" ","price":4.85},{"type":"A","date":"2018-04-19T06:42:36.000Z","volume":1000,"label":" ","price":4.85},{"type":"B","date":"2018-04-19T06:42:54.000Z","volume":1000,"label":" ","price":4.84},{"type":"B","date":"2018-04-19T06:42:58.000Z","volume":2000,"label":" ","price":4.84},{"type":"B","date":"2018-04-19T06:43:00.000Z","volume":1000,"label":" ","price":4.84},{"type":"B","date":"2018-04-19T06:43:33.000Z","volume":3000,"label":" ","price":4.84},{"type":"B","date":"2018-04-19T06:43:33.000Z","volume":8000,"label":" ","price":4.84},{"type":"B","date":"2018-04-19T06:43:42.000Z","volume":12000,"label":" ","price":4.84},{"type":"B","date":"2018-04-19T06:43:42.000Z","volume":28000,"label":" ","price":4.84},{"type":"B","date":"2018-04-19T06:49:04.000Z","volume":1000,"label":" ","price":4.81},{"type":"B","date":"2018-04-19T06:49:05.000Z","volume":1000,"label":" ","price":4.81},{"type":"B","date":"2018-04-19T06:49:08.000Z","volume":6000,"label":" ","price":4.81},{"type":"B","date":"2018-04-19T06:49:39.000Z","volume":1000,"label":" ","price":4.81},{"type":"U","date":"2018-04-19T06:51:25.000Z","volume":4000,"label":"X","price":4.84},{"type":"U","date":"2018-04-19T06:52:16.000Z","volume":1000,"label":" ","price":4.84},{"type":"A","date":"2018-04-19T06:53:11.000Z","volume":2000,"label":" ","price":4.85},{"type":"A","date":"2018-04-19T06:58:27.000Z","volume":2000,"label":" ","price":4.85},{"type":"B","date":"2018-04-19T07:01:16.000Z","volume":1000,"label":" ","price":4.83},{"type":"B","date":"2018-04-19T07:01:16.000Z","volume":1000,"label":" ","price":4.83},{"type":"B","date":"2018-04-19T07:04:44.000Z","volume":1000,"label":" ","price":4.83},{"type":"A","date":"2018-04-19T07:08:21.000Z","volume":1000,"label":" ","price":4.85},{"type":"A","date":"2018-04-19T07:09:24.000Z","volume":1000,"label":" ","price":4.85},{"type":"B","date":"2018-04-19T07:13:26.000Z","volume":1000,"label":" ","price":4.83},{"type":"B","date":"2018-04-19T07:13:26.000Z","volume":1000,"label":" ","price":4.83},{"type":"A","date":"2018-04-19T07:14:22.000Z","volume":1000,"label":" ","price":4.85},{"type":"U","date":"2018-04-19T07:15:06.000Z","volume":4000,"label":"X","price":4.83},{"type":"U","date":"2018-04-19T07:15:06.000Z","volume":2000,"label":"X","price":4.83},{"type":"U","date":"2018-04-19T07:15:06.000Z","volume":1000,"label":"X","price":4.83},{"type":"U","date":"2018-04-19T07:15:06.000Z","volume":3000,"label":"X","price":4.83},{"type":"U","date":"2018-04-19T07:15:10.000Z","volume":3000,"label":"X","price":4.83},{"type":"B","date":"2018-04-19T07:15:11.000Z","volume":1000,"label":" ","price":4.83},{"type":"U","date":"2018-04-19T07:15:16.000Z","volume":1000,"label":"X","price":4.83},{"type":"B","date":"2018-04-19T07:15:17.000Z","volume":1000,"label":" ","price":4.83},{"type":"U","date":"2018-04-19T07:15:23.000Z","volume":2000,"label":"X","price":4.83},{"type":"B","date":"2018-04-19T07:16:14.000Z","volume":1000,"label":" ","price":4.83},{"type":"B","date":"2018-04-19T07:16:14.000Z","volume":1000,"label":" ","price":4.83},{"type":"A","date":"2018-04-19T07:17:25.000Z","volume":1000,"label":" ","price":4.85},{"type":"B","date":"2018-04-19T07:18:38.000Z","volume":3000,"label":" ","price":4.83},{"type":"B","date":"2018-04-19T07:19:49.000Z","volume":1000,"label":" ","price":4.8},{"type":"B","date":"2018-04-19T07:25:37.000Z","volume":1000,"label":" ","price":4.8},{"type":"B","date":"2018-04-19T07:25:37.000Z","volume":1000,"label":" ","price":4.8},{"type":"B","date":"2018-04-19T07:29:02.000Z","volume":3000,"label":" ","price":4.8},{"type":"U","date":"2018-04-19T07:29:07.000Z","volume":6000,"label":"X","price":4.8},{"type":"B","date":"2018-04-19T07:29:19.000Z","volume":36000,"label":" ","price":4.8},{"type":"A","date":"2018-04-19T07:29:37.000Z","volume":1000,"label":" ","price":4.8},{"type":"A","date":"2018-04-19T07:29:49.000Z","volume":3000,"label":"Y","price":4.8},{"type":"A","date":"2018-04-19T07:30:18.000Z","volume":1000,"label":" ","price":4.8},{"type":"A","date":"2018-04-19T07:30:52.000Z","volume":4000,"label":"Y","price":4.8},{"type":"A","date":"2018-04-19T07:31:02.000Z","volume":1000,"label":" ","price":4.8},{"type":"A","date":"2018-04-19T07:31:02.000Z","volume":2000,"label":" ","price":4.8},{"type":"A","date":"2018-04-19T07:31:02.000Z","volume":1000,"label":" ","price":4.8},{"type":"A","date":"2018-04-19T07:31:55.000Z","volume":1000,"label":" ","price":4.83},{"type":"B","date":"2018-04-19T07:34:54.000Z","volume":1000,"label":" ","price":4.79},{"type":"A","date":"2018-04-19T07:36:17.000Z","volume":1000,"label":" ","price":4.83},{"type":"B","date":"2018-04-19T07:36:17.000Z","volume":1000,"label":" ","price":4.8},{"type":"U","date":"2018-04-19T07:36:29.000Z","volume":2000,"label":"X","price":4.815},{"type":"B","date":"2018-04-19T07:37:49.000Z","volume":1000,"label":" ","price":4.81},{"type":"B","date":"2018-04-19T07:37:49.000Z","volume":1000,"label":" ","price":4.81},{"type":"B","date":"2018-04-19T07:39:39.000Z","volume":1000,"label":" ","price":4.82},{"type":"U","date":"2018-04-19T07:39:44.000Z","volume":5000,"label":"X","price":4.83},{"type":"B","date":"2018-04-19T07:40:12.000Z","volume":4000,"label":" ","price":4.83},{"type":"U","date":"2018-04-19T07:42:04.000Z","volume":7000,"label":"X","price":4.8},{"type":"B","date":"2018-04-19T07:42:23.000Z","volume":8000,"label":" ","price":4.8},{"type":"B","date":"2018-04-19T07:45:41.000Z","volume":1000,"label":" ","price":4.8},{"type":"B","date":"2018-04-19T07:45:47.000Z","volume":1000,"label":" ","price":4.8},{"type":"B","date":"2018-04-19T07:46:02.000Z","volume":1000,"label":" ","price":4.8},{"type":"B","date":"2018-04-19T07:47:30.000Z","volume":3000,"label":" ","price":4.8},{"type":"B","date":"2018-04-19T07:47:30.000Z","volume":1000,"label":" ","price":4.8},{"type":"A","date":"2018-04-19T07:47:31.000Z","volume":1000,"label":" ","price":4.8},{"type":"B","date":"2018-04-19T07:50:00.000Z","volume":1000,"label":" ","price":4.79},{"type":"B","date":"2018-04-19T07:50:00.000Z","volume":1000,"label":" ","price":4.79},{"type":"B","date":"2018-04-19T07:50:00.000Z","volume":1000,"label":" ","price":4.79},{"type":"A","date":"2018-04-19T07:50:56.000Z","volume":2000,"label":" ","price":4.83},{"type":"B","date":"2018-04-19T07:50:56.000Z","volume":12000,"label":" ","price":4.8},{"type":"B","date":"2018-04-19T07:50:56.000Z","volume":12000,"label":" ","price":4.8},{"type":"B","date":"2018-04-19T07:51:02.000Z","volume":7000,"label":" ","price":4.8},{"type":"A","date":"2018-04-19T07:51:02.000Z","volume":2000,"label":" ","price":4.84},{"type":"B","date":"2018-04-19T07:51:06.000Z","volume":5000,"label":" ","price":4.8},{"type":"B","date":"2018-04-19T07:51:06.000Z","volume":3000,"label":" ","price":4.8},{"type":"B","date":"2018-04-19T07:51:19.000Z","volume":1000,"label":" ","price":4.82},{"type":"U","date":"2018-04-19T07:51:33.000Z","volume":1000,"label":"X","price":4.835},{"type":"U","date":"2018-04-19T07:51:38.000Z","volume":1000,"label":"X","price":4.85},{"type":"U","date":"2018-04-19T07:51:39.000Z","volume":3000,"label":"X","price":4.835},{"type":"U","date":"2018-04-19T07:51:45.000Z","volume":2000,"label":"X","price":4.835},{"type":"U","date":"2018-04-19T07:51:48.000Z","volume":1000,"label":"X","price":4.835},{"type":"U","date":"2018-04-19T07:51:55.000Z","volume":1000,"label":"X","price":4.84},{"type":"B","date":"2018-04-19T07:53:00.000Z","volume":1000,"label":" ","price":4.83},{"type":"B","date":"2018-04-19T07:53:01.000Z","volume":1000,"label":" ","price":4.83},{"type":"B","date":"2018-04-19T07:53:14.000Z","volume":3000,"label":" ","price":4.83},{"type":"A","date":"2018-04-19T07:53:14.000Z","volume":1000,"label":" ","price":4.84},{"type":"B","date":"2018-04-19T07:53:15.000Z","volume":8000,"label":" ","price":4.8},{"type":"B","date":"2018-04-19T07:53:36.000Z","volume":1000,"label":" ","price":4.8},{"type":"B","date":"2018-04-19T07:53:40.000Z","volume":1000,"label":" ","price":4.8},{"type":"B","date":"2018-04-19T07:53:45.000Z","volume":1000,"label":" ","price":4.8},{"type":"A","date":"2018-04-19T07:54:08.000Z","volume":1000,"label":"Y","price":4.85},{"type":"B","date":"2018-04-19T07:55:25.000Z","volume":1000,"label":" ","price":4.8},{"type":"B","date":"2018-04-19T07:56:31.000Z","volume":1000,"label":" ","price":4.8},{"type":"B","date":"2018-04-19T07:56:35.000Z","volume":1000,"label":" ","price":4.8},{"type":"B","date":"2018-04-19T07:57:15.000Z","volume":1000,"label":" ","price":4.8},{"type":"B","date":"2018-04-19T07:57:37.000Z","volume":1000,"label":" ","price":4.8},{"type":"B","date":"2018-04-19T07:57:44.000Z","volume":3000,"label":" ","price":4.8},{"type":"B","date":"2018-04-19T07:57:45.000Z","volume":1000,"label":" ","price":4.8},{"type":"B","date":"2018-04-19T07:59:04.000Z","volume":2000,"label":"Y","price":4.81},{"type":"A","date":"2018-04-19T07:59:27.000Z","volume":1000,"label":" ","price":4.84},{"type":"A","date":"2018-04-19T07:59:27.000Z","volume":3000,"label":" ","price":4.84},{"type":"U","date":"2018-04-19T08:08:09.000Z","volume":20000,"label":"U","price":4.83}]