[{"type":"A","date":"2018-03-20T07:59:54.000Z","volume":19200,"price":21.45,"category":"ubbull"},{"type":"A","date":"2018-03-20T07:59:43.000Z","volume":12000,"price":21.45,"category":"ubbull"},{"type":"A","date":"2018-03-20T07:59:37.000Z","volume":20000,"price":21.45,"category":"ubbull"},{"type":"A","date":"2018-03-20T07:59:37.000Z","volume":14400,"price":21.45,"category":"ubbull"},{"type":"A","date":"2018-03-20T07:58:54.000Z","volume":12000,"price":21.45,"category":"ubbull"},{"type":"A","date":"2018-03-20T07:58:54.000Z","volume":10000,"price":21.45,"category":"ubbull"},{"type":"A","date":"2018-03-20T07:57:18.000Z","volume":24000,"price":21.45,"category":"ubbull"},{"type":"A","date":"2018-03-20T07:55:24.000Z","volume":10000,"price":21.4,"category":"ubbull"},{"type":"A","date":"2018-03-20T07:54:11.000Z","volume":24800,"price":21.35,"category":"ubbull"},{"type":"A","date":"2018-03-20T07:52:18.000Z","volume":10000,"price":21.35,"category":"ubbull"},{"type":"A","date":"2018-03-20T07:50:20.000Z","volume":22000,"price":21.35,"category":"ubbull"},{"type":"A","date":"2018-03-20T07:50:11.000Z","volume":17200,"price":21.35,"category":"ubbull"},{"type":"A","date":"2018-03-20T07:49:32.000Z","volume":10800,"price":21.35,"category":"ubbull"},{"type":"A","date":"2018-03-20T07:48:57.000Z","volume":12400,"price":21.35,"category":"ubbull"},{"type":"A","date":"2018-03-20T07:48:29.000Z","volume":20000,"price":21.35,"category":"ubbull"},{"type":"A","date":"2018-03-20T07:48:25.000Z","volume":14000,"price":21.35,"category":"ubbull"},{"type":"A","date":"2018-03-20T07:47:41.000Z","volume":10000,"price":21.4,"category":"ubbull"},{"type":"A","date":"2018-03-20T07:47:41.000Z","volume":10000,"price":21.35,"category":"ubbull"},{"type":"A","date":"2018-03-20T07:47:15.000Z","volume":21600,"price":21.4,"category":"ubbull"},{"type":"A","date":"2018-03-20T07:47:12.000Z","volume":40400,"price":21.4,"category":"ubbull"},{"type":"A","date":"2018-03-20T07:46:45.000Z","volume":9600,"price":21.4,"category":"ubbull"},{"type":"A","date":"2018-03-20T07:45:53.000Z","volume":15600,"price":21.4,"category":"ubbull"},{"type":"A","date":"2018-03-20T07:45:15.000Z","volume":21600,"price":21.4,"category":"ubbull"},{"type":"A","date":"2018-03-20T07:43:15.000Z","volume":22000,"price":21.4,"category":"ubbull"},{"type":"A","date":"2018-03-20T07:37:15.000Z","volume":22000,"price":21.4,"category":"ubbull"},{"type":"A","date":"2018-03-20T07:35:36.000Z","volume":19600,"price":21.35,"category":"ubbull"},{"type":"A","date":"2018-03-20T07:34:03.000Z","volume":20000,"price":21.35,"category":"ubbull"},{"type":"A","date":"2018-03-20T07:30:56.000Z","volume":10000,"price":21.35,"category":"ubbull"},{"type":"A","date":"2018-03-20T07:23:33.000Z","volume":10000,"price":21.35,"category":"ubbull"},{"type":"A","date":"2018-03-20T07:20:18.000Z","volume":18000,"price":21.35,"category":"ubbull"},{"type":"A","date":"2018-03-20T07:19:05.000Z","volume":10000,"price":21.35,"category":"ubbull"},{"type":"A","date":"2018-03-20T07:16:31.000Z","volume":10000,"price":21.35,"category":"ubbull"},{"type":"A","date":"2018-03-20T07:14:48.000Z","volume":30400,"price":21.4,"category":"ubbull"},{"type":"A","date":"2018-03-20T07:14:46.000Z","volume":8400,"price":21.35,"category":"ubbull"},{"type":"A","date":"2018-03-20T07:13:44.000Z","volume":48800,"price":21.35,"category":"ubbull"},{"type":"A","date":"2018-03-20T07:12:54.000Z","volume":12000,"price":21.35,"category":"ubbull"},{"type":"A","date":"2018-03-20T07:12:54.000Z","volume":9600,"price":21.35,"category":"ubbull"},{"type":"A","date":"2018-03-20T07:12:54.000Z","volume":21200,"price":21.35,"category":"ubbull"},{"type":"A","date":"2018-03-20T07:06:21.000Z","volume":18800,"price":21.35,"category":"ubbull"},{"type":"A","date":"2018-03-20T07:05:10.000Z","volume":10000,"price":21.4,"category":"ubbull"},{"type":"A","date":"2018-03-20T06:58:31.000Z","volume":10000,"price":21.4,"category":"ubbull"},{"type":"A","date":"2018-03-20T06:58:10.000Z","volume":20000,"price":21.4,"category":"ubbull"},{"type":"A","date":"2018-03-20T06:56:42.000Z","volume":10000,"price":21.35,"category":"ubbull"},{"type":"A","date":"2018-03-20T06:55:23.000Z","volume":18000,"price":21.4,"category":"ubbull"},{"type":"A","date":"2018-03-20T06:53:43.000Z","volume":22400,"price":21.4,"category":"ubbull"},{"type":"A","date":"2018-03-20T06:53:43.000Z","volume":54800,"price":21.4,"category":"ubbull"},{"type":"A","date":"2018-03-20T06:49:55.000Z","volume":10000,"price":21.4,"category":"ubbull"},{"type":"A","date":"2018-03-20T06:49:38.000Z","volume":10000,"price":21.4,"category":"ubbull"},{"type":"A","date":"2018-03-20T06:43:42.000Z","volume":12800,"price":21.4,"category":"ubbull"},{"type":"A","date":"2018-03-20T06:43:42.000Z","volume":12800,"price":21.4,"category":"ubbull"},{"type":"A","date":"2018-03-20T06:43:25.000Z","volume":25200,"price":21.4,"category":"ubbull"},{"type":"A","date":"2018-03-20T06:43:01.000Z","volume":10400,"price":21.4,"category":"ubbull"},{"type":"A","date":"2018-03-20T06:39:52.000Z","volume":38400,"price":21.35,"category":"ubbull"},{"type":"A","date":"2018-03-20T06:39:48.000Z","volume":10400,"price":21.35,"category":"ubbull"},{"type":"A","date":"2018-03-20T06:39:48.000Z","volume":10800,"price":21.35,"category":"ubbull"},{"type":"A","date":"2018-03-20T06:35:24.000Z","volume":48000,"price":21.45,"category":"ubbull"},{"type":"A","date":"2018-03-20T06:35:23.000Z","volume":80000,"price":21.4,"category":"ubbull"},{"type":"A","date":"2018-03-20T06:34:07.000Z","volume":12000,"price":21.4,"category":"ubbull"},{"type":"A","date":"2018-03-20T06:30:06.000Z","volume":22400,"price":21.45,"category":"ubbull"},{"type":"A","date":"2018-03-20T06:26:36.000Z","volume":8800,"price":21.5,"category":"ubbull"},{"type":"A","date":"2018-03-20T06:23:06.000Z","volume":16800,"price":21.5,"category":"ubbull"},{"type":"A","date":"2018-03-20T06:17:41.000Z","volume":10000,"price":21.5,"category":"ubbull"},{"type":"A","date":"2018-03-20T06:16:38.000Z","volume":10000,"price":21.5,"category":"ubbull"},{"type":"A","date":"2018-03-20T06:11:45.000Z","volume":10000,"price":21.55,"category":"ubbull"},{"type":"A","date":"2018-03-20T06:11:07.000Z","volume":10400,"price":21.5,"category":"ubbull"},{"type":"A","date":"2018-03-20T06:06:04.000Z","volume":15200,"price":21.55,"category":"ubbull"},{"type":"A","date":"2018-03-20T06:05:36.000Z","volume":10000,"price":21.55,"category":"ubbull"},{"type":"A","date":"2018-03-20T06:03:55.000Z","volume":10000,"price":21.6,"category":"ubbull"},{"type":"A","date":"2018-03-20T05:59:23.000Z","volume":8800,"price":21.6,"category":"ubbull"},{"type":"A","date":"2018-03-20T05:58:37.000Z","volume":10000,"price":21.5,"category":"ubbull"},{"type":"A","date":"2018-03-20T05:58:36.000Z","volume":10000,"price":21.5,"category":"ubbull"},{"type":"A","date":"2018-03-20T05:58:36.000Z","volume":10000,"price":21.5,"category":"ubbull"},{"type":"A","date":"2018-03-20T05:58:36.000Z","volume":20800,"price":21.5,"category":"ubbull"},{"type":"A","date":"2018-03-20T05:57:09.000Z","volume":10000,"price":21.5,"category":"ubbull"},{"type":"A","date":"2018-03-20T05:56:06.000Z","volume":9200,"price":21.5,"category":"ubbull"},{"type":"A","date":"2018-03-20T05:54:45.000Z","volume":13200,"price":21.5,"category":"ubbull"},{"type":"A","date":"2018-03-20T05:54:45.000Z","volume":85200,"price":21.5,"category":"ubbull"},{"type":"A","date":"2018-03-20T05:54:45.000Z","volume":16800,"price":21.5,"category":"ubbull"},{"type":"A","date":"2018-03-20T05:36:57.000Z","volume":10000,"price":21.5,"category":"ubbull"},{"type":"A","date":"2018-03-20T05:30:57.000Z","volume":11600,"price":21.55,"category":"ubbull"},{"type":"A","date":"2018-03-20T05:26:48.000Z","volume":16000,"price":21.55,"category":"ubbull"},{"type":"A","date":"2018-03-20T05:02:50.000Z","volume":10000,"price":21.7,"category":"ubbull"},{"type":"A","date":"2018-03-20T03:57:15.000Z","volume":16400,"price":21.65,"category":"ubbull"},{"type":"A","date":"2018-03-20T03:57:15.000Z","volume":28000,"price":21.65,"category":"ubbull"},{"type":"A","date":"2018-03-20T03:57:15.000Z","volume":40400,"price":21.6,"category":"ubbull"},{"type":"A","date":"2018-03-20T03:56:54.000Z","volume":30400,"price":21.55,"category":"ubbull"},{"type":"A","date":"2018-03-20T03:50:00.000Z","volume":42400,"price":21.8,"category":"ubbull"},{"type":"A","date":"2018-03-20T03:49:50.000Z","volume":20800,"price":21.7,"category":"ubbull"},{"type":"A","date":"2018-03-20T03:22:42.000Z","volume":16000,"price":21.7,"category":"ubbull"},{"type":"A","date":"2018-03-20T03:13:11.000Z","volume":20000,"price":21.7,"category":"ubbull"},{"type":"A","date":"2018-03-20T03:11:06.000Z","volume":13600,"price":21.7,"category":"ubbull"},{"type":"A","date":"2018-03-20T03:08:33.000Z","volume":23200,"price":21.8,"category":"ubbull"},{"type":"A","date":"2018-03-20T03:06:14.000Z","volume":40000,"price":21.8,"category":"ubbull"},{"type":"A","date":"2018-03-20T03:06:03.000Z","volume":34800,"price":21.8,"category":"ubbull"},{"type":"A","date":"2018-03-20T03:02:51.000Z","volume":64800,"price":21.8,"category":"ubbull"},{"type":"A","date":"2018-03-20T02:53:10.000Z","volume":10000,"price":21.8,"category":"ubbull"},{"type":"A","date":"2018-03-20T02:38:22.000Z","volume":20800,"price":21.8,"category":"ubbull"},{"type":"A","date":"2018-03-20T02:34:34.000Z","volume":11200,"price":21.85,"category":"ubbull"},{"type":"A","date":"2018-03-20T02:05:53.000Z","volume":10000,"price":21.8,"category":"ubbull"},{"type":"A","date":"2018-03-20T02:03:36.000Z","volume":20000,"price":21.8,"category":"ubbull"},{"type":"A","date":"2018-03-20T01:48:58.000Z","volume":17200,"price":21.85,"category":"ubbull"},{"type":"A","date":"2018-03-20T01:40:11.000Z","volume":31200,"price":21.8,"category":"ubbull"},{"type":"A","date":"2018-03-20T01:32:24.000Z","volume":39600,"price":21.8,"category":"ubbull"},{"type":"A","date":"2018-03-20T07:59:59.000Z","volume":8000,"price":21.45,"category":"bbull"},{"type":"A","date":"2018-03-20T07:59:52.000Z","volume":6000,"price":21.45,"category":"bbull"},{"type":"A","date":"2018-03-20T07:59:30.000Z","volume":6000,"price":21.45,"category":"bbull"},{"type":"A","date":"2018-03-20T07:58:26.000Z","volume":2800,"price":21.45,"category":"bbull"},{"type":"A","date":"2018-03-20T07:58:09.000Z","volume":4000,"price":21.45,"category":"bbull"},{"type":"A","date":"2018-03-20T07:55:52.000Z","volume":3600,"price":21.45,"category":"bbull"},{"type":"A","date":"2018-03-20T07:55:29.000Z","volume":5600,"price":21.45,"category":"bbull"},{"type":"A","date":"2018-03-20T07:55:06.000Z","volume":5200,"price":21.4,"category":"bbull"},{"type":"A","date":"2018-03-20T07:55:03.000Z","volume":3200,"price":21.4,"category":"bbull"},{"type":"A","date":"2018-03-20T07:54:57.000Z","volume":3200,"price":21.4,"category":"bbull"},{"type":"A","date":"2018-03-20T07:54:17.000Z","volume":3200,"price":21.4,"category":"bbull"},{"type":"A","date":"2018-03-20T07:54:15.000Z","volume":4400,"price":21.35,"category":"bbull"},{"type":"A","date":"2018-03-20T07:54:11.000Z","volume":4800,"price":21.35,"category":"bbull"},{"type":"A","date":"2018-03-20T07:53:59.000Z","volume":3200,"price":21.35,"category":"bbull"},{"type":"A","date":"2018-03-20T07:53:53.000Z","volume":4000,"price":21.35,"category":"bbull"},{"type":"A","date":"2018-03-20T07:53:48.000Z","volume":3200,"price":21.35,"category":"bbull"},{"type":"A","date":"2018-03-20T07:53:39.000Z","volume":4000,"price":21.35,"category":"bbull"},{"type":"A","date":"2018-03-20T07:53:33.000Z","volume":2800,"price":21.35,"category":"bbull"},{"type":"A","date":"2018-03-20T07:53:30.000Z","volume":3200,"price":21.35,"category":"bbull"},{"type":"A","date":"2018-03-20T07:53:25.000Z","volume":3200,"price":21.35,"category":"bbull"},{"type":"A","date":"2018-03-20T07:53:04.000Z","volume":6000,"price":21.35,"category":"bbull"},{"type":"A","date":"2018-03-20T07:52:49.000Z","volume":2800,"price":21.35,"category":"bbull"},{"type":"A","date":"2018-03-20T07:52:32.000Z","volume":2800,"price":21.35,"category":"bbull"},{"type":"A","date":"2018-03-20T07:51:17.000Z","volume":3600,"price":21.35,"category":"bbull"},{"type":"A","date":"2018-03-20T07:50:54.000Z","volume":3200,"price":21.35,"category":"bbull"},{"type":"A","date":"2018-03-20T07:50:02.000Z","volume":4000,"price":21.35,"category":"bbull"},{"type":"A","date":"2018-03-20T07:48:37.000Z","volume":4000,"price":21.35,"category":"bbull"},{"type":"A","date":"2018-03-20T07:46:29.000Z","volume":6000,"price":21.35,"category":"bbull"},{"type":"A","date":"2018-03-20T07:44:37.000Z","volume":2800,"price":21.35,"category":"bbull"},{"type":"A","date":"2018-03-20T07:42:52.000Z","volume":3200,"price":21.35,"category":"bbull"},{"type":"A","date":"2018-03-20T07:42:33.000Z","volume":3200,"price":21.35,"category":"bbull"},{"type":"A","date":"2018-03-20T07:41:59.000Z","volume":3200,"price":21.35,"category":"bbull"},{"type":"A","date":"2018-03-20T07:41:18.000Z","volume":3200,"price":21.35,"category":"bbull"},{"type":"A","date":"2018-03-20T07:40:01.000Z","volume":4800,"price":21.35,"category":"bbull"},{"type":"A","date":"2018-03-20T07:39:48.000Z","volume":3600,"price":21.35,"category":"bbull"},{"type":"A","date":"2018-03-20T07:39:26.000Z","volume":3600,"price":21.35,"category":"bbull"},{"type":"A","date":"2018-03-20T07:38:04.000Z","volume":5600,"price":21.4,"category":"bbull"},{"type":"A","date":"2018-03-20T07:36:21.000Z","volume":3600,"price":21.35,"category":"bbull"},{"type":"A","date":"2018-03-20T07:35:45.000Z","volume":6400,"price":21.35,"category":"bbull"},{"type":"A","date":"2018-03-20T07:35:43.000Z","volume":5200,"price":21.35,"category":"bbull"},{"type":"A","date":"2018-03-20T07:35:15.000Z","volume":6400,"price":21.35,"category":"bbull"},{"type":"A","date":"2018-03-20T07:34:17.000Z","volume":4800,"price":21.35,"category":"bbull"},{"type":"A","date":"2018-03-20T07:31:49.000Z","volume":5200,"price":21.35,"category":"bbull"},{"type":"A","date":"2018-03-20T07:31:41.000Z","volume":3200,"price":21.35,"category":"bbull"},{"type":"A","date":"2018-03-20T07:30:48.000Z","volume":8000,"price":21.35,"category":"bbull"},{"type":"A","date":"2018-03-20T07:27:54.000Z","volume":2800,"price":21.35,"category":"bbull"},{"type":"A","date":"2018-03-20T07:25:14.000Z","volume":6000,"price":21.35,"category":"bbull"},{"type":"A","date":"2018-03-20T07:24:31.000Z","volume":5200,"price":21.35,"category":"bbull"},{"type":"A","date":"2018-03-20T07:21:23.000Z","volume":5600,"price":21.35,"category":"bbull"},{"type":"A","date":"2018-03-20T07:17:23.000Z","volume":6000,"price":21.4,"category":"bbull"},{"type":"A","date":"2018-03-20T07:13:32.000Z","volume":7200,"price":21.35,"category":"bbull"},{"type":"A","date":"2018-03-20T07:12:54.000Z","volume":7600,"price":21.35,"category":"bbull"},{"type":"A","date":"2018-03-20T07:11:44.000Z","volume":3200,"price":21.4,"category":"bbull"},{"type":"A","date":"2018-03-20T07:11:37.000Z","volume":5200,"price":21.4,"category":"bbull"},{"type":"A","date":"2018-03-20T07:10:05.000Z","volume":4400,"price":21.4,"category":"bbull"},{"type":"A","date":"2018-03-20T07:07:42.000Z","volume":4800,"price":21.4,"category":"bbull"},{"type":"A","date":"2018-03-20T07:07:09.000Z","volume":4000,"price":21.4,"category":"bbull"},{"type":"A","date":"2018-03-20T07:06:52.000Z","volume":3600,"price":21.4,"category":"bbull"},{"type":"A","date":"2018-03-20T07:06:21.000Z","volume":6400,"price":21.35,"category":"bbull"},{"type":"A","date":"2018-03-20T07:06:21.000Z","volume":7200,"price":21.35,"category":"bbull"},{"type":"A","date":"2018-03-20T07:03:22.000Z","volume":6000,"price":21.4,"category":"bbull"},{"type":"A","date":"2018-03-20T07:02:48.000Z","volume":8000,"price":21.4,"category":"bbull"},{"type":"A","date":"2018-03-20T07:00:21.000Z","volume":5200,"price":21.4,"category":"bbull"},{"type":"A","date":"2018-03-20T06:58:35.000Z","volume":6000,"price":21.4,"category":"bbull"},{"type":"A","date":"2018-03-20T06:58:24.000Z","volume":6000,"price":21.4,"category":"bbull"},{"type":"A","date":"2018-03-20T06:58:05.000Z","volume":4400,"price":21.4,"category":"bbull"},{"type":"A","date":"2018-03-20T06:54:20.000Z","volume":3200,"price":21.4,"category":"bbull"},{"type":"A","date":"2018-03-20T06:53:42.000Z","volume":3600,"price":21.4,"category":"bbull"},{"type":"A","date":"2018-03-20T06:51:35.000Z","volume":5200,"price":21.4,"category":"bbull"},{"type":"A","date":"2018-03-20T06:50:26.000Z","volume":4000,"price":21.4,"category":"bbull"},{"type":"A","date":"2018-03-20T06:45:54.000Z","volume":2800,"price":21.4,"category":"bbull"},{"type":"A","date":"2018-03-20T06:45:47.000Z","volume":4000,"price":21.4,"category":"bbull"},{"type":"A","date":"2018-03-20T06:43:38.000Z","volume":3600,"price":21.4,"category":"bbull"},{"type":"A","date":"2018-03-20T06:43:29.000Z","volume":7200,"price":21.4,"category":"bbull"},{"type":"A","date":"2018-03-20T06:43:25.000Z","volume":3200,"price":21.4,"category":"bbull"},{"type":"A","date":"2018-03-20T06:43:25.000Z","volume":4000,"price":21.4,"category":"bbull"},{"type":"A","date":"2018-03-20T06:43:25.000Z","volume":3200,"price":21.4,"category":"bbull"},{"type":"A","date":"2018-03-20T06:42:09.000Z","volume":4000,"price":21.4,"category":"bbull"},{"type":"A","date":"2018-03-20T06:41:50.000Z","volume":6400,"price":21.4,"category":"bbull"},{"type":"A","date":"2018-03-20T06:39:48.000Z","volume":8000,"price":21.35,"category":"bbull"},{"type":"A","date":"2018-03-20T06:39:48.000Z","volume":8000,"price":21.35,"category":"bbull"},{"type":"A","date":"2018-03-20T06:37:29.000Z","volume":4400,"price":21.35,"category":"bbull"},{"type":"A","date":"2018-03-20T06:37:29.000Z","volume":6800,"price":21.35,"category":"bbull"},{"type":"A","date":"2018-03-20T06:36:38.000Z","volume":7200,"price":21.4,"category":"bbull"},{"type":"A","date":"2018-03-20T06:36:38.000Z","volume":6800,"price":21.4,"category":"bbull"},{"type":"A","date":"2018-03-20T06:31:43.000Z","volume":4000,"price":21.4,"category":"bbull"},{"type":"A","date":"2018-03-20T06:28:21.000Z","volume":6400,"price":21.45,"category":"bbull"},{"type":"A","date":"2018-03-20T06:22:26.000Z","volume":3600,"price":21.5,"category":"bbull"},{"type":"A","date":"2018-03-20T06:20:17.000Z","volume":6000,"price":21.5,"category":"bbull"},{"type":"A","date":"2018-03-20T06:19:57.000Z","volume":4400,"price":21.5,"category":"bbull"},{"type":"A","date":"2018-03-20T06:19:05.000Z","volume":6800,"price":21.5,"category":"bbull"},{"type":"A","date":"2018-03-20T06:18:43.000Z","volume":4000,"price":21.5,"category":"bbull"},{"type":"A","date":"2018-03-20T06:17:45.000Z","volume":2800,"price":21.5,"category":"bbull"},{"type":"A","date":"2018-03-20T06:17:41.000Z","volume":4400,"price":21.5,"category":"bbull"},{"type":"A","date":"2018-03-20T06:17:11.000Z","volume":8000,"price":21.5,"category":"bbull"},{"type":"A","date":"2018-03-20T06:15:46.000Z","volume":4000,"price":21.55,"category":"bbull"},{"type":"A","date":"2018-03-20T06:11:24.000Z","volume":3200,"price":21.55,"category":"bbull"},{"type":"A","date":"2018-03-20T06:11:07.000Z","volume":2800,"price":21.5,"category":"bbull"},{"type":"A","date":"2018-03-20T06:07:50.000Z","volume":5200,"price":21.55,"category":"bbull"},{"type":"A","date":"2018-03-20T06:06:19.000Z","volume":4000,"price":21.55,"category":"bbull"},{"type":"A","date":"2018-03-20T06:05:06.000Z","volume":4800,"price":21.55,"category":"bbull"},{"type":"A","date":"2018-03-20T06:02:04.000Z","volume":6000,"price":21.55,"category":"bbull"},{"type":"A","date":"2018-03-20T05:59:23.000Z","volume":5200,"price":21.6,"category":"bbull"},{"type":"A","date":"2018-03-20T05:59:23.000Z","volume":6000,"price":21.55,"category":"bbull"},{"type":"A","date":"2018-03-20T05:58:37.000Z","volume":4000,"price":21.5,"category":"bbull"},{"type":"A","date":"2018-03-20T05:57:33.000Z","volume":4000,"price":21.5,"category":"bbull"},{"type":"A","date":"2018-03-20T05:56:50.000Z","volume":3200,"price":21.5,"category":"bbull"},{"type":"A","date":"2018-03-20T05:54:45.000Z","volume":3600,"price":21.5,"category":"bbull"},{"type":"A","date":"2018-03-20T05:53:24.000Z","volume":4000,"price":21.55,"category":"bbull"},{"type":"A","date":"2018-03-20T05:44:31.000Z","volume":3600,"price":21.5,"category":"bbull"},{"type":"A","date":"2018-03-20T05:44:14.000Z","volume":6400,"price":21.5,"category":"bbull"},{"type":"A","date":"2018-03-20T05:43:41.000Z","volume":7200,"price":21.5,"category":"bbull"},{"type":"A","date":"2018-03-20T05:40:56.000Z","volume":4400,"price":21.6,"category":"bbull"},{"type":"A","date":"2018-03-20T05:38:33.000Z","volume":5600,"price":21.55,"category":"bbull"},{"type":"A","date":"2018-03-20T05:35:56.000Z","volume":4400,"price":21.5,"category":"bbull"},{"type":"A","date":"2018-03-20T05:35:30.000Z","volume":3200,"price":21.5,"category":"bbull"},{"type":"A","date":"2018-03-20T05:28:51.000Z","volume":5600,"price":21.55,"category":"bbull"},{"type":"A","date":"2018-03-20T05:20:15.000Z","volume":6000,"price":21.6,"category":"bbull"},{"type":"A","date":"2018-03-20T05:18:36.000Z","volume":6400,"price":21.55,"category":"bbull"},{"type":"A","date":"2018-03-20T05:17:28.000Z","volume":3200,"price":21.6,"category":"bbull"},{"type":"A","date":"2018-03-20T05:12:06.000Z","volume":7200,"price":21.5,"category":"bbull"},{"type":"A","date":"2018-03-20T05:00:04.000Z","volume":3200,"price":21.7,"category":"bbull"},{"type":"A","date":"2018-03-20T03:59:33.000Z","volume":4800,"price":21.7,"category":"bbull"},{"type":"A","date":"2018-03-20T03:57:15.000Z","volume":7200,"price":21.7,"category":"bbull"},{"type":"A","date":"2018-03-20T03:55:59.000Z","volume":4800,"price":21.65,"category":"bbull"},{"type":"A","date":"2018-03-20T03:55:38.000Z","volume":3200,"price":21.65,"category":"bbull"},{"type":"A","date":"2018-03-20T03:50:00.000Z","volume":2800,"price":21.75,"category":"bbull"},{"type":"A","date":"2018-03-20T03:39:46.000Z","volume":4400,"price":21.7,"category":"bbull"},{"type":"A","date":"2018-03-20T03:29:51.000Z","volume":4000,"price":21.75,"category":"bbull"},{"type":"A","date":"2018-03-20T03:27:49.000Z","volume":2800,"price":21.75,"category":"bbull"},{"type":"A","date":"2018-03-20T03:25:58.000Z","volume":2800,"price":21.75,"category":"bbull"},{"type":"A","date":"2018-03-20T03:13:23.000Z","volume":3200,"price":21.7,"category":"bbull"},{"type":"A","date":"2018-03-20T03:10:12.000Z","volume":5600,"price":21.8,"category":"bbull"},{"type":"A","date":"2018-03-20T03:08:07.000Z","volume":2800,"price":21.8,"category":"bbull"},{"type":"A","date":"2018-03-20T03:07:56.000Z","volume":2800,"price":21.8,"category":"bbull"},{"type":"A","date":"2018-03-20T03:07:41.000Z","volume":2800,"price":21.8,"category":"bbull"},{"type":"A","date":"2018-03-20T03:07:02.000Z","volume":5600,"price":21.8,"category":"bbull"},{"type":"A","date":"2018-03-20T03:05:15.000Z","volume":4000,"price":21.8,"category":"bbull"},{"type":"A","date":"2018-03-20T03:05:06.000Z","volume":2800,"price":21.8,"category":"bbull"},{"type":"A","date":"2018-03-20T03:04:52.000Z","volume":2800,"price":21.8,"category":"bbull"},{"type":"A","date":"2018-03-20T03:03:33.000Z","volume":8000,"price":21.8,"category":"bbull"},{"type":"A","date":"2018-03-20T03:02:21.000Z","volume":2800,"price":21.8,"category":"bbull"},{"type":"A","date":"2018-03-20T03:00:02.000Z","volume":2800,"price":21.8,"category":"bbull"},{"type":"A","date":"2018-03-20T02:55:14.000Z","volume":3200,"price":21.8,"category":"bbull"},{"type":"A","date":"2018-03-20T02:49:17.000Z","volume":6000,"price":21.8,"category":"bbull"},{"type":"A","date":"2018-03-20T02:48:10.000Z","volume":4800,"price":21.8,"category":"bbull"},{"type":"A","date":"2018-03-20T02:36:01.000Z","volume":2800,"price":21.9,"category":"bbull"},{"type":"A","date":"2018-03-20T02:30:51.000Z","volume":3200,"price":21.8,"category":"bbull"},{"type":"A","date":"2018-03-20T02:30:04.000Z","volume":3200,"price":21.8,"category":"bbull"},{"type":"A","date":"2018-03-20T02:28:15.000Z","volume":2800,"price":21.8,"category":"bbull"},{"type":"A","date":"2018-03-20T02:15:04.000Z","volume":6000,"price":21.8,"category":"bbull"},{"type":"A","date":"2018-03-20T02:11:07.000Z","volume":4400,"price":21.8,"category":"bbull"},{"type":"A","date":"2018-03-20T02:08:43.000Z","volume":8000,"price":21.8,"category":"bbull"},{"type":"A","date":"2018-03-20T02:08:32.000Z","volume":3200,"price":21.8,"category":"bbull"},{"type":"A","date":"2018-03-20T02:05:52.000Z","volume":4000,"price":21.8,"category":"bbull"},{"type":"A","date":"2018-03-20T02:04:21.000Z","volume":2800,"price":21.8,"category":"bbull"},{"type":"A","date":"2018-03-20T02:03:33.000Z","volume":6000,"price":21.8,"category":"bbull"},{"type":"A","date":"2018-03-20T02:02:10.000Z","volume":3200,"price":21.8,"category":"bbull"},{"type":"A","date":"2018-03-20T01:56:10.000Z","volume":7600,"price":21.85,"category":"bbull"},{"type":"A","date":"2018-03-20T01:52:07.000Z","volume":4000,"price":21.85,"category":"bbull"},{"type":"A","date":"2018-03-20T01:51:02.000Z","volume":8000,"price":21.85,"category":"bbull"},{"type":"A","date":"2018-03-20T01:48:58.000Z","volume":3200,"price":21.85,"category":"bbull"},{"type":"A","date":"2018-03-20T01:48:40.000Z","volume":4400,"price":21.85,"category":"bbull"},{"type":"A","date":"2018-03-20T01:34:33.000Z","volume":4000,"price":22,"category":"bbull"},{"type":"A","date":"2018-03-20T01:33:36.000Z","volume":7200,"price":21.85,"category":"bbull"},{"type":"A","date":"2018-03-20T07:59:50.000Z","volume":400,"price":21.45,"category":"rbull"},{"type":"A","date":"2018-03-20T07:59:27.000Z","volume":400,"price":21.45,"category":"rbull"},{"type":"A","date":"2018-03-20T07:59:01.000Z","volume":400,"price":21.45,"category":"rbull"},{"type":"A","date":"2018-03-20T07:59:01.000Z","volume":400,"price":21.45,"category":"rbull"},{"type":"A","date":"2018-03-20T07:58:52.000Z","volume":400,"price":21.45,"category":"rbull"},{"type":"A","date":"2018-03-20T07:58:52.000Z","volume":400,"price":21.45,"category":"rbull"},{"type":"A","date":"2018-03-20T07:58:48.000Z","volume":400,"price":21.45,"category":"rbull"},{"type":"A","date":"2018-03-20T07:58:48.000Z","volume":400,"price":21.45,"category":"rbull"},{"type":"A","date":"2018-03-20T07:58:26.000Z","volume":400,"price":21.45,"category":"rbull"},{"type":"A","date":"2018-03-20T07:58:23.000Z","volume":400,"price":21.45,"category":"rbull"},{"type":"A","date":"2018-03-20T07:58:16.000Z","volume":400,"price":21.45,"category":"rbull"},{"type":"A","date":"2018-03-20T07:58:08.000Z","volume":400,"price":21.45,"category":"rbull"},{"type":"A","date":"2018-03-20T07:58:06.000Z","volume":400,"price":21.45,"category":"rbull"},{"type":"A","date":"2018-03-20T07:57:57.000Z","volume":400,"price":21.45,"category":"rbull"},{"type":"A","date":"2018-03-20T07:57:53.000Z","volume":400,"price":21.45,"category":"rbull"},{"type":"A","date":"2018-03-20T07:57:46.000Z","volume":400,"price":21.45,"category":"rbull"},{"type":"A","date":"2018-03-20T07:57:36.000Z","volume":400,"price":21.45,"category":"rbull"},{"type":"A","date":"2018-03-20T07:57:28.000Z","volume":400,"price":21.45,"category":"rbull"},{"type":"A","date":"2018-03-20T07:57:18.000Z","volume":400,"price":21.45,"category":"rbull"},{"type":"A","date":"2018-03-20T07:56:58.000Z","volume":400,"price":21.45,"category":"rbull"},{"type":"A","date":"2018-03-20T07:56:50.000Z","volume":400,"price":21.45,"category":"rbull"},{"type":"A","date":"2018-03-20T07:56:41.000Z","volume":400,"price":21.45,"category":"rbull"},{"type":"A","date":"2018-03-20T07:55:34.000Z","volume":400,"price":21.45,"category":"rbull"},{"type":"A","date":"2018-03-20T07:55:25.000Z","volume":400,"price":21.4,"category":"rbull"},{"type":"A","date":"2018-03-20T07:55:25.000Z","volume":400,"price":21.4,"category":"rbull"},{"type":"A","date":"2018-03-20T07:54:15.000Z","volume":400,"price":21.35,"category":"rbull"},{"type":"A","date":"2018-03-20T07:54:15.000Z","volume":400,"price":21.35,"category":"rbull"},{"type":"A","date":"2018-03-20T07:54:08.000Z","volume":400,"price":21.35,"category":"rbull"},{"type":"A","date":"2018-03-20T07:54:08.000Z","volume":400,"price":21.35,"category":"rbull"},{"type":"A","date":"2018-03-20T07:53:59.000Z","volume":400,"price":21.35,"category":"rbull"},{"type":"A","date":"2018-03-20T07:53:49.000Z","volume":400,"price":21.35,"category":"rbull"},{"type":"A","date":"2018-03-20T07:53:46.000Z","volume":400,"price":21.35,"category":"rbull"},{"type":"A","date":"2018-03-20T07:53:41.000Z","volume":400,"price":21.35,"category":"rbull"},{"type":"A","date":"2018-03-20T07:53:33.000Z","volume":400,"price":21.35,"category":"rbull"},{"type":"A","date":"2018-03-20T07:53:32.000Z","volume":400,"price":21.35,"category":"rbull"},{"type":"A","date":"2018-03-20T07:53:25.000Z","volume":400,"price":21.35,"category":"rbull"},{"type":"A","date":"2018-03-20T07:53:24.000Z","volume":400,"price":21.35,"category":"rbull"},{"type":"A","date":"2018-03-20T07:53:14.000Z","volume":400,"price":21.35,"category":"rbull"},{"type":"A","date":"2018-03-20T07:52:53.000Z","volume":400,"price":21.35,"category":"rbull"},{"type":"A","date":"2018-03-20T07:52:42.000Z","volume":400,"price":21.35,"category":"rbull"},{"type":"A","date":"2018-03-20T07:52:30.000Z","volume":400,"price":21.35,"category":"rbull"},{"type":"A","date":"2018-03-20T07:52:19.000Z","volume":400,"price":21.35,"category":"rbull"},{"type":"A","date":"2018-03-20T07:52:18.000Z","volume":400,"price":21.35,"category":"rbull"},{"type":"A","date":"2018-03-20T07:52:08.000Z","volume":400,"price":21.35,"category":"rbull"},{"type":"A","date":"2018-03-20T07:51:58.000Z","volume":400,"price":21.35,"category":"rbull"},{"type":"A","date":"2018-03-20T07:51:48.000Z","volume":400,"price":21.35,"category":"rbull"},{"type":"A","date":"2018-03-20T07:50:20.000Z","volume":400,"price":21.35,"category":"rbull"},{"type":"A","date":"2018-03-20T07:50:10.000Z","volume":400,"price":21.35,"category":"rbull"},{"type":"A","date":"2018-03-20T07:50:00.000Z","volume":400,"price":21.35,"category":"rbull"},{"type":"A","date":"2018-03-20T07:49:42.000Z","volume":400,"price":21.35,"category":"rbull"},{"type":"A","date":"2018-03-20T07:49:34.000Z","volume":400,"price":21.35,"category":"rbull"},{"type":"A","date":"2018-03-20T07:49:29.000Z","volume":400,"price":21.35,"category":"rbull"},{"type":"A","date":"2018-03-20T07:49:19.000Z","volume":400,"price":21.35,"category":"rbull"},{"type":"A","date":"2018-03-20T07:49:07.000Z","volume":400,"price":21.35,"category":"rbull"},{"type":"A","date":"2018-03-20T07:49:03.000Z","volume":400,"price":21.35,"category":"rbull"},{"type":"A","date":"2018-03-20T07:48:56.000Z","volume":400,"price":21.35,"category":"rbull"},{"type":"A","date":"2018-03-20T07:47:20.000Z","volume":400,"price":21.35,"category":"rbull"},{"type":"A","date":"2018-03-20T07:47:12.000Z","volume":400,"price":21.35,"category":"rbull"},{"type":"A","date":"2018-03-20T07:46:45.000Z","volume":400,"price":21.35,"category":"rbull"},{"type":"A","date":"2018-03-20T07:45:54.000Z","volume":400,"price":21.35,"category":"rbull"},{"type":"A","date":"2018-03-20T07:45:00.000Z","volume":400,"price":21.35,"category":"rbull"},{"type":"A","date":"2018-03-20T07:45:00.000Z","volume":400,"price":21.35,"category":"rbull"},{"type":"A","date":"2018-03-20T07:43:59.000Z","volume":400,"price":21.35,"category":"rbull"},{"type":"A","date":"2018-03-20T07:43:03.000Z","volume":400,"price":21.4,"category":"rbull"},{"type":"A","date":"2018-03-20T07:42:26.000Z","volume":400,"price":21.35,"category":"rbull"},{"type":"A","date":"2018-03-20T07:42:05.000Z","volume":400,"price":21.35,"category":"rbull"},{"type":"A","date":"2018-03-20T07:41:30.000Z","volume":400,"price":21.4,"category":"rbull"},{"type":"A","date":"2018-03-20T07:40:05.000Z","volume":400,"price":21.35,"category":"rbull"},{"type":"A","date":"2018-03-20T07:40:05.000Z","volume":400,"price":21.35,"category":"rbull"},{"type":"A","date":"2018-03-20T07:38:19.000Z","volume":400,"price":21.35,"category":"rbull"},{"type":"A","date":"2018-03-20T07:38:04.000Z","volume":400,"price":21.35,"category":"rbull"},{"type":"A","date":"2018-03-20T07:37:53.000Z","volume":400,"price":21.35,"category":"rbull"},{"type":"A","date":"2018-03-20T07:37:53.000Z","volume":400,"price":21.35,"category":"rbull"},{"type":"A","date":"2018-03-20T07:37:05.000Z","volume":400,"price":21.35,"category":"rbull"},{"type":"A","date":"2018-03-20T07:36:59.000Z","volume":400,"price":21.35,"category":"rbull"},{"type":"A","date":"2018-03-20T07:36:49.000Z","volume":400,"price":21.35,"category":"rbull"},{"type":"A","date":"2018-03-20T07:35:59.000Z","volume":400,"price":21.35,"category":"rbull"},{"type":"A","date":"2018-03-20T07:35:36.000Z","volume":400,"price":21.35,"category":"rbull"},{"type":"A","date":"2018-03-20T07:34:53.000Z","volume":400,"price":21.35,"category":"rbull"},{"type":"A","date":"2018-03-20T07:32:19.000Z","volume":400,"price":21.35,"category":"rbull"},{"type":"A","date":"2018-03-20T07:32:01.000Z","volume":400,"price":21.35,"category":"rbull"},{"type":"A","date":"2018-03-20T07:31:48.000Z","volume":400,"price":21.35,"category":"rbull"},{"type":"A","date":"2018-03-20T07:30:40.000Z","volume":400,"price":21.35,"category":"rbull"},{"type":"A","date":"2018-03-20T07:29:39.000Z","volume":400,"price":21.35,"category":"rbull"},{"type":"A","date":"2018-03-20T07:29:27.000Z","volume":400,"price":21.35,"category":"rbull"},{"type":"A","date":"2018-03-20T07:27:19.000Z","volume":400,"price":21.35,"category":"rbull"},{"type":"A","date":"2018-03-20T07:24:08.000Z","volume":400,"price":21.35,"category":"rbull"},{"type":"A","date":"2018-03-20T07:22:54.000Z","volume":400,"price":21.35,"category":"rbull"},{"type":"A","date":"2018-03-20T07:19:35.000Z","volume":400,"price":21.35,"category":"rbull"},{"type":"A","date":"2018-03-20T07:19:05.000Z","volume":400,"price":21.35,"category":"rbull"},{"type":"A","date":"2018-03-20T07:17:22.000Z","volume":400,"price":21.4,"category":"rbull"},{"type":"A","date":"2018-03-20T07:17:09.000Z","volume":400,"price":21.35,"category":"rbull"},{"type":"A","date":"2018-03-20T07:16:43.000Z","volume":400,"price":21.35,"category":"rbull"},{"type":"A","date":"2018-03-20T07:13:44.000Z","volume":400,"price":21.35,"category":"rbull"},{"type":"A","date":"2018-03-20T07:08:34.000Z","volume":400,"price":21.4,"category":"rbull"},{"type":"A","date":"2018-03-20T07:08:33.000Z","volume":400,"price":21.4,"category":"rbull"},{"type":"A","date":"2018-03-20T07:08:26.000Z","volume":400,"price":21.4,"category":"rbull"},{"type":"A","date":"2018-03-20T07:04:59.000Z","volume":400,"price":21.4,"category":"rbull"},{"type":"A","date":"2018-03-20T07:04:18.000Z","volume":400,"price":21.4,"category":"rbull"},{"type":"A","date":"2018-03-20T07:02:08.000Z","volume":400,"price":21.35,"category":"rbull"},{"type":"A","date":"2018-03-20T07:01:59.000Z","volume":400,"price":21.4,"category":"rbull"},{"type":"A","date":"2018-03-20T07:01:46.000Z","volume":400,"price":21.35,"category":"rbull"},{"type":"A","date":"2018-03-20T07:01:46.000Z","volume":400,"price":21.35,"category":"rbull"},{"type":"A","date":"2018-03-20T06:59:12.000Z","volume":400,"price":21.4,"category":"rbull"},{"type":"A","date":"2018-03-20T06:55:23.000Z","volume":400,"price":21.4,"category":"rbull"},{"type":"A","date":"2018-03-20T06:53:43.000Z","volume":400,"price":21.4,"category":"rbull"},{"type":"A","date":"2018-03-20T06:53:43.000Z","volume":400,"price":21.4,"category":"rbull"},{"type":"A","date":"2018-03-20T06:53:43.000Z","volume":400,"price":21.4,"category":"rbull"},{"type":"A","date":"2018-03-20T06:53:43.000Z","volume":400,"price":21.4,"category":"rbull"},{"type":"A","date":"2018-03-20T06:53:43.000Z","volume":400,"price":21.4,"category":"rbull"},{"type":"A","date":"2018-03-20T06:53:04.000Z","volume":400,"price":21.4,"category":"rbull"},{"type":"A","date":"2018-03-20T06:50:58.000Z","volume":400,"price":21.4,"category":"rbull"},{"type":"A","date":"2018-03-20T06:49:56.000Z","volume":400,"price":21.4,"category":"rbull"},{"type":"A","date":"2018-03-20T06:48:52.000Z","volume":400,"price":21.4,"category":"rbull"},{"type":"A","date":"2018-03-20T06:43:42.000Z","volume":400,"price":21.4,"category":"rbull"},{"type":"A","date":"2018-03-20T06:43:34.000Z","volume":400,"price":21.4,"category":"rbull"},{"type":"A","date":"2018-03-20T06:43:29.000Z","volume":400,"price":21.4,"category":"rbull"},{"type":"A","date":"2018-03-20T06:43:25.000Z","volume":400,"price":21.4,"category":"rbull"},{"type":"A","date":"2018-03-20T06:43:25.000Z","volume":400,"price":21.4,"category":"rbull"},{"type":"A","date":"2018-03-20T06:43:25.000Z","volume":400,"price":21.4,"category":"rbull"},{"type":"A","date":"2018-03-20T06:43:02.000Z","volume":400,"price":21.4,"category":"rbull"},{"type":"A","date":"2018-03-20T06:28:53.000Z","volume":400,"price":21.5,"category":"rbull"},{"type":"A","date":"2018-03-20T06:28:27.000Z","volume":400,"price":21.45,"category":"rbull"},{"type":"A","date":"2018-03-20T06:22:37.000Z","volume":400,"price":21.55,"category":"rbull"},{"type":"A","date":"2018-03-20T06:22:35.000Z","volume":400,"price":21.5,"category":"rbull"},{"type":"A","date":"2018-03-20T06:22:35.000Z","volume":400,"price":21.5,"category":"rbull"},{"type":"A","date":"2018-03-20T06:21:41.000Z","volume":400,"price":21.5,"category":"rbull"},{"type":"A","date":"2018-03-20T06:21:13.000Z","volume":400,"price":21.5,"category":"rbull"},{"type":"A","date":"2018-03-20T06:20:59.000Z","volume":400,"price":21.5,"category":"rbull"},{"type":"A","date":"2018-03-20T06:20:56.000Z","volume":400,"price":21.5,"category":"rbull"},{"type":"A","date":"2018-03-20T06:18:56.000Z","volume":400,"price":21.5,"category":"rbull"},{"type":"A","date":"2018-03-20T06:17:59.000Z","volume":400,"price":21.5,"category":"rbull"},{"type":"A","date":"2018-03-20T06:13:23.000Z","volume":400,"price":21.5,"category":"rbull"},{"type":"A","date":"2018-03-20T06:13:19.000Z","volume":400,"price":21.5,"category":"rbull"},{"type":"A","date":"2018-03-20T06:13:13.000Z","volume":400,"price":21.5,"category":"rbull"},{"type":"A","date":"2018-03-20T06:11:35.000Z","volume":400,"price":21.55,"category":"rbull"},{"type":"A","date":"2018-03-20T06:06:55.000Z","volume":400,"price":21.5,"category":"rbull"},{"type":"A","date":"2018-03-20T05:58:40.000Z","volume":400,"price":21.5,"category":"rbull"},{"type":"A","date":"2018-03-20T05:56:54.000Z","volume":400,"price":21.5,"category":"rbull"},{"type":"A","date":"2018-03-20T05:53:32.000Z","volume":400,"price":21.55,"category":"rbull"},{"type":"A","date":"2018-03-20T05:46:35.000Z","volume":400,"price":21.55,"category":"rbull"},{"type":"A","date":"2018-03-20T05:43:34.000Z","volume":400,"price":21.5,"category":"rbull"},{"type":"A","date":"2018-03-20T05:42:25.000Z","volume":400,"price":21.55,"category":"rbull"},{"type":"A","date":"2018-03-20T05:38:36.000Z","volume":400,"price":21.55,"category":"rbull"},{"type":"A","date":"2018-03-20T05:38:36.000Z","volume":400,"price":21.55,"category":"rbull"},{"type":"A","date":"2018-03-20T05:38:06.000Z","volume":400,"price":21.55,"category":"rbull"},{"type":"A","date":"2018-03-20T05:37:05.000Z","volume":400,"price":21.55,"category":"rbull"},{"type":"A","date":"2018-03-20T05:37:05.000Z","volume":400,"price":21.5,"category":"rbull"},{"type":"A","date":"2018-03-20T05:36:59.000Z","volume":400,"price":21.5,"category":"rbull"},{"type":"A","date":"2018-03-20T05:36:59.000Z","volume":400,"price":21.5,"category":"rbull"},{"type":"A","date":"2018-03-20T05:33:17.000Z","volume":400,"price":21.55,"category":"rbull"},{"type":"A","date":"2018-03-20T05:29:02.000Z","volume":400,"price":21.55,"category":"rbull"},{"type":"A","date":"2018-03-20T05:28:38.000Z","volume":400,"price":21.6,"category":"rbull"},{"type":"A","date":"2018-03-20T05:26:48.000Z","volume":400,"price":21.55,"category":"rbull"},{"type":"A","date":"2018-03-20T05:25:47.000Z","volume":400,"price":21.55,"category":"rbull"},{"type":"A","date":"2018-03-20T05:25:42.000Z","volume":400,"price":21.5,"category":"rbull"},{"type":"A","date":"2018-03-20T05:23:40.000Z","volume":400,"price":21.55,"category":"rbull"},{"type":"A","date":"2018-03-20T05:23:37.000Z","volume":400,"price":21.55,"category":"rbull"},{"type":"A","date":"2018-03-20T05:18:10.000Z","volume":400,"price":21.55,"category":"rbull"},{"type":"A","date":"2018-03-20T05:11:23.000Z","volume":400,"price":21.55,"category":"rbull"},{"type":"A","date":"2018-03-20T05:03:16.000Z","volume":400,"price":21.7,"category":"rbull"},{"type":"A","date":"2018-03-20T05:02:34.000Z","volume":400,"price":21.7,"category":"rbull"},{"type":"A","date":"2018-03-20T03:57:15.000Z","volume":400,"price":21.7,"category":"rbull"},{"type":"A","date":"2018-03-20T03:56:54.000Z","volume":400,"price":21.55,"category":"rbull"},{"type":"A","date":"2018-03-20T03:48:15.000Z","volume":400,"price":21.7,"category":"rbull"},{"type":"A","date":"2018-03-20T03:33:29.000Z","volume":400,"price":21.75,"category":"rbull"},{"type":"A","date":"2018-03-20T03:25:19.000Z","volume":400,"price":21.75,"category":"rbull"},{"type":"A","date":"2018-03-20T03:22:56.000Z","volume":400,"price":21.75,"category":"rbull"},{"type":"A","date":"2018-03-20T03:22:21.000Z","volume":400,"price":21.7,"category":"rbull"},{"type":"A","date":"2018-03-20T03:07:25.000Z","volume":400,"price":21.8,"category":"rbull"},{"type":"A","date":"2018-03-20T03:07:11.000Z","volume":400,"price":21.8,"category":"rbull"},{"type":"A","date":"2018-03-20T03:05:56.000Z","volume":400,"price":21.8,"category":"rbull"},{"type":"A","date":"2018-03-20T03:04:30.000Z","volume":400,"price":21.8,"category":"rbull"},{"type":"A","date":"2018-03-20T03:03:58.000Z","volume":400,"price":21.8,"category":"rbull"},{"type":"A","date":"2018-03-20T03:03:55.000Z","volume":400,"price":21.8,"category":"rbull"},{"type":"A","date":"2018-03-20T03:02:51.000Z","volume":400,"price":21.8,"category":"rbull"},{"type":"A","date":"2018-03-20T03:02:38.000Z","volume":400,"price":21.8,"category":"rbull"},{"type":"A","date":"2018-03-20T03:00:34.000Z","volume":400,"price":21.8,"category":"rbull"},{"type":"A","date":"2018-03-20T03:00:32.000Z","volume":400,"price":21.8,"category":"rbull"},{"type":"A","date":"2018-03-20T03:00:13.000Z","volume":400,"price":21.8,"category":"rbull"},{"type":"A","date":"2018-03-20T02:58:32.000Z","volume":400,"price":21.8,"category":"rbull"},{"type":"A","date":"2018-03-20T02:57:31.000Z","volume":400,"price":21.8,"category":"rbull"},{"type":"A","date":"2018-03-20T02:56:58.000Z","volume":400,"price":21.8,"category":"rbull"},{"type":"A","date":"2018-03-20T02:55:35.000Z","volume":400,"price":21.8,"category":"rbull"},{"type":"A","date":"2018-03-20T02:55:14.000Z","volume":400,"price":21.8,"category":"rbull"},{"type":"A","date":"2018-03-20T02:53:24.000Z","volume":400,"price":21.8,"category":"rbull"},{"type":"A","date":"2018-03-20T02:49:46.000Z","volume":400,"price":21.8,"category":"rbull"},{"type":"A","date":"2018-03-20T02:43:31.000Z","volume":400,"price":21.85,"category":"rbull"},{"type":"A","date":"2018-03-20T02:38:22.000Z","volume":400,"price":21.8,"category":"rbull"},{"type":"A","date":"2018-03-20T02:35:31.000Z","volume":400,"price":21.9,"category":"rbull"},{"type":"A","date":"2018-03-20T02:34:35.000Z","volume":400,"price":21.9,"category":"rbull"},{"type":"A","date":"2018-03-20T02:31:30.000Z","volume":400,"price":21.85,"category":"rbull"},{"type":"A","date":"2018-03-20T02:30:25.000Z","volume":400,"price":21.8,"category":"rbull"},{"type":"A","date":"2018-03-20T02:29:18.000Z","volume":400,"price":21.8,"category":"rbull"},{"type":"A","date":"2018-03-20T02:28:17.000Z","volume":400,"price":21.8,"category":"rbull"},{"type":"A","date":"2018-03-20T02:28:07.000Z","volume":400,"price":21.8,"category":"rbull"},{"type":"A","date":"2018-03-20T02:24:42.000Z","volume":400,"price":21.8,"category":"rbull"},{"type":"A","date":"2018-03-20T02:24:40.000Z","volume":400,"price":21.8,"category":"rbull"},{"type":"A","date":"2018-03-20T02:24:40.000Z","volume":400,"price":21.8,"category":"rbull"},{"type":"A","date":"2018-03-20T02:22:11.000Z","volume":400,"price":21.8,"category":"rbull"},{"type":"A","date":"2018-03-20T02:22:04.000Z","volume":400,"price":21.8,"category":"rbull"},{"type":"A","date":"2018-03-20T02:22:04.000Z","volume":400,"price":21.8,"category":"rbull"},{"type":"A","date":"2018-03-20T02:22:01.000Z","volume":400,"price":21.8,"category":"rbull"},{"type":"A","date":"2018-03-20T02:20:26.000Z","volume":400,"price":21.8,"category":"rbull"},{"type":"A","date":"2018-03-20T02:18:58.000Z","volume":400,"price":21.8,"category":"rbull"},{"type":"A","date":"2018-03-20T02:18:32.000Z","volume":400,"price":21.8,"category":"rbull"},{"type":"A","date":"2018-03-20T02:17:52.000Z","volume":400,"price":21.8,"category":"rbull"},{"type":"A","date":"2018-03-20T02:17:48.000Z","volume":400,"price":21.8,"category":"rbull"},{"type":"A","date":"2018-03-20T02:16:32.000Z","volume":400,"price":21.8,"category":"rbull"},{"type":"A","date":"2018-03-20T02:16:28.000Z","volume":400,"price":21.8,"category":"rbull"},{"type":"A","date":"2018-03-20T02:16:22.000Z","volume":400,"price":21.8,"category":"rbull"},{"type":"A","date":"2018-03-20T02:16:21.000Z","volume":400,"price":21.8,"category":"rbull"},{"type":"A","date":"2018-03-20T02:15:05.000Z","volume":400,"price":21.8,"category":"rbull"},{"type":"A","date":"2018-03-20T02:15:03.000Z","volume":400,"price":21.8,"category":"rbull"},{"type":"A","date":"2018-03-20T02:14:36.000Z","volume":400,"price":21.8,"category":"rbull"},{"type":"A","date":"2018-03-20T02:13:43.000Z","volume":400,"price":21.8,"category":"rbull"},{"type":"A","date":"2018-03-20T02:11:58.000Z","volume":400,"price":21.8,"category":"rbull"},{"type":"A","date":"2018-03-20T02:11:09.000Z","volume":400,"price":21.8,"category":"rbull"},{"type":"A","date":"2018-03-20T02:11:08.000Z","volume":400,"price":21.8,"category":"rbull"},{"type":"A","date":"2018-03-20T02:08:44.000Z","volume":400,"price":21.8,"category":"rbull"},{"type":"A","date":"2018-03-20T02:08:41.000Z","volume":400,"price":21.8,"category":"rbull"},{"type":"A","date":"2018-03-20T02:07:50.000Z","volume":400,"price":21.8,"category":"rbull"},{"type":"A","date":"2018-03-20T02:07:50.000Z","volume":400,"price":21.8,"category":"rbull"},{"type":"A","date":"2018-03-20T02:06:23.000Z","volume":400,"price":21.8,"category":"rbull"},{"type":"A","date":"2018-03-20T02:06:08.000Z","volume":400,"price":21.8,"category":"rbull"},{"type":"A","date":"2018-03-20T02:05:52.000Z","volume":400,"price":21.8,"category":"rbull"},{"type":"A","date":"2018-03-20T02:05:45.000Z","volume":400,"price":21.8,"category":"rbull"},{"type":"A","date":"2018-03-20T02:05:28.000Z","volume":400,"price":21.8,"category":"rbull"},{"type":"A","date":"2018-03-20T02:04:52.000Z","volume":400,"price":21.8,"category":"rbull"},{"type":"A","date":"2018-03-20T02:04:28.000Z","volume":400,"price":21.8,"category":"rbull"},{"type":"A","date":"2018-03-20T02:03:22.000Z","volume":400,"price":21.8,"category":"rbull"},{"type":"A","date":"2018-03-20T01:59:20.000Z","volume":400,"price":21.8,"category":"rbull"},{"type":"A","date":"2018-03-20T01:57:58.000Z","volume":400,"price":21.85,"category":"rbull"},{"type":"A","date":"2018-03-20T01:57:14.000Z","volume":400,"price":21.85,"category":"rbull"},{"type":"A","date":"2018-03-20T01:56:37.000Z","volume":400,"price":21.85,"category":"rbull"},{"type":"A","date":"2018-03-20T01:56:14.000Z","volume":400,"price":21.85,"category":"rbull"},{"type":"A","date":"2018-03-20T01:55:51.000Z","volume":400,"price":21.85,"category":"rbull"},{"type":"A","date":"2018-03-20T01:55:08.000Z","volume":400,"price":21.85,"category":"rbull"},{"type":"A","date":"2018-03-20T01:55:00.000Z","volume":400,"price":21.85,"category":"rbull"},{"type":"A","date":"2018-03-20T01:54:22.000Z","volume":400,"price":21.85,"category":"rbull"},{"type":"A","date":"2018-03-20T01:54:16.000Z","volume":400,"price":21.85,"category":"rbull"},{"type":"A","date":"2018-03-20T01:54:12.000Z","volume":400,"price":21.85,"category":"rbull"},{"type":"A","date":"2018-03-20T01:53:32.000Z","volume":400,"price":21.85,"category":"rbull"},{"type":"A","date":"2018-03-20T01:52:34.000Z","volume":400,"price":21.85,"category":"rbull"},{"type":"A","date":"2018-03-20T01:51:47.000Z","volume":400,"price":21.85,"category":"rbull"},{"type":"A","date":"2018-03-20T01:51:38.000Z","volume":400,"price":21.85,"category":"rbull"},{"type":"A","date":"2018-03-20T01:50:40.000Z","volume":400,"price":21.85,"category":"rbull"},{"type":"A","date":"2018-03-20T01:49:22.000Z","volume":400,"price":21.9,"category":"rbull"},{"type":"A","date":"2018-03-20T01:48:55.000Z","volume":400,"price":21.85,"category":"rbull"},{"type":"A","date":"2018-03-20T01:48:55.000Z","volume":400,"price":21.85,"category":"rbull"},{"type":"A","date":"2018-03-20T01:47:39.000Z","volume":400,"price":21.85,"category":"rbull"},{"type":"A","date":"2018-03-20T01:47:31.000Z","volume":400,"price":21.85,"category":"rbull"},{"type":"A","date":"2018-03-20T01:39:50.000Z","volume":400,"price":21.8,"category":"rbull"},{"type":"A","date":"2018-03-20T01:38:55.000Z","volume":400,"price":21.8,"category":"rbull"},{"type":"A","date":"2018-03-20T01:36:28.000Z","volume":400,"price":21.95,"category":"rbull"},{"type":"A","date":"2018-03-20T01:35:38.000Z","volume":400,"price":21.95,"category":"rbull"},{"type":"A","date":"2018-03-20T01:34:16.000Z","volume":400,"price":21.95,"category":"rbull"},{"type":"A","date":"2018-03-20T01:34:16.000Z","volume":400,"price":21.95,"category":"rbull"},{"type":"A","date":"2018-03-20T01:33:44.000Z","volume":400,"price":21.9,"category":"rbull"},{"type":"A","date":"2018-03-20T01:33:26.000Z","volume":400,"price":21.85,"category":"rbull"},{"type":"A","date":"2018-03-20T01:32:24.000Z","volume":400,"price":21.8,"category":"rbull"},{"type":"A","date":"2018-03-20T01:32:24.000Z","volume":400,"price":21.8,"category":"rbull"},{"type":"A","date":"2018-03-20T01:30:25.000Z","volume":400,"price":21.9,"category":"rbull"},{"type":"A","date":"2018-03-20T01:30:08.000Z","volume":400,"price":21.9,"category":"rbull"},{"type":"B","date":"2018-03-20T07:59:50.000Z","volume":400,"price":21.4,"category":"rbear"},{"type":"B","date":"2018-03-20T07:59:37.000Z","volume":400,"price":21.4,"category":"rbear"},{"type":"B","date":"2018-03-20T07:58:15.000Z","volume":400,"price":21.4,"category":"rbear"},{"type":"B","date":"2018-03-20T07:54:04.000Z","volume":400,"price":21.3,"category":"rbear"},{"type":"B","date":"2018-03-20T07:53:45.000Z","volume":400,"price":21.3,"category":"rbear"},{"type":"B","date":"2018-03-20T07:53:45.000Z","volume":400,"price":21.3,"category":"rbear"},{"type":"B","date":"2018-03-20T07:53:32.000Z","volume":400,"price":21.3,"category":"rbear"},{"type":"B","date":"2018-03-20T07:53:18.000Z","volume":400,"price":21.3,"category":"rbear"},{"type":"B","date":"2018-03-20T07:53:11.000Z","volume":400,"price":21.3,"category":"rbear"},{"type":"B","date":"2018-03-20T07:53:04.000Z","volume":400,"price":21.3,"category":"rbear"},{"type":"B","date":"2018-03-20T07:52:53.000Z","volume":400,"price":21.3,"category":"rbear"},{"type":"B","date":"2018-03-20T07:52:31.000Z","volume":400,"price":21.3,"category":"rbear"},{"type":"B","date":"2018-03-20T07:52:27.000Z","volume":400,"price":21.3,"category":"rbear"},{"type":"B","date":"2018-03-20T07:52:10.000Z","volume":400,"price":21.3,"category":"rbear"},{"type":"B","date":"2018-03-20T07:52:02.000Z","volume":400,"price":21.3,"category":"rbear"},{"type":"B","date":"2018-03-20T07:51:32.000Z","volume":400,"price":21.3,"category":"rbear"},{"type":"B","date":"2018-03-20T07:50:03.000Z","volume":400,"price":21.3,"category":"rbear"},{"type":"B","date":"2018-03-20T07:50:02.000Z","volume":400,"price":21.3,"category":"rbear"},{"type":"B","date":"2018-03-20T07:50:01.000Z","volume":400,"price":21.3,"category":"rbear"},{"type":"B","date":"2018-03-20T07:49:36.000Z","volume":400,"price":21.3,"category":"rbear"},{"type":"B","date":"2018-03-20T07:49:01.000Z","volume":400,"price":21.3,"category":"rbear"},{"type":"B","date":"2018-03-20T07:48:37.000Z","volume":400,"price":21.3,"category":"rbear"},{"type":"B","date":"2018-03-20T07:48:33.000Z","volume":400,"price":21.3,"category":"rbear"},{"type":"B","date":"2018-03-20T07:48:22.000Z","volume":400,"price":21.35,"category":"rbear"},{"type":"B","date":"2018-03-20T07:48:13.000Z","volume":400,"price":21.35,"category":"rbear"},{"type":"B","date":"2018-03-20T07:47:42.000Z","volume":400,"price":21.35,"category":"rbear"},{"type":"B","date":"2018-03-20T07:47:18.000Z","volume":400,"price":21.35,"category":"rbear"},{"type":"B","date":"2018-03-20T07:47:18.000Z","volume":400,"price":21.35,"category":"rbear"},{"type":"B","date":"2018-03-20T07:47:18.000Z","volume":400,"price":21.35,"category":"rbear"},{"type":"B","date":"2018-03-20T07:47:17.000Z","volume":400,"price":21.35,"category":"rbear"},{"type":"B","date":"2018-03-20T07:47:17.000Z","volume":400,"price":21.35,"category":"rbear"},{"type":"B","date":"2018-03-20T07:47:07.000Z","volume":400,"price":21.35,"category":"rbear"},{"type":"B","date":"2018-03-20T07:47:06.000Z","volume":400,"price":21.35,"category":"rbear"},{"type":"B","date":"2018-03-20T07:46:55.000Z","volume":400,"price":21.35,"category":"rbear"},{"type":"B","date":"2018-03-20T07:46:33.000Z","volume":400,"price":21.3,"category":"rbear"},{"type":"B","date":"2018-03-20T07:46:29.000Z","volume":400,"price":21.35,"category":"rbear"},{"type":"B","date":"2018-03-20T07:46:00.000Z","volume":400,"price":21.35,"category":"rbear"},{"type":"B","date":"2018-03-20T07:45:34.000Z","volume":400,"price":21.3,"category":"rbear"},{"type":"B","date":"2018-03-20T07:44:38.000Z","volume":400,"price":21.35,"category":"rbear"},{"type":"B","date":"2018-03-20T07:44:36.000Z","volume":400,"price":21.3,"category":"rbear"},{"type":"B","date":"2018-03-20T07:44:32.000Z","volume":400,"price":21.3,"category":"rbear"},{"type":"B","date":"2018-03-20T07:43:38.000Z","volume":400,"price":21.3,"category":"rbear"},{"type":"B","date":"2018-03-20T07:42:53.000Z","volume":400,"price":21.35,"category":"rbear"},{"type":"B","date":"2018-03-20T07:42:41.000Z","volume":400,"price":21.35,"category":"rbear"},{"type":"B","date":"2018-03-20T07:42:40.000Z","volume":400,"price":21.35,"category":"rbear"},{"type":"B","date":"2018-03-20T07:42:38.000Z","volume":400,"price":21.35,"category":"rbear"},{"type":"B","date":"2018-03-20T07:42:20.000Z","volume":400,"price":21.35,"category":"rbear"},{"type":"B","date":"2018-03-20T07:42:20.000Z","volume":400,"price":21.35,"category":"rbear"},{"type":"B","date":"2018-03-20T07:42:01.000Z","volume":400,"price":21.35,"category":"rbear"},{"type":"B","date":"2018-03-20T07:41:57.000Z","volume":400,"price":21.35,"category":"rbear"},{"type":"B","date":"2018-03-20T07:41:57.000Z","volume":400,"price":21.35,"category":"rbear"},{"type":"B","date":"2018-03-20T07:41:37.000Z","volume":400,"price":21.35,"category":"rbear"},{"type":"B","date":"2018-03-20T07:41:17.000Z","volume":400,"price":21.35,"category":"rbear"},{"type":"B","date":"2018-03-20T07:40:43.000Z","volume":400,"price":21.3,"category":"rbear"},{"type":"B","date":"2018-03-20T07:40:15.000Z","volume":400,"price":21.3,"category":"rbear"},{"type":"B","date":"2018-03-20T07:40:06.000Z","volume":400,"price":21.35,"category":"rbear"},{"type":"B","date":"2018-03-20T07:39:44.000Z","volume":400,"price":21.3,"category":"rbear"},{"type":"B","date":"2018-03-20T07:39:11.000Z","volume":400,"price":21.3,"category":"rbear"},{"type":"B","date":"2018-03-20T07:38:44.000Z","volume":400,"price":21.3,"category":"rbear"},{"type":"B","date":"2018-03-20T07:38:10.000Z","volume":400,"price":21.35,"category":"rbear"},{"type":"B","date":"2018-03-20T07:38:10.000Z","volume":400,"price":21.35,"category":"rbear"},{"type":"B","date":"2018-03-20T07:38:04.000Z","volume":400,"price":21.35,"category":"rbear"},{"type":"B","date":"2018-03-20T07:37:44.000Z","volume":400,"price":21.35,"category":"rbear"},{"type":"B","date":"2018-03-20T07:37:26.000Z","volume":400,"price":21.35,"category":"rbear"},{"type":"B","date":"2018-03-20T07:37:15.000Z","volume":400,"price":21.35,"category":"rbear"},{"type":"B","date":"2018-03-20T07:37:14.000Z","volume":400,"price":21.35,"category":"rbear"},{"type":"B","date":"2018-03-20T07:37:14.000Z","volume":400,"price":21.35,"category":"rbear"},{"type":"B","date":"2018-03-20T07:37:09.000Z","volume":400,"price":21.3,"category":"rbear"},{"type":"B","date":"2018-03-20T07:37:02.000Z","volume":400,"price":21.35,"category":"rbear"},{"type":"B","date":"2018-03-20T07:36:57.000Z","volume":400,"price":21.3,"category":"rbear"},{"type":"B","date":"2018-03-20T07:35:59.000Z","volume":400,"price":21.35,"category":"rbear"},{"type":"B","date":"2018-03-20T07:35:59.000Z","volume":400,"price":21.35,"category":"rbear"},{"type":"B","date":"2018-03-20T07:35:45.000Z","volume":400,"price":21.35,"category":"rbear"},{"type":"B","date":"2018-03-20T07:35:39.000Z","volume":400,"price":21.3,"category":"rbear"},{"type":"B","date":"2018-03-20T07:35:05.000Z","volume":400,"price":21.3,"category":"rbear"},{"type":"B","date":"2018-03-20T07:34:55.000Z","volume":400,"price":21.35,"category":"rbear"},{"type":"B","date":"2018-03-20T07:34:54.000Z","volume":400,"price":21.35,"category":"rbear"},{"type":"B","date":"2018-03-20T07:34:53.000Z","volume":400,"price":21.35,"category":"rbear"},{"type":"B","date":"2018-03-20T07:34:53.000Z","volume":400,"price":21.35,"category":"rbear"},{"type":"B","date":"2018-03-20T07:34:50.000Z","volume":400,"price":21.3,"category":"rbear"},{"type":"B","date":"2018-03-20T07:34:05.000Z","volume":400,"price":21.3,"category":"rbear"},{"type":"B","date":"2018-03-20T07:33:56.000Z","volume":400,"price":21.3,"category":"rbear"},{"type":"B","date":"2018-03-20T07:33:03.000Z","volume":400,"price":21.3,"category":"rbear"},{"type":"B","date":"2018-03-20T07:33:02.000Z","volume":400,"price":21.35,"category":"rbear"},{"type":"B","date":"2018-03-20T07:33:00.000Z","volume":400,"price":21.35,"category":"rbear"},{"type":"B","date":"2018-03-20T07:32:57.000Z","volume":400,"price":21.35,"category":"rbear"},{"type":"B","date":"2018-03-20T07:32:56.000Z","volume":400,"price":21.35,"category":"rbear"},{"type":"B","date":"2018-03-20T07:32:56.000Z","volume":400,"price":21.35,"category":"rbear"},{"type":"B","date":"2018-03-20T07:32:53.000Z","volume":400,"price":21.3,"category":"rbear"},{"type":"B","date":"2018-03-20T07:32:17.000Z","volume":400,"price":21.35,"category":"rbear"},{"type":"B","date":"2018-03-20T07:32:03.000Z","volume":400,"price":21.3,"category":"rbear"},{"type":"B","date":"2018-03-20T07:32:00.000Z","volume":400,"price":21.35,"category":"rbear"},{"type":"B","date":"2018-03-20T07:32:00.000Z","volume":400,"price":21.35,"category":"rbear"},{"type":"B","date":"2018-03-20T07:32:00.000Z","volume":400,"price":21.35,"category":"rbear"},{"type":"B","date":"2018-03-20T07:31:59.000Z","volume":400,"price":21.35,"category":"rbear"},{"type":"B","date":"2018-03-20T07:31:02.000Z","volume":400,"price":21.3,"category":"rbear"},{"type":"B","date":"2018-03-20T07:30:56.000Z","volume":400,"price":21.3,"category":"rbear"},{"type":"B","date":"2018-03-20T07:29:59.000Z","volume":400,"price":21.3,"category":"rbear"},{"type":"B","date":"2018-03-20T07:29:58.000Z","volume":400,"price":21.3,"category":"rbear"},{"type":"B","date":"2018-03-20T07:29:39.000Z","volume":400,"price":21.3,"category":"rbear"},{"type":"B","date":"2018-03-20T07:28:00.000Z","volume":400,"price":21.3,"category":"rbear"},{"type":"B","date":"2018-03-20T07:27:40.000Z","volume":400,"price":21.3,"category":"rbear"},{"type":"B","date":"2018-03-20T07:27:01.000Z","volume":400,"price":21.3,"category":"rbear"},{"type":"B","date":"2018-03-20T07:26:43.000Z","volume":400,"price":21.3,"category":"rbear"},{"type":"B","date":"2018-03-20T07:26:33.000Z","volume":400,"price":21.3,"category":"rbear"},{"type":"B","date":"2018-03-20T07:26:23.000Z","volume":400,"price":21.3,"category":"rbear"},{"type":"B","date":"2018-03-20T07:26:22.000Z","volume":400,"price":21.3,"category":"rbear"},{"type":"B","date":"2018-03-20T07:26:02.000Z","volume":400,"price":21.3,"category":"rbear"},{"type":"B","date":"2018-03-20T07:25:54.000Z","volume":400,"price":21.3,"category":"rbear"},{"type":"B","date":"2018-03-20T07:25:44.000Z","volume":400,"price":21.3,"category":"rbear"},{"type":"B","date":"2018-03-20T07:25:17.000Z","volume":400,"price":21.35,"category":"rbear"},{"type":"B","date":"2018-03-20T07:25:15.000Z","volume":400,"price":21.35,"category":"rbear"},{"type":"B","date":"2018-03-20T07:25:15.000Z","volume":400,"price":21.35,"category":"rbear"},{"type":"B","date":"2018-03-20T07:25:14.000Z","volume":400,"price":21.35,"category":"rbear"},{"type":"B","date":"2018-03-20T07:25:14.000Z","volume":400,"price":21.35,"category":"rbear"},{"type":"B","date":"2018-03-20T07:25:14.000Z","volume":400,"price":21.35,"category":"rbear"},{"type":"B","date":"2018-03-20T07:24:54.000Z","volume":400,"price":21.3,"category":"rbear"},{"type":"B","date":"2018-03-20T07:23:48.000Z","volume":400,"price":21.3,"category":"rbear"},{"type":"B","date":"2018-03-20T07:22:08.000Z","volume":400,"price":21.3,"category":"rbear"},{"type":"B","date":"2018-03-20T07:21:50.000Z","volume":400,"price":21.3,"category":"rbear"},{"type":"B","date":"2018-03-20T07:21:23.000Z","volume":400,"price":21.35,"category":"rbear"},{"type":"B","date":"2018-03-20T07:21:09.000Z","volume":400,"price":21.3,"category":"rbear"},{"type":"B","date":"2018-03-20T07:20:52.000Z","volume":400,"price":21.3,"category":"rbear"},{"type":"B","date":"2018-03-20T07:20:49.000Z","volume":400,"price":21.3,"category":"rbear"},{"type":"B","date":"2018-03-20T07:20:20.000Z","volume":400,"price":21.35,"category":"rbear"},{"type":"B","date":"2018-03-20T07:20:19.000Z","volume":400,"price":21.35,"category":"rbear"},{"type":"B","date":"2018-03-20T07:20:19.000Z","volume":400,"price":21.35,"category":"rbear"},{"type":"B","date":"2018-03-20T07:19:53.000Z","volume":400,"price":21.3,"category":"rbear"},{"type":"B","date":"2018-03-20T07:19:47.000Z","volume":400,"price":21.3,"category":"rbear"},{"type":"B","date":"2018-03-20T07:19:12.000Z","volume":400,"price":21.3,"category":"rbear"},{"type":"B","date":"2018-03-20T07:18:54.000Z","volume":400,"price":21.3,"category":"rbear"},{"type":"B","date":"2018-03-20T07:18:47.000Z","volume":400,"price":21.3,"category":"rbear"},{"type":"B","date":"2018-03-20T07:18:09.000Z","volume":400,"price":21.35,"category":"rbear"},{"type":"B","date":"2018-03-20T07:18:06.000Z","volume":400,"price":21.35,"category":"rbear"},{"type":"B","date":"2018-03-20T07:18:04.000Z","volume":400,"price":21.35,"category":"rbear"},{"type":"B","date":"2018-03-20T07:17:45.000Z","volume":400,"price":21.3,"category":"rbear"},{"type":"B","date":"2018-03-20T07:17:15.000Z","volume":400,"price":21.3,"category":"rbear"},{"type":"B","date":"2018-03-20T07:17:09.000Z","volume":400,"price":21.35,"category":"rbear"},{"type":"B","date":"2018-03-20T07:16:44.000Z","volume":400,"price":21.3,"category":"rbear"},{"type":"B","date":"2018-03-20T07:16:34.000Z","volume":400,"price":21.35,"category":"rbear"},{"type":"B","date":"2018-03-20T07:16:33.000Z","volume":400,"price":21.35,"category":"rbear"},{"type":"B","date":"2018-03-20T07:16:33.000Z","volume":400,"price":21.35,"category":"rbear"},{"type":"B","date":"2018-03-20T07:16:16.000Z","volume":400,"price":21.3,"category":"rbear"},{"type":"B","date":"2018-03-20T07:14:49.000Z","volume":400,"price":21.35,"category":"rbear"},{"type":"B","date":"2018-03-20T07:14:41.000Z","volume":400,"price":21.3,"category":"rbear"},{"type":"B","date":"2018-03-20T07:14:38.000Z","volume":400,"price":21.3,"category":"rbear"},{"type":"B","date":"2018-03-20T07:12:38.000Z","volume":400,"price":21.35,"category":"rbear"},{"type":"B","date":"2018-03-20T07:12:20.000Z","volume":400,"price":21.35,"category":"rbear"},{"type":"B","date":"2018-03-20T07:11:21.000Z","volume":400,"price":21.35,"category":"rbear"},{"type":"B","date":"2018-03-20T07:10:23.000Z","volume":400,"price":21.35,"category":"rbear"},{"type":"B","date":"2018-03-20T07:10:08.000Z","volume":400,"price":21.35,"category":"rbear"},{"type":"B","date":"2018-03-20T07:09:34.000Z","volume":400,"price":21.35,"category":"rbear"},{"type":"B","date":"2018-03-20T07:09:24.000Z","volume":400,"price":21.35,"category":"rbear"},{"type":"B","date":"2018-03-20T07:09:09.000Z","volume":400,"price":21.35,"category":"rbear"},{"type":"B","date":"2018-03-20T07:08:33.000Z","volume":400,"price":21.35,"category":"rbear"},{"type":"B","date":"2018-03-20T07:08:25.000Z","volume":400,"price":21.35,"category":"rbear"},{"type":"B","date":"2018-03-20T07:07:26.000Z","volume":400,"price":21.35,"category":"rbear"},{"type":"B","date":"2018-03-20T07:06:28.000Z","volume":400,"price":21.35,"category":"rbear"},{"type":"B","date":"2018-03-20T07:06:14.000Z","volume":400,"price":21.35,"category":"rbear"},{"type":"B","date":"2018-03-20T07:05:37.000Z","volume":400,"price":21.35,"category":"rbear"},{"type":"B","date":"2018-03-20T07:05:30.000Z","volume":400,"price":21.35,"category":"rbear"},{"type":"B","date":"2018-03-20T07:05:29.000Z","volume":400,"price":21.35,"category":"rbear"},{"type":"B","date":"2018-03-20T07:05:16.000Z","volume":400,"price":21.35,"category":"rbear"},{"type":"B","date":"2018-03-20T07:04:30.000Z","volume":400,"price":21.35,"category":"rbear"},{"type":"B","date":"2018-03-20T07:04:28.000Z","volume":400,"price":21.35,"category":"rbear"},{"type":"B","date":"2018-03-20T07:04:18.000Z","volume":400,"price":21.35,"category":"rbear"},{"type":"B","date":"2018-03-20T07:03:42.000Z","volume":400,"price":21.35,"category":"rbear"},{"type":"B","date":"2018-03-20T07:03:25.000Z","volume":400,"price":21.35,"category":"rbear"},{"type":"B","date":"2018-03-20T07:03:01.000Z","volume":400,"price":21.35,"category":"rbear"},{"type":"B","date":"2018-03-20T07:02:31.000Z","volume":400,"price":21.35,"category":"rbear"},{"type":"B","date":"2018-03-20T07:02:24.000Z","volume":400,"price":21.35,"category":"rbear"},{"type":"B","date":"2018-03-20T07:02:21.000Z","volume":400,"price":21.35,"category":"rbear"},{"type":"B","date":"2018-03-20T07:01:47.000Z","volume":400,"price":21.35,"category":"rbear"},{"type":"B","date":"2018-03-20T07:01:32.000Z","volume":400,"price":21.3,"category":"rbear"},{"type":"B","date":"2018-03-20T07:01:23.000Z","volume":400,"price":21.3,"category":"rbear"},{"type":"B","date":"2018-03-20T06:59:35.000Z","volume":400,"price":21.3,"category":"rbear"},{"type":"B","date":"2018-03-20T06:59:26.000Z","volume":400,"price":21.3,"category":"rbear"},{"type":"B","date":"2018-03-20T06:59:21.000Z","volume":400,"price":21.3,"category":"rbear"},{"type":"B","date":"2018-03-20T06:58:37.000Z","volume":400,"price":21.35,"category":"rbear"},{"type":"B","date":"2018-03-20T06:58:20.000Z","volume":400,"price":21.35,"category":"rbear"},{"type":"B","date":"2018-03-20T06:58:16.000Z","volume":400,"price":21.35,"category":"rbear"},{"type":"B","date":"2018-03-20T06:54:08.000Z","volume":400,"price":21.4,"category":"rbear"},{"type":"B","date":"2018-03-20T06:54:06.000Z","volume":400,"price":21.4,"category":"rbear"},{"type":"B","date":"2018-03-20T06:54:04.000Z","volume":400,"price":21.4,"category":"rbear"},{"type":"B","date":"2018-03-20T06:45:00.000Z","volume":400,"price":21.4,"category":"rbear"},{"type":"B","date":"2018-03-20T06:44:53.000Z","volume":400,"price":21.4,"category":"rbear"},{"type":"B","date":"2018-03-20T06:44:53.000Z","volume":400,"price":21.4,"category":"rbear"},{"type":"B","date":"2018-03-20T06:44:50.000Z","volume":400,"price":21.4,"category":"rbear"},{"type":"B","date":"2018-03-20T06:44:50.000Z","volume":400,"price":21.4,"category":"rbear"},{"type":"B","date":"2018-03-20T06:44:48.000Z","volume":400,"price":21.4,"category":"rbear"},{"type":"B","date":"2018-03-20T06:44:36.000Z","volume":400,"price":21.4,"category":"rbear"},{"type":"B","date":"2018-03-20T06:44:26.000Z","volume":400,"price":21.4,"category":"rbear"},{"type":"B","date":"2018-03-20T06:44:26.000Z","volume":400,"price":21.4,"category":"rbear"},{"type":"B","date":"2018-03-20T06:44:25.000Z","volume":400,"price":21.4,"category":"rbear"},{"type":"B","date":"2018-03-20T06:44:25.000Z","volume":400,"price":21.4,"category":"rbear"},{"type":"B","date":"2018-03-20T06:44:19.000Z","volume":400,"price":21.4,"category":"rbear"},{"type":"B","date":"2018-03-20T06:44:19.000Z","volume":400,"price":21.4,"category":"rbear"},{"type":"B","date":"2018-03-20T06:43:41.000Z","volume":400,"price":21.35,"category":"rbear"},{"type":"B","date":"2018-03-20T06:43:30.000Z","volume":400,"price":21.4,"category":"rbear"},{"type":"B","date":"2018-03-20T06:43:30.000Z","volume":400,"price":21.4,"category":"rbear"},{"type":"B","date":"2018-03-20T06:43:30.000Z","volume":400,"price":21.4,"category":"rbear"},{"type":"B","date":"2018-03-20T06:42:58.000Z","volume":400,"price":21.35,"category":"rbear"},{"type":"B","date":"2018-03-20T06:42:49.000Z","volume":400,"price":21.35,"category":"rbear"},{"type":"B","date":"2018-03-20T06:41:40.000Z","volume":400,"price":21.35,"category":"rbear"},{"type":"B","date":"2018-03-20T06:41:29.000Z","volume":400,"price":21.35,"category":"rbear"},{"type":"B","date":"2018-03-20T06:41:02.000Z","volume":400,"price":21.35,"category":"rbear"},{"type":"B","date":"2018-03-20T06:40:38.000Z","volume":400,"price":21.35,"category":"rbear"},{"type":"B","date":"2018-03-20T06:40:06.000Z","volume":400,"price":21.35,"category":"rbear"},{"type":"B","date":"2018-03-20T06:40:03.000Z","volume":400,"price":21.35,"category":"rbear"},{"type":"B","date":"2018-03-20T06:39:04.000Z","volume":400,"price":21.3,"category":"rbear"},{"type":"B","date":"2018-03-20T06:38:10.000Z","volume":400,"price":21.35,"category":"rbear"},{"type":"B","date":"2018-03-20T06:38:08.000Z","volume":400,"price":21.35,"category":"rbear"},{"type":"B","date":"2018-03-20T06:37:32.000Z","volume":400,"price":21.3,"category":"rbear"},{"type":"B","date":"2018-03-20T06:36:42.000Z","volume":400,"price":21.35,"category":"rbear"},{"type":"B","date":"2018-03-20T06:36:11.000Z","volume":400,"price":21.35,"category":"rbear"},{"type":"B","date":"2018-03-20T06:36:08.000Z","volume":400,"price":21.35,"category":"rbear"},{"type":"B","date":"2018-03-20T06:35:12.000Z","volume":400,"price":21.35,"category":"rbear"},{"type":"B","date":"2018-03-20T06:35:09.000Z","volume":400,"price":21.35,"category":"rbear"},{"type":"B","date":"2018-03-20T06:34:15.000Z","volume":400,"price":21.35,"category":"rbear"},{"type":"B","date":"2018-03-20T06:34:11.000Z","volume":400,"price":21.35,"category":"rbear"},{"type":"B","date":"2018-03-20T06:33:31.000Z","volume":400,"price":21.35,"category":"rbear"},{"type":"B","date":"2018-03-20T06:33:15.000Z","volume":400,"price":21.35,"category":"rbear"},{"type":"B","date":"2018-03-20T06:33:13.000Z","volume":400,"price":21.35,"category":"rbear"},{"type":"B","date":"2018-03-20T06:32:31.000Z","volume":400,"price":21.35,"category":"rbear"},{"type":"B","date":"2018-03-20T06:32:16.000Z","volume":400,"price":21.35,"category":"rbear"},{"type":"B","date":"2018-03-20T06:31:51.000Z","volume":400,"price":21.35,"category":"rbear"},{"type":"B","date":"2018-03-20T06:31:15.000Z","volume":400,"price":21.35,"category":"rbear"},{"type":"B","date":"2018-03-20T06:30:18.000Z","volume":400,"price":21.35,"category":"rbear"},{"type":"B","date":"2018-03-20T06:29:02.000Z","volume":400,"price":21.45,"category":"rbear"},{"type":"B","date":"2018-03-20T06:28:23.000Z","volume":400,"price":21.4,"category":"rbear"},{"type":"B","date":"2018-03-20T06:28:21.000Z","volume":400,"price":21.4,"category":"rbear"},{"type":"B","date":"2018-03-20T06:27:23.000Z","volume":400,"price":21.45,"category":"rbear"},{"type":"B","date":"2018-03-20T06:27:21.000Z","volume":400,"price":21.45,"category":"rbear"},{"type":"B","date":"2018-03-20T06:26:38.000Z","volume":400,"price":21.5,"category":"rbear"},{"type":"B","date":"2018-03-20T06:26:37.000Z","volume":400,"price":21.5,"category":"rbear"},{"type":"B","date":"2018-03-20T06:26:37.000Z","volume":400,"price":21.5,"category":"rbear"},{"type":"B","date":"2018-03-20T06:26:24.000Z","volume":400,"price":21.45,"category":"rbear"},{"type":"B","date":"2018-03-20T06:26:22.000Z","volume":400,"price":21.45,"category":"rbear"},{"type":"B","date":"2018-03-20T06:26:21.000Z","volume":400,"price":21.45,"category":"rbear"},{"type":"B","date":"2018-03-20T06:25:26.000Z","volume":400,"price":21.45,"category":"rbear"},{"type":"B","date":"2018-03-20T06:25:24.000Z","volume":400,"price":21.45,"category":"rbear"},{"type":"B","date":"2018-03-20T06:25:21.000Z","volume":400,"price":21.45,"category":"rbear"},{"type":"B","date":"2018-03-20T06:24:26.000Z","volume":400,"price":21.45,"category":"rbear"},{"type":"B","date":"2018-03-20T06:24:24.000Z","volume":400,"price":21.45,"category":"rbear"},{"type":"B","date":"2018-03-20T06:24:18.000Z","volume":400,"price":21.45,"category":"rbear"},{"type":"B","date":"2018-03-20T06:23:46.000Z","volume":400,"price":21.5,"category":"rbear"},{"type":"B","date":"2018-03-20T06:23:28.000Z","volume":400,"price":21.45,"category":"rbear"},{"type":"B","date":"2018-03-20T06:23:25.000Z","volume":400,"price":21.45,"category":"rbear"},{"type":"B","date":"2018-03-20T06:23:17.000Z","volume":400,"price":21.45,"category":"rbear"},{"type":"B","date":"2018-03-20T06:23:09.000Z","volume":400,"price":21.5,"category":"rbear"},{"type":"B","date":"2018-03-20T06:23:07.000Z","volume":400,"price":21.5,"category":"rbear"},{"type":"B","date":"2018-03-20T06:22:43.000Z","volume":400,"price":21.5,"category":"rbear"},{"type":"B","date":"2018-03-20T06:22:42.000Z","volume":400,"price":21.5,"category":"rbear"},{"type":"B","date":"2018-03-20T06:22:41.000Z","volume":400,"price":21.5,"category":"rbear"},{"type":"B","date":"2018-03-20T06:22:41.000Z","volume":400,"price":21.5,"category":"rbear"},{"type":"B","date":"2018-03-20T06:22:41.000Z","volume":400,"price":21.5,"category":"rbear"},{"type":"B","date":"2018-03-20T06:22:41.000Z","volume":400,"price":21.5,"category":"rbear"},{"type":"B","date":"2018-03-20T06:22:37.000Z","volume":400,"price":21.5,"category":"rbear"},{"type":"B","date":"2018-03-20T06:22:35.000Z","volume":400,"price":21.5,"category":"rbear"},{"type":"B","date":"2018-03-20T06:22:29.000Z","volume":400,"price":21.45,"category":"rbear"},{"type":"B","date":"2018-03-20T06:22:27.000Z","volume":400,"price":21.5,"category":"rbear"},{"type":"B","date":"2018-03-20T06:22:17.000Z","volume":400,"price":21.45,"category":"rbear"},{"type":"B","date":"2018-03-20T06:22:15.000Z","volume":400,"price":21.5,"category":"rbear"},{"type":"B","date":"2018-03-20T06:22:14.000Z","volume":400,"price":21.5,"category":"rbear"},{"type":"B","date":"2018-03-20T06:21:28.000Z","volume":400,"price":21.45,"category":"rbear"},{"type":"B","date":"2018-03-20T06:21:12.000Z","volume":400,"price":21.5,"category":"rbear"},{"type":"B","date":"2018-03-20T06:20:55.000Z","volume":400,"price":21.5,"category":"rbear"},{"type":"B","date":"2018-03-20T06:20:54.000Z","volume":400,"price":21.5,"category":"rbear"},{"type":"B","date":"2018-03-20T06:20:36.000Z","volume":400,"price":21.5,"category":"rbear"},{"type":"B","date":"2018-03-20T06:20:35.000Z","volume":400,"price":21.5,"category":"rbear"},{"type":"B","date":"2018-03-20T06:20:35.000Z","volume":400,"price":21.5,"category":"rbear"},{"type":"B","date":"2018-03-20T06:20:32.000Z","volume":400,"price":21.45,"category":"rbear"},{"type":"B","date":"2018-03-20T06:20:18.000Z","volume":400,"price":21.5,"category":"rbear"},{"type":"B","date":"2018-03-20T06:20:17.000Z","volume":400,"price":21.5,"category":"rbear"},{"type":"B","date":"2018-03-20T06:20:17.000Z","volume":400,"price":21.5,"category":"rbear"},{"type":"B","date":"2018-03-20T06:20:15.000Z","volume":400,"price":21.45,"category":"rbear"},{"type":"B","date":"2018-03-20T06:19:44.000Z","volume":400,"price":21.5,"category":"rbear"},{"type":"B","date":"2018-03-20T06:19:42.000Z","volume":400,"price":21.5,"category":"rbear"},{"type":"B","date":"2018-03-20T06:19:38.000Z","volume":400,"price":21.5,"category":"rbear"},{"type":"B","date":"2018-03-20T06:19:36.000Z","volume":400,"price":21.5,"category":"rbear"},{"type":"B","date":"2018-03-20T06:19:35.000Z","volume":400,"price":21.5,"category":"rbear"},{"type":"B","date":"2018-03-20T06:19:33.000Z","volume":400,"price":21.5,"category":"rbear"},{"type":"B","date":"2018-03-20T06:19:14.000Z","volume":400,"price":21.45,"category":"rbear"},{"type":"B","date":"2018-03-20T06:18:45.000Z","volume":400,"price":21.5,"category":"rbear"},{"type":"B","date":"2018-03-20T06:18:44.000Z","volume":400,"price":21.5,"category":"rbear"},{"type":"B","date":"2018-03-20T06:18:43.000Z","volume":400,"price":21.5,"category":"rbear"},{"type":"B","date":"2018-03-20T06:18:36.000Z","volume":400,"price":21.5,"category":"rbear"},{"type":"B","date":"2018-03-20T06:18:35.000Z","volume":400,"price":21.5,"category":"rbear"},{"type":"B","date":"2018-03-20T06:18:35.000Z","volume":400,"price":21.5,"category":"rbear"},{"type":"B","date":"2018-03-20T06:18:35.000Z","volume":400,"price":21.5,"category":"rbear"},{"type":"B","date":"2018-03-20T06:18:33.000Z","volume":400,"price":21.5,"category":"rbear"},{"type":"B","date":"2018-03-20T06:18:31.000Z","volume":400,"price":21.5,"category":"rbear"},{"type":"B","date":"2018-03-20T06:18:19.000Z","volume":400,"price":21.5,"category":"rbear"},{"type":"B","date":"2018-03-20T06:18:13.000Z","volume":400,"price":21.45,"category":"rbear"},{"type":"B","date":"2018-03-20T06:18:00.000Z","volume":400,"price":21.5,"category":"rbear"},{"type":"B","date":"2018-03-20T06:17:36.000Z","volume":400,"price":21.45,"category":"rbear"},{"type":"B","date":"2018-03-20T06:17:32.000Z","volume":400,"price":21.45,"category":"rbear"},{"type":"B","date":"2018-03-20T06:17:12.000Z","volume":400,"price":21.45,"category":"rbear"},{"type":"B","date":"2018-03-20T06:16:37.000Z","volume":400,"price":21.45,"category":"rbear"},{"type":"B","date":"2018-03-20T06:16:27.000Z","volume":400,"price":21.5,"category":"rbear"},{"type":"B","date":"2018-03-20T06:15:40.000Z","volume":400,"price":21.5,"category":"rbear"},{"type":"B","date":"2018-03-20T06:15:37.000Z","volume":400,"price":21.5,"category":"rbear"},{"type":"B","date":"2018-03-20T06:15:20.000Z","volume":400,"price":21.5,"category":"rbear"},{"type":"B","date":"2018-03-20T06:14:51.000Z","volume":400,"price":21.5,"category":"rbear"},{"type":"B","date":"2018-03-20T06:14:38.000Z","volume":400,"price":21.5,"category":"rbear"},{"type":"B","date":"2018-03-20T06:13:40.000Z","volume":400,"price":21.5,"category":"rbear"},{"type":"B","date":"2018-03-20T06:12:41.000Z","volume":400,"price":21.5,"category":"rbear"},{"type":"B","date":"2018-03-20T06:12:07.000Z","volume":400,"price":21.5,"category":"rbear"},{"type":"B","date":"2018-03-20T06:11:46.000Z","volume":400,"price":21.5,"category":"rbear"},{"type":"B","date":"2018-03-20T06:11:43.000Z","volume":400,"price":21.5,"category":"rbear"},{"type":"B","date":"2018-03-20T06:10:44.000Z","volume":400,"price":21.5,"category":"rbear"},{"type":"B","date":"2018-03-20T06:10:03.000Z","volume":400,"price":21.5,"category":"rbear"},{"type":"B","date":"2018-03-20T06:09:43.000Z","volume":400,"price":21.5,"category":"rbear"},{"type":"B","date":"2018-03-20T06:09:04.000Z","volume":400,"price":21.5,"category":"rbear"},{"type":"B","date":"2018-03-20T06:08:50.000Z","volume":400,"price":21.5,"category":"rbear"},{"type":"B","date":"2018-03-20T06:08:47.000Z","volume":400,"price":21.5,"category":"rbear"},{"type":"B","date":"2018-03-20T06:08:01.000Z","volume":400,"price":21.5,"category":"rbear"},{"type":"B","date":"2018-03-20T06:07:51.000Z","volume":400,"price":21.5,"category":"rbear"},{"type":"B","date":"2018-03-20T06:07:49.000Z","volume":400,"price":21.5,"category":"rbear"},{"type":"B","date":"2018-03-20T06:06:49.000Z","volume":400,"price":21.5,"category":"rbear"},{"type":"B","date":"2018-03-20T06:05:51.000Z","volume":400,"price":21.5,"category":"rbear"},{"type":"B","date":"2018-03-20T06:05:21.000Z","volume":400,"price":21.55,"category":"rbear"},{"type":"B","date":"2018-03-20T06:05:20.000Z","volume":400,"price":21.55,"category":"rbear"},{"type":"B","date":"2018-03-20T06:05:20.000Z","volume":400,"price":21.55,"category":"rbear"},{"type":"B","date":"2018-03-20T06:04:52.000Z","volume":400,"price":21.5,"category":"rbear"},{"type":"B","date":"2018-03-20T06:03:11.000Z","volume":400,"price":21.55,"category":"rbear"},{"type":"B","date":"2018-03-20T06:03:11.000Z","volume":400,"price":21.55,"category":"rbear"},{"type":"B","date":"2018-03-20T06:02:55.000Z","volume":400,"price":21.55,"category":"rbear"},{"type":"B","date":"2018-03-20T06:02:52.000Z","volume":400,"price":21.55,"category":"rbear"},{"type":"B","date":"2018-03-20T05:54:06.000Z","volume":400,"price":21.5,"category":"rbear"},{"type":"B","date":"2018-03-20T05:53:47.000Z","volume":400,"price":21.5,"category":"rbear"},{"type":"B","date":"2018-03-20T05:53:06.000Z","volume":400,"price":21.45,"category":"rbear"},{"type":"B","date":"2018-03-20T05:52:44.000Z","volume":400,"price":21.45,"category":"rbear"},{"type":"B","date":"2018-03-20T05:52:07.000Z","volume":400,"price":21.45,"category":"rbear"},{"type":"B","date":"2018-03-20T05:51:10.000Z","volume":400,"price":21.5,"category":"rbear"},{"type":"B","date":"2018-03-20T05:50:11.000Z","volume":400,"price":21.5,"category":"rbear"},{"type":"B","date":"2018-03-20T05:49:12.000Z","volume":400,"price":21.5,"category":"rbear"},{"type":"B","date":"2018-03-20T05:48:16.000Z","volume":400,"price":21.55,"category":"rbear"},{"type":"B","date":"2018-03-20T05:48:13.000Z","volume":400,"price":21.55,"category":"rbear"},{"type":"B","date":"2018-03-20T05:47:41.000Z","volume":400,"price":21.5,"category":"rbear"},{"type":"B","date":"2018-03-20T05:47:20.000Z","volume":400,"price":21.5,"category":"rbear"},{"type":"B","date":"2018-03-20T05:47:16.000Z","volume":400,"price":21.5,"category":"rbear"},{"type":"B","date":"2018-03-20T05:47:15.000Z","volume":400,"price":21.5,"category":"rbear"},{"type":"B","date":"2018-03-20T05:46:32.000Z","volume":400,"price":21.5,"category":"rbear"},{"type":"B","date":"2018-03-20T05:46:16.000Z","volume":400,"price":21.5,"category":"rbear"},{"type":"B","date":"2018-03-20T05:45:17.000Z","volume":400,"price":21.5,"category":"rbear"},{"type":"B","date":"2018-03-20T05:44:22.000Z","volume":400,"price":21.45,"category":"rbear"},{"type":"B","date":"2018-03-20T05:43:42.000Z","volume":400,"price":21.5,"category":"rbear"},{"type":"B","date":"2018-03-20T05:43:25.000Z","volume":400,"price":21.5,"category":"rbear"},{"type":"B","date":"2018-03-20T05:43:20.000Z","volume":400,"price":21.5,"category":"rbear"},{"type":"B","date":"2018-03-20T05:42:26.000Z","volume":400,"price":21.5,"category":"rbear"},{"type":"B","date":"2018-03-20T05:42:23.000Z","volume":400,"price":21.5,"category":"rbear"},{"type":"B","date":"2018-03-20T05:41:34.000Z","volume":400,"price":21.5,"category":"rbear"},{"type":"B","date":"2018-03-20T05:41:27.000Z","volume":400,"price":21.5,"category":"rbear"},{"type":"B","date":"2018-03-20T05:41:22.000Z","volume":400,"price":21.5,"category":"rbear"},{"type":"B","date":"2018-03-20T05:40:28.000Z","volume":400,"price":21.5,"category":"rbear"},{"type":"B","date":"2018-03-20T05:40:24.000Z","volume":400,"price":21.5,"category":"rbear"},{"type":"B","date":"2018-03-20T05:39:26.000Z","volume":400,"price":21.5,"category":"rbear"},{"type":"B","date":"2018-03-20T05:38:26.000Z","volume":400,"price":21.45,"category":"rbear"},{"type":"B","date":"2018-03-20T05:37:52.000Z","volume":400,"price":21.5,"category":"rbear"},{"type":"B","date":"2018-03-20T05:37:29.000Z","volume":400,"price":21.45,"category":"rbear"},{"type":"B","date":"2018-03-20T05:37:28.000Z","volume":400,"price":21.45,"category":"rbear"},{"type":"B","date":"2018-03-20T05:35:27.000Z","volume":400,"price":21.5,"category":"rbear"},{"type":"B","date":"2018-03-20T05:35:27.000Z","volume":400,"price":21.5,"category":"rbear"},{"type":"B","date":"2018-03-20T05:34:39.000Z","volume":400,"price":21.5,"category":"rbear"},{"type":"B","date":"2018-03-20T05:34:32.000Z","volume":400,"price":21.5,"category":"rbear"},{"type":"B","date":"2018-03-20T05:34:26.000Z","volume":400,"price":21.5,"category":"rbear"},{"type":"B","date":"2018-03-20T05:33:39.000Z","volume":400,"price":21.5,"category":"rbear"},{"type":"B","date":"2018-03-20T05:33:33.000Z","volume":400,"price":21.5,"category":"rbear"},{"type":"B","date":"2018-03-20T05:33:24.000Z","volume":400,"price":21.5,"category":"rbear"},{"type":"B","date":"2018-03-20T05:32:33.000Z","volume":400,"price":21.55,"category":"rbear"},{"type":"B","date":"2018-03-20T05:31:35.000Z","volume":400,"price":21.55,"category":"rbear"},{"type":"B","date":"2018-03-20T05:31:22.000Z","volume":400,"price":21.55,"category":"rbear"},{"type":"B","date":"2018-03-20T05:31:22.000Z","volume":400,"price":21.55,"category":"rbear"},{"type":"B","date":"2018-03-20T05:30:43.000Z","volume":400,"price":21.55,"category":"rbear"},{"type":"B","date":"2018-03-20T05:30:38.000Z","volume":400,"price":21.55,"category":"rbear"},{"type":"B","date":"2018-03-20T05:29:44.000Z","volume":400,"price":21.5,"category":"rbear"},{"type":"B","date":"2018-03-20T05:29:39.000Z","volume":400,"price":21.5,"category":"rbear"},{"type":"B","date":"2018-03-20T05:29:21.000Z","volume":400,"price":21.5,"category":"rbear"},{"type":"B","date":"2018-03-20T05:28:45.000Z","volume":400,"price":21.55,"category":"rbear"},{"type":"B","date":"2018-03-20T05:28:21.000Z","volume":400,"price":21.5,"category":"rbear"},{"type":"B","date":"2018-03-20T05:27:48.000Z","volume":400,"price":21.5,"category":"rbear"},{"type":"B","date":"2018-03-20T05:27:47.000Z","volume":400,"price":21.5,"category":"rbear"},{"type":"B","date":"2018-03-20T05:27:41.000Z","volume":400,"price":21.5,"category":"rbear"},{"type":"B","date":"2018-03-20T05:27:18.000Z","volume":400,"price":21.5,"category":"rbear"},{"type":"B","date":"2018-03-20T05:24:46.000Z","volume":400,"price":21.5,"category":"rbear"},{"type":"B","date":"2018-03-20T05:23:48.000Z","volume":400,"price":21.5,"category":"rbear"},{"type":"B","date":"2018-03-20T05:23:33.000Z","volume":400,"price":21.5,"category":"rbear"},{"type":"B","date":"2018-03-20T05:20:15.000Z","volume":400,"price":21.6,"category":"rbear"},{"type":"B","date":"2018-03-20T05:18:58.000Z","volume":400,"price":21.55,"category":"rbear"},{"type":"B","date":"2018-03-20T05:10:26.000Z","volume":400,"price":21.55,"category":"rbear"},{"type":"B","date":"2018-03-20T05:07:13.000Z","volume":400,"price":21.55,"category":"rbear"},{"type":"B","date":"2018-03-20T03:59:17.000Z","volume":400,"price":21.65,"category":"rbear"},{"type":"B","date":"2018-03-20T03:14:44.000Z","volume":400,"price":21.65,"category":"rbear"},{"type":"B","date":"2018-03-20T02:38:23.000Z","volume":400,"price":21.8,"category":"rbear"},{"type":"B","date":"2018-03-20T02:36:03.000Z","volume":400,"price":21.85,"category":"rbear"},{"type":"B","date":"2018-03-20T01:58:09.000Z","volume":400,"price":21.8,"category":"rbear"},{"type":"B","date":"2018-03-20T01:41:56.000Z","volume":400,"price":21.8,"category":"rbear"},{"type":"B","date":"2018-03-20T01:37:33.000Z","volume":400,"price":21.85,"category":"rbear"},{"type":"B","date":"2018-03-20T01:31:21.000Z","volume":400,"price":21.8,"category":"rbear"},{"type":"B","date":"2018-03-20T01:31:00.000Z","volume":400,"price":21.8,"category":"rbear"},{"type":"B","date":"2018-03-20T01:30:28.000Z","volume":400,"price":21.8,"category":"rbear"},{"type":"B","date":"2018-03-20T01:30:03.000Z","volume":400,"price":21.8,"category":"rbear"},{"type":"B","date":"2018-03-20T07:59:55.000Z","volume":5600,"price":21.4,"category":"bbear"},{"type":"B","date":"2018-03-20T07:59:43.000Z","volume":3600,"price":21.4,"category":"bbear"},{"type":"B","date":"2018-03-20T07:59:37.000Z","volume":6800,"price":21.4,"category":"bbear"},{"type":"B","date":"2018-03-20T07:59:24.000Z","volume":4800,"price":21.4,"category":"bbear"},{"type":"B","date":"2018-03-20T07:59:24.000Z","volume":4800,"price":21.4,"category":"bbear"},{"type":"B","date":"2018-03-20T07:59:02.000Z","volume":3200,"price":21.4,"category":"bbear"},{"type":"B","date":"2018-03-20T07:58:23.000Z","volume":3200,"price":21.4,"category":"bbear"},{"type":"B","date":"2018-03-20T07:56:06.000Z","volume":4400,"price":21.4,"category":"bbear"},{"type":"B","date":"2018-03-20T07:55:48.000Z","volume":3600,"price":21.4,"category":"bbear"},{"type":"B","date":"2018-03-20T07:55:34.000Z","volume":5600,"price":21.4,"category":"bbear"},{"type":"B","date":"2018-03-20T07:55:30.000Z","volume":2800,"price":21.4,"category":"bbear"},{"type":"B","date":"2018-03-20T07:55:16.000Z","volume":3200,"price":21.35,"category":"bbear"},{"type":"B","date":"2018-03-20T07:54:04.000Z","volume":3200,"price":21.3,"category":"bbear"},{"type":"B","date":"2018-03-20T07:53:49.000Z","volume":4400,"price":21.3,"category":"bbear"},{"type":"B","date":"2018-03-20T07:53:45.000Z","volume":6000,"price":21.3,"category":"bbear"},{"type":"B","date":"2018-03-20T07:53:33.000Z","volume":4800,"price":21.3,"category":"bbear"},{"type":"B","date":"2018-03-20T07:53:20.000Z","volume":3600,"price":21.3,"category":"bbear"},{"type":"B","date":"2018-03-20T07:53:18.000Z","volume":3600,"price":21.3,"category":"bbear"},{"type":"B","date":"2018-03-20T07:53:03.000Z","volume":3200,"price":21.3,"category":"bbear"},{"type":"B","date":"2018-03-20T07:52:51.000Z","volume":2800,"price":21.3,"category":"bbear"},{"type":"B","date":"2018-03-20T07:52:30.000Z","volume":5200,"price":21.3,"category":"bbear"},{"type":"B","date":"2018-03-20T07:52:25.000Z","volume":4000,"price":21.3,"category":"bbear"},{"type":"B","date":"2018-03-20T07:50:32.000Z","volume":3200,"price":21.3,"category":"bbear"},{"type":"B","date":"2018-03-20T07:50:31.000Z","volume":4800,"price":21.3,"category":"bbear"},{"type":"B","date":"2018-03-20T07:50:22.000Z","volume":3200,"price":21.35,"category":"bbear"},{"type":"B","date":"2018-03-20T07:50:18.000Z","volume":4800,"price":21.3,"category":"bbear"},{"type":"B","date":"2018-03-20T07:50:16.000Z","volume":4000,"price":21.3,"category":"bbear"},{"type":"B","date":"2018-03-20T07:50:16.000Z","volume":8000,"price":21.3,"category":"bbear"},{"type":"B","date":"2018-03-20T07:49:42.000Z","volume":4400,"price":21.3,"category":"bbear"},{"type":"B","date":"2018-03-20T07:49:25.000Z","volume":3600,"price":21.3,"category":"bbear"},{"type":"B","date":"2018-03-20T07:49:00.000Z","volume":4000,"price":21.3,"category":"bbear"},{"type":"B","date":"2018-03-20T07:48:46.000Z","volume":6000,"price":21.3,"category":"bbear"},{"type":"B","date":"2018-03-20T07:48:32.000Z","volume":5200,"price":21.3,"category":"bbear"},{"type":"B","date":"2018-03-20T07:48:31.000Z","volume":2800,"price":21.3,"category":"bbear"},{"type":"B","date":"2018-03-20T07:48:29.000Z","volume":4800,"price":21.3,"category":"bbear"},{"type":"B","date":"2018-03-20T07:48:29.000Z","volume":4400,"price":21.3,"category":"bbear"},{"type":"B","date":"2018-03-20T07:48:22.000Z","volume":5200,"price":21.35,"category":"bbear"},{"type":"B","date":"2018-03-20T07:48:05.000Z","volume":3600,"price":21.35,"category":"bbear"},{"type":"B","date":"2018-03-20T07:47:18.000Z","volume":6800,"price":21.35,"category":"bbear"},{"type":"B","date":"2018-03-20T07:46:53.000Z","volume":3600,"price":21.35,"category":"bbear"},{"type":"B","date":"2018-03-20T07:46:24.000Z","volume":3200,"price":21.3,"category":"bbear"},{"type":"B","date":"2018-03-20T07:45:39.000Z","volume":7200,"price":21.3,"category":"bbear"},{"type":"B","date":"2018-03-20T07:44:00.000Z","volume":4000,"price":21.35,"category":"bbear"},{"type":"B","date":"2018-03-20T07:42:40.000Z","volume":3200,"price":21.35,"category":"bbear"},{"type":"B","date":"2018-03-20T07:42:39.000Z","volume":5600,"price":21.35,"category":"bbear"},{"type":"B","date":"2018-03-20T07:42:38.000Z","volume":8000,"price":21.35,"category":"bbear"},{"type":"B","date":"2018-03-20T07:42:25.000Z","volume":7200,"price":21.35,"category":"bbear"},{"type":"B","date":"2018-03-20T07:42:20.000Z","volume":7600,"price":21.35,"category":"bbear"},{"type":"B","date":"2018-03-20T07:42:19.000Z","volume":3600,"price":21.35,"category":"bbear"},{"type":"B","date":"2018-03-20T07:41:57.000Z","volume":3600,"price":21.35,"category":"bbear"},{"type":"B","date":"2018-03-20T07:41:55.000Z","volume":4000,"price":21.3,"category":"bbear"},{"type":"B","date":"2018-03-20T07:41:09.000Z","volume":4000,"price":21.3,"category":"bbear"},{"type":"B","date":"2018-03-20T07:40:33.000Z","volume":2800,"price":21.3,"category":"bbear"},{"type":"B","date":"2018-03-20T07:40:01.000Z","volume":4800,"price":21.3,"category":"bbear"},{"type":"B","date":"2018-03-20T07:39:11.000Z","volume":3200,"price":21.3,"category":"bbear"},{"type":"B","date":"2018-03-20T07:37:14.000Z","volume":4000,"price":21.35,"category":"bbear"},{"type":"B","date":"2018-03-20T07:37:09.000Z","volume":3200,"price":21.3,"category":"bbear"},{"type":"B","date":"2018-03-20T07:37:04.000Z","volume":7200,"price":21.35,"category":"bbear"},{"type":"B","date":"2018-03-20T07:36:32.000Z","volume":6000,"price":21.3,"category":"bbear"},{"type":"B","date":"2018-03-20T07:36:12.000Z","volume":5600,"price":21.35,"category":"bbear"},{"type":"B","date":"2018-03-20T07:36:08.000Z","volume":3200,"price":21.35,"category":"bbear"},{"type":"B","date":"2018-03-20T07:35:45.000Z","volume":6000,"price":21.35,"category":"bbear"},{"type":"B","date":"2018-03-20T07:35:05.000Z","volume":3200,"price":21.3,"category":"bbear"},{"type":"B","date":"2018-03-20T07:34:04.000Z","volume":3200,"price":21.3,"category":"bbear"},{"type":"B","date":"2018-03-20T07:33:03.000Z","volume":3200,"price":21.3,"category":"bbear"},{"type":"B","date":"2018-03-20T07:32:17.000Z","volume":3600,"price":21.35,"category":"bbear"},{"type":"B","date":"2018-03-20T07:32:02.000Z","volume":3200,"price":21.3,"category":"bbear"},{"type":"B","date":"2018-03-20T07:31:59.000Z","volume":3200,"price":21.35,"category":"bbear"},{"type":"B","date":"2018-03-20T07:31:33.000Z","volume":3200,"price":21.3,"category":"bbear"},{"type":"B","date":"2018-03-20T07:31:00.000Z","volume":3200,"price":21.3,"category":"bbear"},{"type":"B","date":"2018-03-20T07:29:59.000Z","volume":3200,"price":21.3,"category":"bbear"},{"type":"B","date":"2018-03-20T07:28:57.000Z","volume":3200,"price":21.3,"category":"bbear"},{"type":"B","date":"2018-03-20T07:27:56.000Z","volume":3200,"price":21.3,"category":"bbear"},{"type":"B","date":"2018-03-20T07:26:55.000Z","volume":3200,"price":21.3,"category":"bbear"},{"type":"B","date":"2018-03-20T07:25:54.000Z","volume":3200,"price":21.3,"category":"bbear"},{"type":"B","date":"2018-03-20T07:24:53.000Z","volume":3200,"price":21.3,"category":"bbear"},{"type":"B","date":"2018-03-20T07:23:52.000Z","volume":3200,"price":21.3,"category":"bbear"},{"type":"B","date":"2018-03-20T07:22:51.000Z","volume":3200,"price":21.3,"category":"bbear"},{"type":"B","date":"2018-03-20T07:21:49.000Z","volume":3200,"price":21.3,"category":"bbear"},{"type":"B","date":"2018-03-20T07:20:48.000Z","volume":3200,"price":21.3,"category":"bbear"},{"type":"B","date":"2018-03-20T07:19:47.000Z","volume":3200,"price":21.3,"category":"bbear"},{"type":"B","date":"2018-03-20T07:18:46.000Z","volume":3200,"price":21.3,"category":"bbear"},{"type":"B","date":"2018-03-20T07:17:45.000Z","volume":3200,"price":21.3,"category":"bbear"},{"type":"B","date":"2018-03-20T07:16:44.000Z","volume":3200,"price":21.3,"category":"bbear"},{"type":"B","date":"2018-03-20T07:15:42.000Z","volume":3200,"price":21.3,"category":"bbear"},{"type":"B","date":"2018-03-20T07:14:46.000Z","volume":6000,"price":21.35,"category":"bbear"},{"type":"B","date":"2018-03-20T07:14:41.000Z","volume":3200,"price":21.3,"category":"bbear"},{"type":"B","date":"2018-03-20T07:14:27.000Z","volume":7200,"price":21.35,"category":"bbear"},{"type":"B","date":"2018-03-20T07:13:39.000Z","volume":3200,"price":21.3,"category":"bbear"},{"type":"B","date":"2018-03-20T07:12:38.000Z","volume":3200,"price":21.35,"category":"bbear"},{"type":"B","date":"2018-03-20T07:11:37.000Z","volume":3200,"price":21.35,"category":"bbear"},{"type":"B","date":"2018-03-20T07:10:36.000Z","volume":3200,"price":21.35,"category":"bbear"},{"type":"B","date":"2018-03-20T07:09:34.000Z","volume":3200,"price":21.35,"category":"bbear"},{"type":"B","date":"2018-03-20T07:08:32.000Z","volume":3200,"price":21.35,"category":"bbear"},{"type":"B","date":"2018-03-20T07:07:20.000Z","volume":8000,"price":21.35,"category":"bbear"},{"type":"B","date":"2018-03-20T07:07:20.000Z","volume":4000,"price":21.35,"category":"bbear"},{"type":"B","date":"2018-03-20T07:07:20.000Z","volume":6400,"price":21.35,"category":"bbear"},{"type":"B","date":"2018-03-20T07:06:30.000Z","volume":3200,"price":21.35,"category":"bbear"},{"type":"B","date":"2018-03-20T07:06:22.000Z","volume":5600,"price":21.35,"category":"bbear"},{"type":"B","date":"2018-03-20T07:06:16.000Z","volume":2800,"price":21.35,"category":"bbear"},{"type":"B","date":"2018-03-20T07:05:29.000Z","volume":3200,"price":21.35,"category":"bbear"},{"type":"B","date":"2018-03-20T07:04:28.000Z","volume":3200,"price":21.35,"category":"bbear"},{"type":"B","date":"2018-03-20T07:03:25.000Z","volume":3200,"price":21.35,"category":"bbear"},{"type":"B","date":"2018-03-20T07:02:24.000Z","volume":3200,"price":21.35,"category":"bbear"},{"type":"B","date":"2018-03-20T07:02:04.000Z","volume":3600,"price":21.35,"category":"bbear"},{"type":"B","date":"2018-03-20T07:01:56.000Z","volume":2800,"price":21.35,"category":"bbear"},{"type":"B","date":"2018-03-20T07:01:47.000Z","volume":5200,"price":21.35,"category":"bbear"},{"type":"B","date":"2018-03-20T07:01:23.000Z","volume":3200,"price":21.3,"category":"bbear"},{"type":"B","date":"2018-03-20T07:00:22.000Z","volume":3200,"price":21.3,"category":"bbear"},{"type":"B","date":"2018-03-20T07:00:17.000Z","volume":2800,"price":21.3,"category":"bbear"},{"type":"B","date":"2018-03-20T07:00:15.000Z","volume":7600,"price":21.35,"category":"bbear"},{"type":"B","date":"2018-03-20T06:59:21.000Z","volume":3200,"price":21.3,"category":"bbear"},{"type":"B","date":"2018-03-20T06:58:34.000Z","volume":3200,"price":21.35,"category":"bbear"},{"type":"B","date":"2018-03-20T06:58:20.000Z","volume":3200,"price":21.35,"category":"bbear"},{"type":"B","date":"2018-03-20T06:58:01.000Z","volume":5200,"price":21.35,"category":"bbear"},{"type":"B","date":"2018-03-20T06:57:41.000Z","volume":2800,"price":21.35,"category":"bbear"},{"type":"B","date":"2018-03-20T06:57:20.000Z","volume":3200,"price":21.35,"category":"bbear"},{"type":"B","date":"2018-03-20T06:56:37.000Z","volume":4000,"price":21.35,"category":"bbear"},{"type":"B","date":"2018-03-20T06:56:18.000Z","volume":3200,"price":21.3,"category":"bbear"},{"type":"B","date":"2018-03-20T06:56:08.000Z","volume":3200,"price":21.35,"category":"bbear"},{"type":"B","date":"2018-03-20T06:55:17.000Z","volume":3200,"price":21.35,"category":"bbear"},{"type":"B","date":"2018-03-20T06:53:15.000Z","volume":3200,"price":21.35,"category":"bbear"},{"type":"B","date":"2018-03-20T06:52:14.000Z","volume":3200,"price":21.35,"category":"bbear"},{"type":"B","date":"2018-03-20T06:51:13.000Z","volume":3200,"price":21.35,"category":"bbear"},{"type":"B","date":"2018-03-20T06:50:12.000Z","volume":3200,"price":21.35,"category":"bbear"},{"type":"B","date":"2018-03-20T06:49:11.000Z","volume":3200,"price":21.35,"category":"bbear"},{"type":"B","date":"2018-03-20T06:48:10.000Z","volume":3200,"price":21.35,"category":"bbear"},{"type":"B","date":"2018-03-20T06:48:10.000Z","volume":3600,"price":21.35,"category":"bbear"},{"type":"B","date":"2018-03-20T06:47:09.000Z","volume":3200,"price":21.35,"category":"bbear"},{"type":"B","date":"2018-03-20T06:47:02.000Z","volume":6800,"price":21.35,"category":"bbear"},{"type":"B","date":"2018-03-20T06:47:02.000Z","volume":6000,"price":21.35,"category":"bbear"},{"type":"B","date":"2018-03-20T06:46:45.000Z","volume":4000,"price":21.35,"category":"bbear"},{"type":"B","date":"2018-03-20T06:45:44.000Z","volume":3200,"price":21.35,"category":"bbear"},{"type":"B","date":"2018-03-20T06:44:43.000Z","volume":4000,"price":21.35,"category":"bbear"},{"type":"B","date":"2018-03-20T06:44:25.000Z","volume":6800,"price":21.4,"category":"bbear"},{"type":"B","date":"2018-03-20T06:44:19.000Z","volume":3600,"price":21.4,"category":"bbear"},{"type":"B","date":"2018-03-20T06:43:41.000Z","volume":4000,"price":21.35,"category":"bbear"},{"type":"B","date":"2018-03-20T06:42:49.000Z","volume":4400,"price":21.35,"category":"bbear"},{"type":"B","date":"2018-03-20T06:42:41.000Z","volume":4000,"price":21.35,"category":"bbear"}