[{"type":"U","date":"2018-04-13T01:20:00.000Z","volume":44800,"label":"U","price":20.3},{"type":"A","date":"2018-04-13T01:30:00.000Z","volume":10000,"label":" ","price":20.3},{"type":"A","date":"2018-04-13T01:30:00.000Z","volume":6000,"label":" ","price":20.3},{"type":"A","date":"2018-04-13T01:30:00.000Z","volume":26000,"label":" ","price":20.3},{"type":"A","date":"2018-04-13T01:30:00.000Z","volume":1200,"label":" ","price":20.3},{"type":"A","date":"2018-04-13T01:30:01.000Z","volume":800,"label":" ","price":20.35},{"type":"A","date":"2018-04-13T01:30:11.000Z","volume":2000,"label":" ","price":20.35},{"type":"A","date":"2018-04-13T01:30:15.000Z","volume":2000,"label":" ","price":20.35},{"type":"A","date":"2018-04-13T01:30:16.000Z","volume":6000,"label":" ","price":20.35},{"type":"A","date":"2018-04-13T01:30:17.000Z","volume":400,"label":" ","price":20.35},{"type":"A","date":"2018-04-13T01:30:18.000Z","volume":50000,"label":" ","price":20.35},{"type":"A","date":"2018-04-13T01:30:32.000Z","volume":400,"label":" ","price":20.35},{"type":"A","date":"2018-04-13T01:30:32.000Z","volume":3200,"label":" ","price":20.35},{"type":"A","date":"2018-04-13T01:30:36.000Z","volume":1600,"label":"Y","price":20.35},{"type":"A","date":"2018-04-13T01:30:36.000Z","volume":1200,"label":" ","price":20.35},{"type":"A","date":"2018-04-13T01:30:44.000Z","volume":400,"label":" ","price":20.4},{"type":"A","date":"2018-04-13T01:30:53.000Z","volume":800,"label":" ","price":20.4},{"type":"A","date":"2018-04-13T01:30:55.000Z","volume":3200,"label":" ","price":20.4},{"type":"A","date":"2018-04-13T01:31:00.000Z","volume":14000,"label":" ","price":20.4},{"type":"B","date":"2018-04-13T01:31:20.000Z","volume":6000,"label":" ","price":20.35},{"type":"B","date":"2018-04-13T01:31:20.000Z","volume":2000,"label":" ","price":20.35},{"type":"A","date":"2018-04-13T01:31:22.000Z","volume":2400,"label":"Y","price":20.4},{"type":"A","date":"2018-04-13T01:31:22.000Z","volume":65600,"label":" ","price":20.4},{"type":"B","date":"2018-04-13T01:31:23.000Z","volume":2400,"label":"Y","price":20.4},{"type":"B","date":"2018-04-13T01:31:32.000Z","volume":1200,"label":" ","price":20.4},{"type":"B","date":"2018-04-13T01:31:33.000Z","volume":28800,"label":" ","price":20.4},{"type":"A","date":"2018-04-13T01:31:51.000Z","volume":8800,"label":"Y","price":20.4},{"type":"A","date":"2018-04-13T01:31:51.000Z","volume":31200,"label":" ","price":20.4},{"type":"A","date":"2018-04-13T01:31:53.000Z","volume":2000,"label":" ","price":20.4},{"type":"A","date":"2018-04-13T01:31:58.000Z","volume":800,"label":" ","price":20.4},{"type":"A","date":"2018-04-13T01:32:07.000Z","volume":10000,"label":" ","price":20.4},{"type":"A","date":"2018-04-13T01:32:07.000Z","volume":24800,"label":" ","price":20.4},{"type":"A","date":"2018-04-13T01:32:49.000Z","volume":30000,"label":" ","price":20.4},{"type":"A","date":"2018-04-13T01:32:51.000Z","volume":6000,"label":" ","price":20.4},{"type":"A","date":"2018-04-13T01:32:51.000Z","volume":800,"label":" ","price":20.4},{"type":"A","date":"2018-04-13T01:32:56.000Z","volume":800,"label":" ","price":20.4},{"type":"A","date":"2018-04-13T01:32:58.000Z","volume":2000,"label":" ","price":20.4},{"type":"A","date":"2018-04-13T01:33:03.000Z","volume":800,"label":" ","price":20.4},{"type":"A","date":"2018-04-13T01:33:03.000Z","volume":35200,"label":" ","price":20.4},{"type":"B","date":"2018-04-13T01:33:08.000Z","volume":2000,"label":" ","price":20.4},{"type":"A","date":"2018-04-13T01:33:31.000Z","volume":1600,"label":" ","price":20.45},{"type":"B","date":"2018-04-13T01:33:49.000Z","volume":2000,"label":" ","price":20.4},{"type":"B","date":"2018-04-13T01:33:49.000Z","volume":10000,"label":" ","price":20.4},{"type":"A","date":"2018-04-13T01:34:06.000Z","volume":10000,"label":" ","price":20.45},{"type":"A","date":"2018-04-13T01:34:06.000Z","volume":78400,"label":" ","price":20.45},{"type":"B","date":"2018-04-13T01:34:42.000Z","volume":400,"label":" ","price":20.45},{"type":"A","date":"2018-04-13T01:35:01.000Z","volume":400,"label":" ","price":20.5},{"type":"B","date":"2018-04-13T01:35:11.000Z","volume":15200,"label":" ","price":20.45},{"type":"A","date":"2018-04-13T01:35:32.000Z","volume":10000,"label":" ","price":20.45},{"type":"A","date":"2018-04-13T01:36:02.000Z","volume":400,"label":" ","price":20.45},{"type":"A","date":"2018-04-13T01:36:06.000Z","volume":400,"label":" ","price":20.45},{"type":"A","date":"2018-04-13T01:36:14.000Z","volume":400,"label":" ","price":20.45},{"type":"A","date":"2018-04-13T01:36:32.000Z","volume":50000,"label":" ","price":20.45},{"type":"A","date":"2018-04-13T01:36:32.000Z","volume":6800,"label":" ","price":20.45},{"type":"B","date":"2018-04-13T01:37:26.000Z","volume":2000,"label":" ","price":20.4},{"type":"A","date":"2018-04-13T01:37:31.000Z","volume":50000,"label":" ","price":20.45},{"type":"A","date":"2018-04-13T01:37:31.000Z","volume":18400,"label":" ","price":20.45},{"type":"A","date":"2018-04-13T01:37:52.000Z","volume":1600,"label":" ","price":20.45},{"type":"A","date":"2018-04-13T01:37:55.000Z","volume":1200,"label":" ","price":20.45},{"type":"A","date":"2018-04-13T01:38:11.000Z","volume":2000,"label":" ","price":20.45},{"type":"A","date":"2018-04-13T01:38:29.000Z","volume":7600,"label":" ","price":20.45},{"type":"B","date":"2018-04-13T01:38:32.000Z","volume":89600,"label":" ","price":20.4},{"type":"A","date":"2018-04-13T01:38:32.000Z","volume":800,"label":" ","price":20.4},{"type":"A","date":"2018-04-13T01:38:48.000Z","volume":4000,"label":" ","price":20.4},{"type":"A","date":"2018-04-13T01:38:48.000Z","volume":108800,"label":" ","price":20.4},{"type":"U","date":"2018-04-13T01:38:52.000Z","volume":400,"label":" ","price":20.4},{"type":"B","date":"2018-04-13T01:39:24.000Z","volume":67200,"label":" ","price":20.35},{"type":"U","date":"2018-04-13T01:39:24.000Z","volume":12800,"label":"X","price":20.35},{"type":"B","date":"2018-04-13T01:39:51.000Z","volume":800,"label":" ","price":20.35},{"type":"B","date":"2018-04-13T01:39:54.000Z","volume":400,"label":" ","price":20.35},{"type":"A","date":"2018-04-13T01:40:26.000Z","volume":3600,"label":" ","price":20.4},{"type":"B","date":"2018-04-13T01:40:44.000Z","volume":2000,"label":" ","price":20.35},{"type":"A","date":"2018-04-13T01:40:53.000Z","volume":1200,"label":" ","price":20.4},{"type":"B","date":"2018-04-13T01:41:15.000Z","volume":1200,"label":" ","price":20.35},{"type":"A","date":"2018-04-13T01:42:03.000Z","volume":4000,"label":" ","price":20.4},{"type":"A","date":"2018-04-13T01:42:07.000Z","volume":800,"label":" ","price":20.4},{"type":"A","date":"2018-04-13T01:42:20.000Z","volume":10000,"label":" ","price":20.4},{"type":"A","date":"2018-04-13T01:42:22.000Z","volume":6000,"label":" ","price":20.4},{"type":"A","date":"2018-04-13T01:42:36.000Z","volume":6400,"label":" ","price":20.4},{"type":"A","date":"2018-04-13T01:42:50.000Z","volume":12000,"label":" ","price":20.4},{"type":"B","date":"2018-04-13T01:43:01.000Z","volume":76800,"label":" ","price":20.35},{"type":"B","date":"2018-04-13T01:43:01.000Z","volume":23200,"label":" ","price":20.35},{"type":"A","date":"2018-04-13T01:43:12.000Z","volume":8000,"label":" ","price":20.35},{"type":"A","date":"2018-04-13T01:43:15.000Z","volume":63600,"label":" ","price":20.35},{"type":"A","date":"2018-04-13T01:43:18.000Z","volume":6000,"label":" ","price":20.35},{"type":"A","date":"2018-04-13T01:43:20.000Z","volume":400,"label":" ","price":20.35},{"type":"A","date":"2018-04-13T01:43:27.000Z","volume":800,"label":" ","price":20.35},{"type":"B","date":"2018-04-13T01:43:32.000Z","volume":1200,"label":" ","price":20.3},{"type":"A","date":"2018-04-13T01:43:33.000Z","volume":74400,"label":" ","price":20.35},{"type":"A","date":"2018-04-13T01:43:33.000Z","volume":116800,"label":" ","price":20.4},{"type":"A","date":"2018-04-13T01:43:34.000Z","volume":34800,"label":" ","price":20.45},{"type":"A","date":"2018-04-13T01:43:58.000Z","volume":24800,"label":" ","price":20.45},{"type":"A","date":"2018-04-13T01:43:58.000Z","volume":24800,"label":" ","price":20.45},{"type":"A","date":"2018-04-13T01:43:58.000Z","volume":24800,"label":" ","price":20.45},{"type":"A","date":"2018-04-13T01:44:18.000Z","volume":5600,"label":" ","price":20.45},{"type":"A","date":"2018-04-13T01:44:24.000Z","volume":2400,"label":" ","price":20.45},{"type":"A","date":"2018-04-13T01:45:02.000Z","volume":1600,"label":" ","price":20.45},{"type":"A","date":"2018-04-13T01:45:05.000Z","volume":1200,"label":" ","price":20.45},{"type":"A","date":"2018-04-13T01:45:08.000Z","volume":1600,"label":" ","price":20.45},{"type":"B","date":"2018-04-13T01:45:08.000Z","volume":400,"label":" ","price":20.4},{"type":"A","date":"2018-04-13T01:45:09.000Z","volume":400,"label":" ","price":20.45},{"type":"A","date":"2018-04-13T01:45:16.000Z","volume":800,"label":" ","price":20.45},{"type":"B","date":"2018-04-13T01:45:17.000Z","volume":400,"label":" ","price":20.4},{"type":"A","date":"2018-04-13T01:45:23.000Z","volume":400,"label":" ","price":20.45},{"type":"A","date":"2018-04-13T01:45:23.000Z","volume":2000,"label":" ","price":20.45},{"type":"A","date":"2018-04-13T01:45:23.000Z","volume":4000,"label":" ","price":20.45},{"type":"A","date":"2018-04-13T01:45:23.000Z","volume":22800,"label":" ","price":20.45},{"type":"A","date":"2018-04-13T01:45:23.000Z","volume":24800,"label":" ","price":20.45},{"type":"B","date":"2018-04-13T01:45:23.000Z","volume":800,"label":" ","price":20.4},{"type":"A","date":"2018-04-13T01:45:23.000Z","volume":7600,"label":" ","price":20.45},{"type":"A","date":"2018-04-13T01:45:23.000Z","volume":23200,"label":" ","price":20.45},{"type":"A","date":"2018-04-13T01:45:24.000Z","volume":800,"label":" ","price":20.45},{"type":"A","date":"2018-04-13T01:45:24.000Z","volume":800,"label":" ","price":20.5},{"type":"A","date":"2018-04-13T01:45:24.000Z","volume":8400,"label":" ","price":20.5},{"type":"A","date":"2018-04-13T01:45:32.000Z","volume":9200,"label":" ","price":20.5},{"type":"A","date":"2018-04-13T01:45:33.000Z","volume":1200,"label":" ","price":20.5},{"type":"A","date":"2018-04-13T01:45:33.000Z","volume":400,"label":" ","price":20.5},{"type":"A","date":"2018-04-13T01:45:34.000Z","volume":400,"label":" ","price":20.5},{"type":"B","date":"2018-04-13T01:45:35.000Z","volume":400,"label":"Y","price":20.45},{"type":"A","date":"2018-04-13T01:45:38.000Z","volume":2000,"label":" ","price":20.5},{"type":"A","date":"2018-04-13T01:45:43.000Z","volume":1200,"label":" ","price":20.5},{"type":"A","date":"2018-04-13T01:45:44.000Z","volume":24800,"label":" ","price":20.5},{"type":"A","date":"2018-04-13T01:45:44.000Z","volume":65200,"label":" ","price":20.5},{"type":"A","date":"2018-04-13T01:45:45.000Z","volume":2000,"label":" ","price":20.55},{"type":"A","date":"2018-04-13T01:45:45.000Z","volume":3600,"label":" ","price":20.55},{"type":"A","date":"2018-04-13T01:45:45.000Z","volume":4800,"label":" ","price":20.6},{"type":"A","date":"2018-04-13T01:45:45.000Z","volume":2000,"label":"Y","price":20.6},{"type":"A","date":"2018-04-13T01:45:45.000Z","volume":6800,"label":" ","price":20.6},{"type":"A","date":"2018-04-13T01:45:45.000Z","volume":1200,"label":"Y","price":20.6},{"type":"A","date":"2018-04-13T01:45:45.000Z","volume":800,"label":"Y","price":20.6},{"type":"A","date":"2018-04-13T01:45:45.000Z","volume":400,"label":" ","price":20.6},{"type":"A","date":"2018-04-13T01:45:45.000Z","volume":400,"label":" ","price":20.55},{"type":"A","date":"2018-04-13T01:45:46.000Z","volume":400,"label":" ","price":20.6},{"type":"B","date":"2018-04-13T01:45:47.000Z","volume":7600,"label":" ","price":20.55},{"type":"A","date":"2018-04-13T01:45:47.000Z","volume":400,"label":" ","price":20.55},{"type":"A","date":"2018-04-13T01:45:47.000Z","volume":400,"label":" ","price":20.55},{"type":"A","date":"2018-04-13T01:45:47.000Z","volume":800,"label":" ","price":20.55},{"type":"U","date":"2018-04-13T01:45:50.000Z","volume":400,"label":"X","price":20.55},{"type":"A","date":"2018-04-13T01:45:50.000Z","volume":2000,"label":" ","price":20.55},{"type":"A","date":"2018-04-13T01:46:02.000Z","volume":7600,"label":" ","price":20.55},{"type":"A","date":"2018-04-13T01:46:02.000Z","volume":4400,"label":" ","price":20.55},{"type":"A","date":"2018-04-13T01:46:02.000Z","volume":800,"label":" ","price":20.55},{"type":"A","date":"2018-04-13T01:46:02.000Z","volume":400,"label":" ","price":20.55},{"type":"A","date":"2018-04-13T01:46:02.000Z","volume":2000,"label":" ","price":20.55},{"type":"A","date":"2018-04-13T01:46:02.000Z","volume":24800,"label":" ","price":20.55},{"type":"A","date":"2018-04-13T01:46:03.000Z","volume":800,"label":" ","price":20.6},{"type":"A","date":"2018-04-13T01:46:03.000Z","volume":4000,"label":" ","price":20.6},{"type":"A","date":"2018-04-13T01:46:03.000Z","volume":2800,"label":" ","price":20.6},{"type":"A","date":"2018-04-13T01:46:03.000Z","volume":400,"label":" ","price":20.6},{"type":"A","date":"2018-04-13T01:46:03.000Z","volume":400,"label":" ","price":20.6},{"type":"B","date":"2018-04-13T01:46:05.000Z","volume":22000,"label":" ","price":20.55},{"type":"A","date":"2018-04-13T01:46:05.000Z","volume":1600,"label":" ","price":20.55},{"type":"A","date":"2018-04-13T01:46:05.000Z","volume":2000,"label":" ","price":20.55},{"type":"A","date":"2018-04-13T01:46:06.000Z","volume":800,"label":" ","price":20.55},{"type":"A","date":"2018-04-13T01:46:08.000Z","volume":23600,"label":" ","price":20.55},{"type":"A","date":"2018-04-13T01:46:09.000Z","volume":400,"label":" ","price":20.6},{"type":"A","date":"2018-04-13T01:46:09.000Z","volume":2800,"label":" ","price":20.6},{"type":"A","date":"2018-04-13T01:46:09.000Z","volume":2000,"label":" ","price":20.6},{"type":"B","date":"2018-04-13T01:46:10.000Z","volume":22000,"label":" ","price":20.55},{"type":"B","date":"2018-04-13T01:46:10.000Z","volume":800,"label":" ","price":20.55},{"type":"B","date":"2018-04-13T01:46:10.000Z","volume":800,"label":" ","price":20.55},{"type":"A","date":"2018-04-13T01:46:11.000Z","volume":400,"label":" ","price":20.55},{"type":"A","date":"2018-04-13T01:46:14.000Z","volume":1600,"label":" ","price":20.55},{"type":"A","date":"2018-04-13T01:46:16.000Z","volume":19600,"label":" ","price":20.55},{"type":"A","date":"2018-04-13T01:46:16.000Z","volume":2000,"label":" ","price":20.55},{"type":"A","date":"2018-04-13T01:46:16.000Z","volume":7600,"label":" ","price":20.55},{"type":"A","date":"2018-04-13T01:46:17.000Z","volume":1600,"label":" ","price":20.6},{"type":"A","date":"2018-04-13T01:46:17.000Z","volume":1200,"label":" ","price":20.6},{"type":"A","date":"2018-04-13T01:46:17.000Z","volume":400,"label":" ","price":20.6},{"type":"A","date":"2018-04-13T01:46:17.000Z","volume":3200,"label":" ","price":20.6},{"type":"B","date":"2018-04-13T01:46:18.000Z","volume":1600,"label":" ","price":20.55},{"type":"A","date":"2018-04-13T01:46:31.000Z","volume":4800,"label":" ","price":20.55},{"type":"A","date":"2018-04-13T01:46:32.000Z","volume":400,"label":" ","price":20.55},{"type":"A","date":"2018-04-13T01:46:38.000Z","volume":2800,"label":" ","price":20.55},{"type":"A","date":"2018-04-13T01:46:40.000Z","volume":800,"label":" ","price":20.55},{"type":"B","date":"2018-04-13T01:46:43.000Z","volume":400,"label":" ","price":20.55},{"type":"A","date":"2018-04-13T01:46:44.000Z","volume":6000,"label":" ","price":20.55},{"type":"A","date":"2018-04-13T01:46:44.000Z","volume":34000,"label":" ","price":20.6},{"type":"A","date":"2018-04-13T01:46:44.000Z","volume":10000,"label":" ","price":20.6},{"type":"B","date":"2018-04-13T01:46:46.000Z","volume":250000,"label":" ","price":20.6},{"type":"A","date":"2018-04-13T01:46:51.000Z","volume":1600,"label":" ","price":20.6},{"type":"A","date":"2018-04-13T01:47:20.000Z","volume":4800,"label":" ","price":20.6},{"type":"A","date":"2018-04-13T01:47:20.000Z","volume":400,"label":" ","price":20.6},{"type":"A","date":"2018-04-13T01:47:21.000Z","volume":400,"label":" ","price":20.6},{"type":"A","date":"2018-04-13T01:47:37.000Z","volume":10000,"label":" ","price":20.6},{"type":"A","date":"2018-04-13T01:47:44.000Z","volume":1200,"label":" ","price":20.6},{"type":"A","date":"2018-04-13T01:47:45.000Z","volume":8400,"label":" ","price":20.6},{"type":"A","date":"2018-04-13T01:47:45.000Z","volume":4800,"label":" ","price":20.6},{"type":"A","date":"2018-04-13T01:47:45.000Z","volume":2800,"label":" ","price":20.6},{"type":"A","date":"2018-04-13T01:47:45.000Z","volume":1200,"label":" ","price":20.6},{"type":"A","date":"2018-04-13T01:47:45.000Z","volume":5600,"label":" ","price":20.6},{"type":"A","date":"2018-04-13T01:47:45.000Z","volume":400,"label":" ","price":20.6},{"type":"A","date":"2018-04-13T01:47:45.000Z","volume":1600,"label":" ","price":20.6},{"type":"A","date":"2018-04-13T01:47:45.000Z","volume":1600,"label":" ","price":20.6},{"type":"A","date":"2018-04-13T01:47:45.000Z","volume":5600,"label":" ","price":20.6},{"type":"A","date":"2018-04-13T01:47:45.000Z","volume":400,"label":" ","price":20.6},{"type":"A","date":"2018-04-13T01:47:45.000Z","volume":1600,"label":" ","price":20.6},{"type":"A","date":"2018-04-13T01:47:45.000Z","volume":400,"label":" ","price":20.6},{"type":"A","date":"2018-04-13T01:47:45.000Z","volume":400,"label":" ","price":20.6},{"type":"A","date":"2018-04-13T01:47:45.000Z","volume":400,"label":" ","price":20.6},{"type":"A","date":"2018-04-13T01:47:45.000Z","volume":400,"label":" ","price":20.6},{"type":"A","date":"2018-04-13T01:47:47.000Z","volume":1600,"label":" ","price":20.6},{"type":"A","date":"2018-04-13T01:47:47.000Z","volume":19600,"label":" ","price":20.6},{"type":"U","date":"2018-04-13T01:47:48.000Z","volume":20400,"label":" ","price":20.6},{"type":"B","date":"2018-04-13T01:47:49.000Z","volume":800,"label":" ","price":20.55},{"type":"A","date":"2018-04-13T01:48:12.000Z","volume":8000,"label":" ","price":20.65},{"type":"A","date":"2018-04-13T01:48:20.000Z","volume":10000,"label":" ","price":20.65},{"type":"A","date":"2018-04-13T01:48:21.000Z","volume":49200,"label":" ","price":20.65},{"type":"A","date":"2018-04-13T01:48:21.000Z","volume":800,"label":" ","price":20.65},{"type":"A","date":"2018-04-13T01:48:25.000Z","volume":1200,"label":" ","price":20.65},{"type":"A","date":"2018-04-13T01:48:25.000Z","volume":4000,"label":" ","price":20.65},{"type":"B","date":"2018-04-13T01:48:32.000Z","volume":400,"label":" ","price":20.65},{"type":"B","date":"2018-04-13T01:48:34.000Z","volume":6400,"label":" ","price":20.65},{"type":"A","date":"2018-04-13T01:48:44.000Z","volume":400,"label":" ","price":20.65},{"type":"A","date":"2018-04-13T01:48:57.000Z","volume":3200,"label":" ","price":20.65},{"type":"A","date":"2018-04-13T01:48:57.000Z","volume":24800,"label":" ","price":20.65},{"type":"A","date":"2018-04-13T01:48:57.000Z","volume":2400,"label":" ","price":20.65},{"type":"B","date":"2018-04-13T01:49:04.000Z","volume":1200,"label":" ","price":20.65},{"type":"A","date":"2018-04-13T01:49:27.000Z","volume":1200,"label":" ","price":20.7},{"type":"A","date":"2018-04-13T01:49:31.000Z","volume":5200,"label":" ","price":20.7},{"type":"A","date":"2018-04-13T01:49:50.000Z","volume":24800,"label":" ","price":20.7},{"type":"A","date":"2018-04-13T01:49:50.000Z","volume":24000,"label":" ","price":20.7},{"type":"A","date":"2018-04-13T01:49:50.000Z","volume":2000,"label":" ","price":20.7},{"type":"B","date":"2018-04-13T01:49:56.000Z","volume":46000,"label":" ","price":20.7},{"type":"B","date":"2018-04-13T01:49:56.000Z","volume":4000,"label":" ","price":20.7},{"type":"B","date":"2018-04-13T01:50:01.000Z","volume":2000,"label":" ","price":20.7},{"type":"A","date":"2018-04-13T01:50:02.000Z","volume":1200,"label":" ","price":20.7},{"type":"A","date":"2018-04-13T01:50:02.000Z","volume":800,"label":" ","price":20.7},{"type":"B","date":"2018-04-13T01:50:37.000Z","volume":400,"label":" ","price":20.7},{"type":"A","date":"2018-04-13T01:50:49.000Z","volume":6000,"label":" ","price":20.75},{"type":"A","date":"2018-04-13T01:50:53.000Z","volume":70000,"label":" ","price":20.75},{"type":"A","date":"2018-04-13T01:50:53.000Z","volume":4000,"label":" ","price":20.75},{"type":"B","date":"2018-04-13T01:50:58.000Z","volume":2000,"label":" ","price":20.75},{"type":"A","date":"2018-04-13T01:51:06.000Z","volume":2800,"label":" ","price":20.8},{"type":"B","date":"2018-04-13T01:51:06.000Z","volume":10000,"label":" ","price":20.75},{"type":"A","date":"2018-04-13T01:51:11.000Z","volume":10000,"label":"Y","price":20.75},{"type":"A","date":"2018-04-13T01:51:11.000Z","volume":4800,"label":" ","price":20.75},{"type":"A","date":"2018-04-13T01:51:23.000Z","volume":4000,"label":" ","price":20.8},{"type":"A","date":"2018-04-13T01:51:25.000Z","volume":10000,"label":" ","price":20.8},{"type":"B","date":"2018-04-13T01:51:29.000Z","volume":4000,"label":" ","price":20.75},{"type":"A","date":"2018-04-13T01:51:31.000Z","volume":10000,"label":" ","price":20.8},{"type":"A","date":"2018-04-13T01:51:36.000Z","volume":3200,"label":"Y","price":20.8},{"type":"A","date":"2018-04-13T01:51:36.000Z","volume":58400,"label":" ","price":20.8},{"type":"A","date":"2018-04-13T01:51:37.000Z","volume":24800,"label":" ","price":20.85},{"type":"A","date":"2018-04-13T01:51:37.000Z","volume":24800,"label":" ","price":20.85},{"type":"A","date":"2018-04-13T01:51:37.000Z","volume":14000,"label":" ","price":20.85},{"type":"B","date":"2018-04-13T01:51:39.000Z","volume":23600,"label":" ","price":20.85},{"type":"A","date":"2018-04-13T01:51:41.000Z","volume":2400,"label":" ","price":20.85},{"type":"A","date":"2018-04-13T01:51:42.000Z","volume":800,"label":" ","price":20.85},{"type":"A","date":"2018-04-13T01:51:43.000Z","volume":2000,"label":" ","price":20.85},{"type":"A","date":"2018-04-13T01:51:49.000Z","volume":2000,"label":" ","price":20.85},{"type":"A","date":"2018-04-13T01:51:51.000Z","volume":4000,"label":" ","price":20.85},{"type":"A","date":"2018-04-13T01:51:52.000Z","volume":800,"label":" ","price":20.85},{"type":"A","date":"2018-04-13T01:51:53.000Z","volume":10000,"label":" ","price":20.85},{"type":"A","date":"2018-04-13T01:51:55.000Z","volume":400,"label":" ","price":20.85},{"type":"A","date":"2018-04-13T01:51:55.000Z","volume":24800,"label":" ","price":20.85},{"type":"A","date":"2018-04-13T01:51:56.000Z","volume":2400,"label":" ","price":20.85},{"type":"A","date":"2018-04-13T01:52:01.000Z","volume":11200,"label":" ","price":20.85},{"type":"A","date":"2018-04-13T01:52:01.000Z","volume":5600,"label":" ","price":20.85},{"type":"B","date":"2018-04-13T01:52:04.000Z","volume":1600,"label":" ","price":20.85},{"type":"U","date":"2018-04-13T01:52:08.000Z","volume":7600,"label":" ","price":20.85},{"type":"A","date":"2018-04-13T01:52:09.000Z","volume":1200,"label":" ","price":20.9},{"type":"A","date":"2018-04-13T01:52:25.000Z","volume":800,"label":" ","price":20.9},{"type":"U","date":"2018-04-13T01:52:28.000Z","volume":9600,"label":" ","price":20.85},{"type":"U","date":"2018-04-13T01:52:30.000Z","volume":800,"label":" ","price":20.85},{"type":"A","date":"2018-04-13T01:52:40.000Z","volume":1200,"label":" ","price":20.85},{"type":"A","date":"2018-04-13T01:53:02.000Z","volume":800,"label":" ","price":20.85},{"type":"A","date":"2018-04-13T01:53:05.000Z","volume":2000,"label":" ","price":20.85},{"type":"A","date":"2018-04-13T01:53:16.000Z","volume":5200,"label":" ","price":20.85},{"type":"A","date":"2018-04-13T01:53:21.000Z","volume":1600,"label":" ","price":20.85},{"type":"B","date":"2018-04-13T01:53:28.000Z","volume":400,"label":" ","price":20.8},{"type":"B","date":"2018-04-13T01:53:29.000Z","volume":2000,"label":" ","price":20.8},{"type":"A","date":"2018-04-13T01:53:37.000Z","volume":5200,"label":" ","price":20.85},{"type":"A","date":"2018-04-13T01:53:37.000Z","volume":800,"label":" ","price":20.85},{"type":"B","date":"2018-04-13T01:53:38.000Z","volume":30000,"label":" ","price":20.8},{"type":"A","date":"2018-04-13T01:53:38.000Z","volume":3600,"label":" ","price":20.85},{"type":"A","date":"2018-04-13T01:53:38.000Z","volume":13600,"label":" ","price":20.9},{"type":"A","date":"2018-04-13T01:53:38.000Z","volume":15200,"label":" ","price":20.85},{"type":"B","date":"2018-04-13T01:53:40.000Z","volume":400,"label":" ","price":20.85},{"type":"A","date":"2018-04-13T01:53:44.000Z","volume":1600,"label":" ","price":20.85},{"type":"B","date":"2018-04-13T01:53:59.000Z","volume":2000,"label":" ","price":20.8},{"type":"A","date":"2018-04-13T01:54:18.000Z","volume":11200,"label":"Y","price":20.85},{"type":"A","date":"2018-04-13T01:54:18.000Z","volume":8800,"label":" ","price":20.85},{"type":"B","date":"2018-04-13T01:54:21.000Z","volume":4400,"label":" ","price":20.8},{"type":"A","date":"2018-04-13T01:54:22.000Z","volume":800,"label":" ","price":20.85},{"type":"A","date":"2018-04-13T01:54:29.000Z","volume":3200,"label":" ","price":20.85},{"type":"A","date":"2018-04-13T01:54:30.000Z","volume":4000,"label":" ","price":20.85},{"type":"A","date":"2018-04-13T01:54:30.000Z","volume":800,"label":" ","price":20.85},{"type":"B","date":"2018-04-13T01:54:32.000Z","volume":400,"label":" ","price":20.8},{"type":"B","date":"2018-04-13T01:55:14.000Z","volume":30000,"label":" ","price":20.8},{"type":"A","date":"2018-04-13T01:55:19.000Z","volume":12000,"label":" ","price":20.85},{"type":"A","date":"2018-04-13T01:55:19.000Z","volume":800,"label":" ","price":20.85},{"type":"B","date":"2018-04-13T01:55:20.000Z","volume":2800,"label":" ","price":20.8},{"type":"B","date":"2018-04-13T01:55:39.000Z","volume":4800,"label":" ","price":20.8},{"type":"B","date":"2018-04-13T01:55:39.000Z","volume":8000,"label":" ","price":20.8},{"type":"B","date":"2018-04-13T01:55:44.000Z","volume":3200,"label":" ","price":20.8},{"type":"A","date":"2018-04-13T01:55:45.000Z","volume":3200,"label":" ","price":20.85},{"type":"B","date":"2018-04-13T01:55:56.000Z","volume":400,"label":"Y","price":20.8},{"type":"B","date":"2018-04-13T01:55:56.000Z","volume":1600,"label":" ","price":20.8},{"type":"A","date":"2018-04-13T01:55:57.000Z","volume":800,"label":" ","price":20.85},{"type":"B","date":"2018-04-13T01:55:59.000Z","volume":4000,"label":" ","price":20.85},{"type":"B","date":"2018-04-13T01:56:05.000Z","volume":800,"label":" ","price":20.85},{"type":"B","date":"2018-04-13T01:56:19.000Z","volume":2000,"label":" ","price":20.85},{"type":"B","date":"2018-04-13T01:56:28.000Z","volume":2800,"label":" ","price":20.85},{"type":"A","date":"2018-04-13T01:56:31.000Z","volume":4000,"label":" ","price":20.9},{"type":"A","date":"2018-04-13T01:56:35.000Z","volume":800,"label":" ","price":20.9},{"type":"A","date":"2018-04-13T01:56:36.000Z","volume":25200,"label":" ","price":20.9},{"type":"A","date":"2018-04-13T01:56:41.000Z","volume":2800,"label":" ","price":20.9},{"type":"A","date":"2018-04-13T01:56:47.000Z","volume":2800,"label":" ","price":20.9},{"type":"B","date":"2018-04-13T01:56:47.000Z","volume":400,"label":" ","price":20.85},{"type":"A","date":"2018-04-13T01:56:47.000Z","volume":10000,"label":" ","price":20.9},{"type":"A","date":"2018-04-13T01:56:47.000Z","volume":17600,"label":" ","price":20.9},{"type":"A","date":"2018-04-13T01:56:54.000Z","volume":10000,"label":" ","price":20.95},{"type":"B","date":"2018-04-13T01:56:58.000Z","volume":4800,"label":" ","price":20.9},{"type":"A","date":"2018-04-13T01:57:04.000Z","volume":2800,"label":"Y","price":20.95},{"type":"A","date":"2018-04-13T01:57:04.000Z","volume":15200,"label":" ","price":20.95},{"type":"B","date":"2018-04-13T01:57:06.000Z","volume":1200,"label":" ","price":20.95},{"type":"A","date":"2018-04-13T01:57:13.000Z","volume":30000,"label":" ","price":21},{"type":"B","date":"2018-04-13T01:57:17.000Z","volume":400,"label":" ","price":20.95},{"type":"A","date":"2018-04-13T01:57:18.000Z","volume":30000,"label":" ","price":21},{"type":"B","date":"2018-04-13T01:57:20.000Z","volume":1600,"label":" ","price":20.95},{"type":"A","date":"2018-04-13T01:57:21.000Z","volume":10000,"label":" ","price":21},{"type":"A","date":"2018-04-13T01:57:23.000Z","volume":67200,"label":" ","price":21},{"type":"A","date":"2018-04-13T01:57:24.000Z","volume":24400,"label":" ","price":21.05},{"type":"A","date":"2018-04-13T01:57:24.000Z","volume":400,"label":" ","price":21.05},{"type":"A","date":"2018-04-13T01:57:24.000Z","volume":400,"label":" ","price":21.05},{"type":"U","date":"2018-04-13T01:57:27.000Z","volume":5200,"label":" ","price":21.05},{"type":"U","date":"2018-04-13T01:57:31.000Z","volume":4000,"label":" ","price":21.05},{"type":"A","date":"2018-04-13T01:57:35.000Z","volume":10000,"label":" ","price":21.1},{"type":"B","date":"2018-04-13T01:57:36.000Z","volume":11200,"label":" ","price":21},{"type":"U","date":"2018-04-13T01:57:36.000Z","volume":15200,"label":"X","price":21},{"type":"A","date":"2018-04-13T01:57:40.000Z","volume":2800,"label":" ","price":21.1},{"type":"B","date":"2018-04-13T01:57:49.000Z","volume":400,"label":" ","price":21.05},{"type":"B","date":"2018-04-13T01:57:58.000Z","volume":2000,"label":" ","price":21.05},{"type":"B","date":"2018-04-13T01:58:02.000Z","volume":5200,"label":" ","price":21.05},{"type":"B","date":"2018-04-13T01:58:02.000Z","volume":9200,"label":" ","price":21.05},{"type":"A","date":"2018-04-13T01:58:13.000Z","volume":800,"label":" ","price":21.1},{"type":"B","date":"2018-04-13T01:58:21.000Z","volume":2000,"label":" ","price":21},{"type":"B","date":"2018-04-13T01:58:22.000Z","volume":14400,"label":" ","price":21},{"type":"A","date":"2018-04-13T01:58:23.000Z","volume":8400,"label":" ","price":21.05},{"type":"A","date":"2018-04-13T01:58:23.000Z","volume":1600,"label":" ","price":21.05},{"type":"U","date":"2018-04-13T01:58:24.000Z","volume":800,"label":" ","price":21.05},{"type":"A","date":"2018-04-13T01:58:24.000Z","volume":2400,"label":" ","price":21.05},{"type":"A","date":"2018-04-13T01:58:27.000Z","volume":1200,"label":"Y","price":21.05},{"type":"A","date":"2018-04-13T01:58:27.000Z","volume":2000,"label":" ","price":21.05},{"type":"B","date":"2018-04-13T01:58:28.000Z","volume":400,"label":" ","price":21},{"type":"B","date":"2018-04-13T01:58:33.000Z","volume":2800,"label":" ","price":21},{"type":"A","date":"2018-04-13T01:58:36.000Z","volume":2800,"label":" ","price":21.05},{"type":"B","date":"2018-04-13T01:58:37.000Z","volume":1200,"label":" ","price":21},{"type":"A","date":"2018-04-13T01:58:42.000Z","volume":800,"label":" ","price":21.05},{"type":"B","date":"2018-04-13T01:58:46.000Z","volume":32800,"label":" ","price":21},{"type":"B","date":"2018-04-13T01:58:46.000Z","volume":9200,"label":" ","price":21},{"type":"A","date":"2018-04-13T01:58:57.000Z","volume":400,"label":" ","price":21},{"type":"A","date":"2018-04-13T01:59:17.000Z","volume":2000,"label":" ","price":21},{"type":"A","date":"2018-04-13T01:59:23.000Z","volume":11600,"label":" ","price":21},{"type":"A","date":"2018-04-13T01:59:23.000Z","volume":3200,"label":" ","price":21.05},{"type":"B","date":"2018-04-13T01:59:27.000Z","volume":1600,"label":" ","price":21},{"type":"B","date":"2018-04-13T01:59:28.000Z","volume":800,"label":" ","price":21},{"type":"A","date":"2018-04-13T02:00:18.000Z","volume":6000,"label":" ","price":21},{"type":"B","date":"2018-04-13T02:00:24.000Z","volume":2800,"label":" ","price":20.95},{"type":"B","date":"2018-04-13T02:00:24.000Z","volume":4400,"label":" ","price":20.95},{"type":"B","date":"2018-04-13T02:00:24.000Z","volume":6000,"label":" ","price":20.95},{"type":"A","date":"2018-04-13T02:00:37.000Z","volume":800,"label":" ","price":20.95},{"type":"B","date":"2018-04-13T02:00:47.000Z","volume":6400,"label":" ","price":20.9},{"type":"B","date":"2018-04-13T02:00:51.000Z","volume":1200,"label":" ","price":20.9},{"type":"B","date":"2018-04-13T02:01:09.000Z","volume":4000,"label":" ","price":20.9},{"type":"A","date":"2018-04-13T02:01:22.000Z","volume":2000,"label":" ","price":20.95},{"type":"U","date":"2018-04-13T02:01:32.000Z","volume":400,"label":"X","price":20.925},{"type":"A","date":"2018-04-13T02:01:36.000Z","volume":4000,"label":" ","price":20.95},{"type":"U","date":"2018-04-13T02:01:48.000Z","volume":400,"label":"X","price":20.925},{"type":"U","date":"2018-04-13T02:02:09.000Z","volume":400,"label":"X","price":20.925},{"type":"B","date":"2018-04-13T02:02:09.000Z","volume":50000,"label":" ","price":20.9},{"type":"B","date":"2018-04-13T02:02:09.000Z","volume":4400,"label":" ","price":20.9},{"type":"A","date":"2018-04-13T02:02:14.000Z","volume":800,"label":" ","price":20.95},{"type":"B","date":"2018-04-13T02:02:34.000Z","volume":10000,"label":" ","price":20.85},{"type":"U","date":"2018-04-13T02:02:35.000Z","volume":4800,"label":"X","price":20.85},{"type":"B","date":"2018-04-13T02:02:48.000Z","volume":1200,"label":" ","price":20.85},{"type":"A","date":"2018-04-13T02:02:58.000Z","volume":20000,"label":" ","price":20.9},{"type":"A","date":"2018-04-13T02:03:07.000Z","volume":2400,"label":" ","price":20.9},{"type":"A","date":"2018-04-13T02:03:17.000Z","volume":800,"label":" ","price":20.9},{"type":"A","date":"2018-04-13T02:03:25.000Z","volume":400,"label":" ","price":20.9},{"type":"A","date":"2018-04-13T02:03:53.000Z","volume":400,"label":" ","price":20.9},{"type":"U","date":"2018-04-13T02:04:09.000Z","volume":400,"label":"X","price":20.875},{"type":"B","date":"2018-04-13T02:04:28.000Z","volume":800,"label":" ","price":20.85},{"type":"B","date":"2018-04-13T02:04:30.000Z","volume":53600,"label":" ","price":20.85},{"type":"B","date":"2018-04-13T02:04:30.000Z","volume":6800,"label":" ","price":20.85},{"type":"A","date":"2018-04-13T02:04:50.000Z","volume":1200,"label":" ","price":20.85},{"type":"A","date":"2018-04-13T02:04:50.000Z","volume":400,"label":" ","price":20.85},{"type":"A","date":"2018-04-13T02:04:53.000Z","volume":400,"label":" ","price":20.85},{"type":"A","date":"2018-04-13T02:05:17.000Z","volume":12400,"label":" ","price":20.85},{"type":"A","date":"2018-04-13T02:05:24.000Z","volume":3600,"label":" ","price":20.9},{"type":"A","date":"2018-04-13T02:05:36.000Z","volume":20000,"label":" ","price":20.9},{"type":"B","date":"2018-04-13T02:05:45.000Z","volume":4000,"label":" ","price":20.85},{"type":"B","date":"2018-04-13T02:05:47.000Z","volume":1200,"label":" ","price":20.85},{"type":"B","date":"2018-04-13T02:06:17.000Z","volume":2000,"label":" ","price":20.85},{"type":"B","date":"2018-04-13T02:06:20.000Z","volume":4000,"label":" ","price":20.85},{"type":"U","date":"2018-04-13T02:06:42.000Z","volume":400,"label":"X","price":20.875},{"type":"A","date":"2018-04-13T02:06:49.000Z","volume":400,"label":" ","price":20.9},{"type":"B","date":"2018-04-13T02:07:02.000Z","volume":1200,"label":" ","price":20.85},{"type":"U","date":"2018-04-13T02:07:48.000Z","volume":400,"label":"X","price":20.875},{"type":"B","date":"2018-04-13T02:08:02.000Z","volume":2000,"label":" ","price":20.85},{"type":"U","date":"2018-04-13T02:08:03.000Z","volume":400,"label":"X","price":20.875},{"type":"B","date":"2018-04-13T02:08:33.000Z","volume":10000,"label":" ","price":20.85},{"type":"B","date":"2018-04-13T02:09:07.000Z","volume":8000,"label":" ","price":20.85},{"type":"B","date":"2018-04-13T02:09:07.000Z","volume":66400,"label":" ","price":20.85},{"type":"U","date":"2018-04-13T02:09:11.000Z","volume":2400,"label":" ","price":20.85},{"type":"U","date":"2018-04-13T02:10:46.000Z","volume":400,"label":"X","price":20.825},{"type":"B","date":"2018-04-13T02:10:49.000Z","volume":72400,"label":" ","price":20.8},{"type":"B","date":"2018-04-13T02:10:49.000Z","volume":10800,"label":" ","price":20.75},{"type":"B","date":"2018-04-13T02:11:01.000Z","volume":24000,"label":" ","price":20.7},{"type":"U","date":"2018-04-13T02:11:01.000Z","volume":4400,"label":"X","price":20.7},{"type":"B","date":"2018-04-13T02:11:02.000Z","volume":400,"label":" ","price":20.65},{"type":"B","date":"2018-04-13T02:11:02.000Z","volume":400,"label":" ","price":20.65},{"type":"B","date":"2018-04-13T02:11:21.000Z","volume":5200,"label":" ","price":20.65},{"type":"A","date":"2018-04-13T02:11:35.000Z","volume":400,"label":" ","price":20.7},{"type":"A","date":"2018-04-13T02:11:35.000Z","volume":18000,"label":" ","price":20.7},{"type":"A","date":"2018-04-13T02:11:39.000Z","volume":4800,"label":" ","price":20.75},{"type":"A","date":"2018-04-13T02:11:39.000Z","volume":8400,"label":" ","price":20.75},{"type":"A","date":"2018-04-13T02:11:49.000Z","volume":800,"label":" ","price":20.8},{"type":"A","date":"2018-04-13T02:12:02.000Z","volume":800,"label":" ","price":20.8},{"type":"B","date":"2018-04-13T02:12:23.000Z","volume":1200,"label":" ","price":20.75},{"type":"A","date":"2018-04-13T02:12:28.000Z","volume":4000,"label":" ","price":20.8},{"type":"A","date":"2018-04-13T02:12:38.000Z","volume":5200,"label":" ","price":20.8},{"type":"U","date":"2018-04-13T02:12:48.000Z","volume":400,"label":"X","price":20.775},{"type":"A","date":"2018-04-13T02:13:20.000Z","volume":3200,"label":" ","price":20.8},{"type":"B","date":"2018-04-13T02:13:39.000Z","volume":1200,"label":" ","price":20.75},{"type":"U","date":"2018-04-13T02:13:42.000Z","volume":400,"label":"X","price":20.775},{"type":"B","date":"2018-04-13T02:14:08.000Z","volume":13200,"label":" ","price":20.75},{"type":"A","date":"2018-04-13T02:14:10.000Z","volume":1200,"label":" ","price":20.8},{"type":"B","date":"2018-04-13T02:14:17.000Z","volume":400,"label":" ","price":20.75},{"type":"B","date":"2018-04-13T02:14:17.000Z","volume":5200,"label":" ","price":20.75},{"type":"B","date":"2018-04-13T02:14:56.000Z","volume":3200,"label":" ","price":20.7},{"type":"B","date":"2018-04-13T02:14:57.000Z","volume":2000,"label":" ","price":20.7},{"type":"B","date":"2018-04-13T02:15:07.000Z","volume":1200,"label":" ","price":20.7},{"type":"U","date":"2018-04-13T02:15:37.000Z","volume":400,"label":"X","price":20.675},{"type":"B","date":"2018-04-13T02:15:53.000Z","volume":400,"label":" ","price":20.65},{"type":"A","date":"2018-04-13T02:15:55.000Z","volume":2000,"label":" ","price":20.7},{"type":"A","date":"2018-04-13T02:16:16.000Z","volume":10000,"label":" ","price":20.7},{"type":"B","date":"2018-04-13T02:16:26.000Z","volume":800,"label":" ","price":20.65},{"type":"U","date":"2018-04-13T02:16:31.000Z","volume":400,"label":"X","price":20.675},{"type":"B","date":"2018-04-13T02:16:56.000Z","volume":6400,"label":" ","price":20.65},{"type":"U","date":"2018-04-13T02:17:09.000Z","volume":400,"label":"X","price":20.675},{"type":"B","date":"2018-04-13T02:17:11.000Z","volume":62000,"label":" ","price":20.65},{"type":"U","date":"2018-04-13T02:17:11.000Z","volume":8800,"label":"X","price":20.65},{"type":"A","date":"2018-04-13T02:17:17.000Z","volume":13600,"label":" ","price":20.65},{"type":"U","date":"2018-04-13T02:18:27.000Z","volume":400,"label":"X","price":20.675},{"type":"U","date":"2018-04-13T02:18:33.000Z","volume":2000,"label":" ","price":20.65},{"type":"B","date":"2018-04-13T02:18:58.000Z","volume":400,"label":" ","price":20.65},{"type":"B","date":"2018-04-13T02:18:58.000Z","volume":800,"label":" ","price":20.65},{"type":"B","date":"2018-04-13T02:18:58.000Z","volume":400,"label":" ","price":20.65},{"type":"A","date":"2018-04-13T02:19:18.000Z","volume":13600,"label":" ","price":20.65},{"type":"B","date":"2018-04-13T02:19:48.000Z","volume":4800,"label":" ","price":20.65},{"type":"B","date":"2018-04-13T02:19:48.000Z","volume":1600,"label":" ","price":20.65},{"type":"U","date":"2018-04-13T02:20:10.000Z","volume":400,"label":"X","price":20.625},{"type":"A","date":"2018-04-13T02:20:17.000Z","volume":5200,"label":" ","price":20.65},{"type":"A","date":"2018-04-13T02:20:17.000Z","volume":1200,"label":" ","price":20.65},{"type":"A","date":"2018-04-13T02:20:17.000Z","volume":5200,"label":" ","price":20.7},{"type":"U","date":"2018-04-13T02:21:06.000Z","volume":400,"label":"X","price":20.675},{"type":"U","date":"2018-04-13T02:21:53.000Z","volume":400,"label":"X","price":20.675},{"type":"A","date":"2018-04-13T02:22:18.000Z","volume":6000,"label":" ","price":20.7},{"type":"U","date":"2018-04-13T02:22:38.000Z","volume":400,"label":"X","price":20.675},{"type":"B","date":"2018-04-13T02:23:06.000Z","volume":1200,"label":" ","price":20.65},{"type":"U","date":"2018-04-13T02:23:18.000Z","volume":400,"label":"X","price":20.675},{"type":"U","date":"2018-04-13T02:24:35.000Z","volume":400,"label":"X","price":20.675},{"type":"A","date":"2018-04-13T02:24:41.000Z","volume":800,"label":" ","price":20.7},{"type":"U","date":"2018-04-13T02:24:49.000Z","volume":400,"label":"X","price":20.675},{"type":"B","date":"2018-04-13T02:25:10.000Z","volume":2800,"label":" ","price":20.65},{"type":"B","date":"2018-04-13T02:25:11.000Z","volume":400,"label":" ","price":20.65},{"type":"B","date":"2018-04-13T02:25:16.000Z","volume":1200,"label":" ","price":20.65},{"type":"B","date":"2018-04-13T02:25:17.000Z","volume":400,"label":" ","price":20.65},{"type":"U","date":"2018-04-13T02:25:19.000Z","volume":400,"label":"X","price":20.675},{"type":"B","date":"2018-04-13T02:25:20.000Z","volume":8000,"label":" ","price":20.65},{"type":"B","date":"2018-04-13T02:25:20.000Z","volume":12000,"label":" ","price":20.65},{"type":"A","date":"2018-04-13T02:26:11.000Z","volume":4800,"label":" ","price":20.65},{"type":"A","date":"2018-04-13T02:26:18.000Z","volume":12000,"label":" ","price":20.65},{"type":"A","date":"2018-04-13T02:26:40.000Z","volume":2400,"label":" ","price":20.65},{"type":"B","date":"2018-04-13T02:27:05.000Z","volume":800,"label":" ","price":20.6},{"type":"B","date":"2018-04-13T02:27:10.000Z","volume":39600,"label":" ","price":20.6},{"type":"B","date":"2018-04-13T02:27:12.000Z","volume":800,"label":" ","price":20.6},{"type":"U","date":"2018-04-13T02:27:45.000Z","volume":4400,"label":" ","price":20.6},{"type":"A","date":"2018-04-13T02:27:45.000Z","volume":5600,"label":" ","price":20.6},{"type":"A","date":"2018-04-13T02:27:45.000Z","volume":400,"label":" ","price":20.6},{"type":"A","date":"2018-04-13T02:27:47.000Z","volume":400,"label":" ","price":20.6},{"type":"A","date":"2018-04-13T02:28:01.000Z","volume":2000,"label":" ","price":20.6},{"type":"B","date":"2018-04-13T02:28:34.000Z","volume":1200,"label":" ","price":20.55},{"type":"B","date":"2018-04-13T02:28:46.000Z","volume":4000,"label":"Y","price":20.55},{"type":"B","date":"2018-04-13T02:28:46.000Z","volume":124800,"label":" ","price":20.55},{"type":"B","date":"2018-04-13T02:28:46.000Z","volume":400,"label":" ","price":20.55},{"type":"A","date":"2018-04-13T02:29:20.000Z","volume":10000,"label":" ","price":20.6},{"type":"A","date":"2018-04-13T02:29:30.000Z","volume":3200,"label":" ","price":20.6},{"type":"A","date":"2018-04-13T02:29:30.000Z","volume":6800,"label":" ","price":20.65},{"type":"A","date":"2018-04-13T02:29:36.000Z","volume":3200,"label":" ","price":20.6},{"type":"A","date":"2018-04-13T02:30:25.000Z","volume":1600,"label":" ","price":20.6},{"type":"A","date":"2018-04-13T02:30:25.000Z","volume":400,"label":" ","price":20.6},{"type":"A","date":"2018-04-13T02:30:25.000Z","volume":6400,"label":" ","price":20.6},{"type":"A","date":"2018-04-13T02:30:26.000Z","volume":400,"label":" ","price":20.65},{"type":"U","date":"2018-04-13T02:31:30.000Z","volume":400,"label":"X","price":20.625},{"type":"U","date":"2018-04-13T02:31:46.000Z","volume":400,"label":"X","price":20.625},{"type":"A","date":"2018-04-13T02:31:49.000Z","volume":4000,"label":" ","price":20.65},{"type":"B","date":"2018-04-13T02:31:53.000Z","volume":1200,"label":" ","price":20.6},{"type":"U","date":"2018-04-13T02:32:46.000Z","volume":400,"label":"X","price":20.625},{"type":"U","date":"2018-04-13T02:33:07.000Z","volume":400,"label":"X","price":20.625},{"type":"U","date":"2018-04-13T02:33:47.000Z","volume":400,"label":"X","price":20.625},{"type":"B","date":"2018-04-13T02:34:08.000Z","volume":1200,"label":" ","price":20.6},{"type":"B","date":"2018-04-13T02:34:14.000Z","volume":13600,"label":" ","price":20.6},{"type":"A","date":"2018-04-13T02:35:26.000Z","volume":2800,"label":"Y","price":20.6},{"type":"U","date":"2018-04-13T02:35:52.000Z","volume":400,"label":"X","price":20.575},{"type":"U","date":"2018-04-13T02:36:05.000Z","volume":400,"label":"X","price":20.575},{"type":"U","date":"2018-04-13T02:36:08.000Z","volume":400,"label":"X","price":20.575},{"type":"A","date":"2018-04-13T02:36:24.000Z","volume":800,"label":" ","price":20.6},{"type":"A","date":"2018-04-13T02:36:50.000Z","volume":6400,"label":" ","price":20.6},{"type":"A","date":"2018-04-13T02:36:58.000Z","volume":400,"label":" ","price":20.6},{"type":"U","date":"2018-04-13T02:37:07.000Z","volume":400,"label":"X","price":20.575},{"type":"A","date":"2018-04-13T02:37:08.000Z","volume":17200,"label":" ","price":20.6},{"type":"B","date":"2018-04-13T02:38:00.000Z","volume":400,"label":" ","price":20.6},{"type":"B","date":"2018-04-13T02:38:08.000Z","volume":400,"label":"Y","price":20.6},{"type":"B","date":"2018-04-13T02:38:08.000Z","volume":5600,"label":" ","price":20.6},{"type":"A","date":"2018-04-13T02:38:23.000Z","volume":1200,"label":"Y","price":20.65},{"type":"A","date":"2018-04-13T02:38:23.000Z","volume":800,"label":" ","price":20.65},{"type":"B","date":"2018-04-13T02:38:49.000Z","volume":1200,"label":" ","price":20.6},{"type":"B","date":"2018-04-13T02:40:02.000Z","volume":400,"label":" ","price":20.6},{"type":"U","date":"2018-04-13T02:41:05.000Z","volume":400,"label":"X","price":20.625},{"type":"B","date":"2018-04-13T02:41:07.000Z","volume":1200,"label":" ","price":20.6},{"type":"B","date":"2018-04-13T02:41:30.000Z","volume":15600,"label":" ","price":20.6},{"type":"A","date":"2018-04-13T02:41:30.000Z","volume":800,"label":" ","price":20.65},{"type":"A","date":"2018-04-13T02:41:45.000Z","volume":4000,"label":" ","price":20.65},{"type":"B","date":"2018-04-13T02:43:21.000Z","volume":1200,"label":" ","price":20.6},{"type":"B","date":"2018-04-13T02:43:24.000Z","volume":400,"label":" ","price":20.6},{"type":"A","date":"2018-04-13T02:43:29.000Z","volume":6000,"label":" ","price":20.65},{"type":"U","date":"2018-04-13T02:43:30.000Z","volume":400,"label":"X","price":20.625},{"type":"U","date":"2018-04-13T02:43:50.000Z","volume":400,"label":"X","price":20.625},{"type":"A","date":"2018-04-13T02:44:07.000Z","volume":10000,"label":" ","price":20.65},{"type":"U","date":"2018-04-13T02:44:33.000Z","volume":400,"label":"X","price":20.625},{"type":"A","date":"2018-04-13T02:44:48.000Z","volume":1600,"label":" ","price":20.65},{"type":"U","date":"2018-04-13T02:45:04.000Z","volume":400,"label":"X","price":20.625},{"type":"A","date":"2018-04-13T02:45:19.000Z","volume":10000,"label":" ","price":20.65},{"type":"B","date":"2018-04-13T02:45:44.000Z","volume":800,"label":" ","price":20.6},{"type":"B","date":"2018-04-13T02:45:44.000Z","volume":800,"label":" ","price":20.6},{"type":"B","date":"2018-04-13T02:45:44.000Z","volume":1200,"label":" ","price":20.6},{"type":"B","date":"2018-04-13T02:46:08.000Z","volume":2000,"label":" ","price":20.6},{"type":"B","date":"2018-04-13T02:46:08.000Z","volume":400,"label":" ","price":20.6},{"type":"B","date":"2018-04-13T02:46:35.000Z","volume":400,"label":" ","price":20.6},{"type":"U","date":"2018-04-13T02:47:46.000Z","volume":400,"label":"X","price":20.625},{"type":"U","date":"2018-04-13T02:47:51.000Z","volume":400,"label":"X","price":20.625},{"type":"B","date":"2018-04-13T02:47:57.000Z","volume":1200,"label":" ","price":20.6},{"type":"U","date":"2018-04-13T02:48:08.000Z","volume":400,"label":"X","price":20.625},{"type":"B","date":"2018-04-13T02:48:24.000Z","volume":2000,"label":" ","price":20.6},{"type":"U","date":"2018-04-13T02:49:16.000Z","volume":400,"label":"X","price":20.625},{"type":"U","date":"2018-04-13T02:49:23.000Z","volume":400,"label":"X","price":20.625},{"type":"A","date":"2018-04-13T02:49:41.000Z","volume":400,"label":" ","price":20.65},{"type":"B","date":"2018-04-13T02:49:44.000Z","volume":6000,"label":" ","price":20.6},{"type":"B","date":"2018-04-13T02:49:45.000Z","volume":400,"label":" ","price":20.6},{"type":"U","date":"2018-04-13T02:49:45.000Z","volume":400,"label":"X","price":20.625},{"type":"B","date":"2018-04-13T02:50:17.000Z","volume":1200,"label":" ","price":20.6},{"type":"B","date":"2018-04-13T02:50:47.000Z","volume":400,"label":" ","price":20.6},{"type":"U","date":"2018-04-13T02:50:49.000Z","volume":400,"label":"X","price":20.625},{"type":"B","date":"2018-04-13T02:51:19.000Z","volume":1200,"label":" ","price":20.6},{"type":"U","date":"2018-04-13T02:51:46.000Z","volume":400,"label":"X","price":20.625},{"type":"U","date":"2018-04-13T02:51:46.000Z","volume":400,"label":"X","price":20.625},{"type":"B","date":"2018-04-13T02:52:29.000Z","volume":1200,"label":" ","price":20.6},{"type":"U","date":"2018-04-13T02:53:16.000Z","volume":400,"label":"X","price":20.625},{"type":"B","date":"2018-04-13T02:53:17.000Z","volume":400,"label":"Y","price":20.6},{"type":"A","date":"2018-04-13T02:53:32.000Z","volume":3200,"label":"Y","price":20.65},{"type":"B","date":"2018-04-13T02:54:30.000Z","volume":400,"label":" ","price":20.6},{"type":"B","date":"2018-04-13T02:54:45.000Z","volume":7200,"label":" ","price":20.6},{"type":"B","date":"2018-04-13T02:55:33.000Z","volume":1200,"label":" ","price":20.55},{"type":"U","date":"2018-04-13T02:56:17.000Z","volume":400,"label":"X","price":20.575},{"type":"U","date":"2018-04-13T02:56:42.000Z","volume":400,"label":"X","price":20.575},{"type":"B","date":"2018-04-13T02:57:42.000Z","volume":1200,"label":" ","price":20.55},{"type":"A","date":"2018-04-13T02:57:43.000Z","volume":800,"label":" ","price":20.6},{"type":"A","date":"2018-04-13T02:58:04.000Z","volume":20000,"label":" ","price":20.6},{"type":"A","date":"2018-04-13T02:58:04.000Z","volume":400,"label":" ","price":20.6},{"type":"A","date":"2018-04-13T02:58:05.000Z","volume":22800,"label":" ","price":20.6},{"type":"A","date":"2018-04-13T02:58:05.000Z","volume":1600,"label":" ","price":20.65},{"type":"A","date":"2018-04-13T02:58:05.000Z","volume":400,"label":" ","price":20.65},{"type":"A","date":"2018-04-13T02:58:30.000Z","volume":2000,"label":" ","price":20.65},{"type":"A","date":"2018-04-13T02:58:54.000Z","volume":2400,"label":" ","price":20.65},{"type":"B","date":"2018-04-13T02:59:30.000Z","volume":1200,"label":" ","price":20.6},{"type":"A","date":"2018-04-13T02:59:42.000Z","volume":400,"label":" ","price":20.65},{"type":"U","date":"2018-04-13T02:59:49.000Z","volume":400,"label":"X","price":20.625},{"type":"U","date":"2018-04-13T03:00:29.000Z","volume":400,"label":"X","price":20.625},{"type":"U","date":"2018-04-13T03:01:09.000Z","volume":400,"label":"X","price":20.625},{"type":"A","date":"2018-04-13T03:01:37.000Z","volume":400,"label":" ","price":20.65},{"type":"B","date":"2018-04-13T03:01:39.000Z","volume":1200,"label":" ","price":20.6},{"type":"U","date":"2018-04-13T03:01:49.000Z","volume":400,"label":"X","price":20.625},{"type":"A","date":"2018-04-13T03:02:18.000Z","volume":4800,"label":" ","price":20.65},{"type":"U","date":"2018-04-13T03:02:29.000Z","volume":400,"label":"X","price":20.625},{"type":"U","date":"2018-04-13T03:02:49.000Z","volume":400,"label":"X","price":20.625},{"type":"U","date":"2018-04-13T03:03:29.000Z","volume":400,"label":"X","price":20.625},{"type":"A","date":"2018-04-13T03:03:41.000Z","volume":400,"label":" ","price":20.65},{"type":"B","date":"2018-04-13T03:03:46.000Z","volume":1200,"label":" ","price":20.6},{"type":"A","date":"2018-04-13T03:03:56.000Z","volume":400,"label":" ","price":20.65},{"type":"U","date":"2018-04-13T03:04:09.000Z","volume":400,"label":"X","price":20.625},{"type":"A","date":"2018-04-13T03:04:19.000Z","volume":1600,"label":" ","price":20.65},{"type":"U","date":"2018-04-13T03:04:49.000Z","volume":400,"label":"X","price":20.625},{"type":"A","date":"2018-04-13T03:05:01.000Z","volume":800,"label":" ","price":20.65},{"type":"B","date":"2018-04-13T03:05:01.000Z","volume":1200,"label":" ","price":20.6},{"type":"B","date":"2018-04-13T03:05:28.000Z","volume":24800,"label":" ","price":20.6},{"type":"B","date":"2018-04-13T03:05:28.000Z","volume":18800,"label":" ","price":20.6},{"type":"A","date":"2018-04-13T03:05:28.000Z","volume":400,"label":" ","price":20.65},{"type":"A","date":"2018-04-13T03:06:33.000Z","volume":400,"label":" ","price":20.65},{"type":"U","date":"2018-04-13T03:06:39.000Z","volume":400,"label":"X","price":20.6},{"type":"U","date":"2018-04-13T03:06:39.000Z","volume":400,"label":"X","price":20.6},{"type":"U","date":"2018-04-13T03:07:08.000Z","volume":400,"label":"X","price":20.6},{"type":"B","date":"2018-04-13T03:08:03.000Z","volume":1200,"label":" ","price":20.55},{"type":"B","date":"2018-04-13T03:08:22.000Z","volume":20000,"label":" ","price":20.55},{"type":"B","date":"2018-04-13T03:08:22.000Z","volume":6800,"label":" ","price":20.55},{"type":"A","date":"2018-04-13T03:08:39.000Z","volume":5200,"label":" ","price":20.6},{"type":"A","date":"2018-04-13T03:08:56.000Z","volume":10000,"label":" ","price":20.6},{"type":"U","date":"2018-04-13T03:09:22.000Z","volume":400,"label":"X","price":20.55},{"type":"A","date":"2018-04-13T03:09:55.000Z","volume":1200,"label":" ","price":20.6},{"type":"U","date":"2018-04-13T03:10:09.000Z","volume":400,"label":"X","price":20.55},{"type":"B","date":"2018-04-13T03:10:55.000Z","volume":1200,"label":" ","price":20.5},{"type":"U","date":"2018-04-13T03:11:10.000Z","volume":400,"label":"X","price":20.525},{"type":"B","date":"2018-04-13T03:11:26.000Z","volume":5200,"label":" ","price":20.5},{"type":"U","date":"2018-04-13T03:11:43.000Z","volume":400,"label":"X","price":20.525},{"type":"U","date":"2018-04-13T03:12:23.000Z","volume":400,"label":"X","price":20.525},{"type":"B","date":"2018-04-13T03:13:03.000Z","volume":1200,"label":" ","price":20.5},{"type":"B","date":"2018-04-13T03:13:34.000Z","volume":12400,"label":"Y","price":20.5},{"type":"B","date":"2018-04-13T03:13:34.000Z","volume":7600,"label":" ","price":20.5},{"type":"B","date":"2018-04-13T03:13:34.000Z","volume":20000,"label":" ","price":20.5},{"type":"B","date":"2018-04-13T03:14:02.000Z","volume":400,"label":" ","price":20.5},{"type":"B","date":"2018-04-13T03:14:02.000Z","volume":400,"label":" ","price":20.5},{"type":"B","date":"2018-04-13T03:14:02.000Z","volume":400,"label":" ","price":20.5},{"type":"B","date":"2018-04-13T03:14:02.000Z","volume":400,"label":" ","price":20.5},{"type":"B","date":"2018-04-13T03:14:02.000Z","volume":3200,"label":" ","price":20.5},{"type":"B","date":"2018-04-13T03:14:15.000Z","volume":2000,"label":" ","price":20.5},{"type":"B","date":"2018-04-13T03:14:15.000Z","volume":4000,"label":" ","price":20.5},{"type":"B","date":"2018-04-13T03:15:30.000Z","volume":1200,"label":" ","price":20.45},{"type":"A","date":"2018-04-13T03:15:34.000Z","volume":400,"label":" ","price":20.5},{"type":"U","date":"2018-04-13T03:15:45.000Z","volume":400,"label":"X","price":20.475},{"type":"U","date":"2018-04-13T03:16:06.000Z","volume":400,"label":"X","price":20.475},{"type":"U","date":"2018-04-13T03:16:55.000Z","volume":400,"label":"X","price":20.475},{"type":"U","date":"2018-04-13T03:17:28.000Z","volume":400,"label":"X","price":20.475},{"type":"U","date":"2018-04-13T03:17:52.000Z","volume":400,"label":"X","price":20.475},{"type":"U","date":"2018-04-13T03:17:56.000Z","volume":400,"label":"X","price":20.475},{"type":"B","date":"2018-04-13T03:18:13.000Z","volume":1200,"label":" ","price":20.45},{"type":"U","date":"2018-04-13T03:18:26.000Z","volume":400,"label":"X","price":20.475},{"type":"A","date":"2018-04-13T03:18:29.000Z","volume":800,"label":" ","price":20.5},{"type":"U","date":"2018-04-13T03:19:04.000Z","volume":400,"label":"X","price":20.475},{"type":"U","date":"2018-04-13T03:19:14.000Z","volume":400,"label":"X","price":20.475},{"type":"U","date":"2018-04-13T03:20:04.000Z","volume":400,"label":"X","price":20.475},{"type":"U","date":"2018-04-13T03:20:18.000Z","volume":400,"label":"X","price":20.475},{"type":"B","date":"2018-04-13T03:20:27.000Z","volume":1200,"label":" ","price":20.45},{"type":"B","date":"2018-04-13T03:20:43.000Z","volume":10000,"label":" ","price":20.45},{"type":"B","date":"2018-04-13T03:20:43.000Z","volume":3600,"label":" ","price":20.45},{"type":"U","date":"2018-04-13T03:22:17.000Z","volume":400,"label":"X","price":20.425},{"type":"B","date":"2018-04-13T03:22:40.000Z","volume":1200,"label":" ","price":20.4},{"type":"B","date":"2018-04-13T03:23:12.000Z","volume":4400,"label":" ","price":20.4},{"type":"B","date":"2018-04-13T03:23:12.000Z","volume":1200,"label":" ","price":20.4},{"type":"A","date":"2018-04-13T03:23:15.000Z","volume":400,"label":" ","price":20.45},{"type":"U","date":"2018-04-13T03:23:18.000Z","volume":400,"label":"X","price":20.425},{"type":"U","date":"2018-04-13T03:23:29.000Z","volume":400,"label":"X","price":20.425},{"type":"U","date":"2018-04-13T03:23:41.000Z","volume":400,"label":"X","price":20.425},{"type":"B","date":"2018-04-13T03:23:44.000Z","volume":4000,"label":"Y","price":20.4},{"type":"B","date":"2018-04-13T03:23:44.000Z","volume":1200,"label":" ","price":20.4},{"type":"B","date":"2018-04-13T03:24:07.000Z","volume":10000,"label":" ","price":20.4},{"type":"B","date":"2018-04-13T03:24:07.000Z","volume":2800,"label":" ","price":20.4},{"type":"B","date":"2018-04-13T03:24:07.000Z","volume":1200,"label":" ","price":20.4},{"type":"B","date":"2018-04-13T03:24:07.000Z","volume":6800,"label":" ","price":20.4},{"type":"B","date":"2018-04-13T03:24:09.000Z","volume":800,"label":" ","price":20.4},{"type":"U","date":"2018-04-13T03:24:13.000Z","volume":400,"label":"X","price":20.425},{"type":"B","date":"2018-04-13T03:24:13.000Z","volume":400,"label":" ","price":20.4},{"type":"B","date":"2018-04-13T03:24:17.000Z","volume":400,"label":" ","price":20.4},{"type":"B","date":"2018-04-13T03:24:17.000Z","volume":400,"label":" ","price":20.4},{"type":"B","date":"2018-04-13T03:24:18.000Z","volume":400,"label":" ","price":20.4},{"type":"B","date":"2018-04-13T03:24:39.000Z","volume":400,"label":" ","price":20.4},{"type":"B","date":"2018-04-13T03:24:50.000Z","volume":1200,"label":" ","price":20.4},{"type":"B","date":"2018-04-13T03:25:50.000Z","volume":400,"label":" ","price":20.4},{"type":"B","date":"2018-04-13T03:25:50.000Z","volume":400,"label":" ","price":20.4},{"type":"U","date":"2018-04-13T03:25:54.000Z","volume":400,"label":"X","price":20.425},{"type":"A","date":"2018-04-13T03:26:22.000Z","volume":2400,"label":" ","price":20.45},{"type":"B","date":"2018-04-13T03:27:14.000Z","volume":1200,"label":" ","price":20.4},{"type":"B","date":"2018-04-13T03:27:44.000Z","volume":400,"label":" ","price":20.4},{"type":"U","date":"2018-04-13T03:28:22.000Z","volume":400,"label":"X","price":20.425},{"type":"B","date":"2018-04-13T03:29:20.000Z","volume":1200,"label":" ","price":20.4},{"type":"B","date":"2018-04-13T03:29:21.000Z","volume":400,"label":" ","price":20.4},{"type":"B","date":"2018-04-13T03:30:44.000Z","volume":400,"label":" ","price":20.4},{"type":"U","date":"2018-04-13T03:31:14.000Z","volume":400,"label":"X","price":20.425},{"type":"B","date":"2018-04-13T03:31:38.000Z","volume":1200,"label":" ","price":20.4},{"type":"B","date":"2018-04-13T03:31:39.000Z","volume":400,"label":" ","price":20.4},{"type":"U","date":"2018-04-13T03:31:40.000Z","volume":400,"label":"X","price":20.425},{"type":"U","date":"2018-04-13T03:32:04.000Z","volume":400,"label":"X","price":20.425},{"type":"U","date":"2018-04-13T03:32:06.000Z","volume":400,"label":"X","price":20.425},{"type":"U","date":"2018-04-13T03:32:11.000Z","volume":400,"label":"X","price":20.425},{"type":"U","date":"2018-04-13T03:32:41.000Z","volume":400,"label":"X","price":20.425},{"type":"B","date":"2018-04-13T03:33:41.000Z","volume":1200,"label":" ","price":20.4},{"type":"B","date":"2018-04-13T03:33:42.000Z","volume":400,"label":" ","price":20.4},{"type":"U","date":"2018-04-13T03:34:06.000Z","volume":400,"label":"X","price":20.425},{"type":"B","date":"2018-04-13T03:34:16.000Z","volume":800,"label":"Y","price":20.4},{"type":"B","date":"2018-04-13T03:34:16.000Z","volume":16800,"label":" ","price":20.4},{"type":"B","date":"2018-04-13T03:34:16.000Z","volume":2000,"label":" ","price":20.35},{"type":"A","date":"2018-04-13T03:34:16.000Z","volume":400,"label":" ","price":20.4},{"type":"B","date":"2018-04-13T03:34:18.000Z","volume":400,"label":" ","price":20.35},{"type":"A","date":"2018-04-13T03:34:19.000Z","volume":18400,"label":" ","price":20.4},{"type":"B","date":"2018-04-13T03:34:19.000Z","volume":3200,"label":" ","price":20.35},{"type":"A","date":"2018-04-13T03:34:55.000Z","volume":1200,"label":" ","price":20.4},{"type":"B","date":"2018-04-13T03:34:56.000Z","volume":400,"label":" ","price":20.35},{"type":"A","date":"2018-04-13T03:35:23.000Z","volume":36000,"label":" ","price":20.4},{"type":"A","date":"2018-04-13T03:35:23.000Z","volume":25200,"label":" ","price":20.4},{"type":"A","date":"2018-04-13T03:35:23.000Z","volume":800,"label":" ","price":20.4},{"type":"B","date":"2018-04-13T03:35:50.000Z","volume":400,"label":" ","price":20.4},{"type":"B","date":"2018-04-13T03:35:50.000Z","volume":6000,"label":" ","price":20.4},{"type":"B","date":"2018-04-13T03:36:44.000Z","volume":400,"label":" ","price":20.35},{"type":"B","date":"2018-04-13T03:37:24.000Z","volume":400,"label":" ","price":20.35},{"type":"B","date":"2018-04-13T03:37:38.000Z","volume":400,"label":" ","price":20.4},{"type":"B","date":"2018-04-13T03:38:04.000Z","volume":400,"label":" ","price":20.4},{"type":"B","date":"2018-04-13T03:38:06.000Z","volume":400,"label":" ","price":20.4},{"type":"A","date":"2018-04-13T03:38:06.000Z","volume":400,"label":" ","price":20.4},{"type":"B","date":"2018-04-13T03:38:16.000Z","volume":400,"label":" ","price":20.35},{"type":"A","date":"2018-04-13T03:38:18.000Z","volume":400,"label":" ","price":20.4},{"type":"A","date":"2018-04-13T03:38:31.000Z","volume":38000,"label":" ","price":20.4},{"type":"A","date":"2018-04-13T03:38:38.000Z","volume":400,"label":" ","price":20.4},{"type":"A","date":"2018-04-13T03:38:44.000Z","volume":10000,"label":" ","price":20.4},{"type":"A","date":"2018-04-13T03:38:55.000Z","volume":6000,"label":" ","price":20.4},{"type":"A","date":"2018-04-13T03:39:15.000Z","volume":400,"label":" ","price":20.4},{"type":"B","date":"2018-04-13T03:39:16.000Z","volume":400,"label":" ","price":20.35},{"type":"B","date":"2018-04-13T03:39:26.000Z","volume":400,"label":" ","price":20.35},{"type":"A","date":"2018-04-13T03:39:31.000Z","volume":400,"label":" ","price":20.4},{"type":"A","date":"2018-04-13T03:39:48.000Z","volume":2000,"label":" ","price":20.4},{"type":"B","date":"2018-04-13T03:39:50.000Z","volume":400,"label":" ","price":20.35},{"type":"A","date":"2018-04-13T03:40:00.000Z","volume":400,"label":" ","price":20.4},{"type":"B","date":"2018-04-13T03:40:06.000Z","volume":400,"label":" ","price":20.35},{"type":"U","date":"2018-04-13T03:40:09.000Z","volume":400,"label":"X","price":20.375},{"type":"A","date":"2018-04-13T03:40:12.000Z","volume":6400,"label":" ","price":20.4},{"type":"B","date":"2018-04-13T03:40:13.000Z","volume":1200,"label":" ","price":20.35},{"type":"A","date":"2018-04-13T03:40:15.000Z","volume":10000,"label":" ","price":20.4},{"type":"B","date":"2018-04-13T03:40:16.000Z","volume":2000,"label":" ","price":20.35},{"type":"B","date":"2018-04-13T03:40:17.000Z","volume":1200,"label":" ","price":20.35},{"type":"B","date":"2018-04-13T03:40:46.000Z","volume":2400,"label":" ","price":20.35},{"type":"B","date":"2018-04-13T03:40:46.000Z","volume":800,"label":" ","price":20.35},{"type":"U","date":"2018-04-13T03:40:49.000Z","volume":400,"label":"X","price":20.375},{"type":"B","date":"2018-04-13T03:41:27.000Z","volume":400,"label":" ","price":20.35},{"type":"U","date":"2018-04-13T03:41:28.000Z","volume":400,"label":"X","price":20.375},{"type":"U","date":"2018-04-13T03:41:46.000Z","volume":400,"label":"X","price":20.375},{"type":"B","date":"2018-04-13T03:42:07.000Z","volume":400,"label":" ","price":20.35},{"type":"U","date":"2018-04-13T03:42:26.000Z","volume":400,"label":"X","price":20.375},{"type":"B","date":"2018-04-13T03:42:31.000Z","volume":1200,"label":" ","price":20.35},{"type":"B","date":"2018-04-13T03:42:47.000Z","volume":400,"label":" ","price":20.35},{"type":"U","date":"2018-04-13T03:43:04.000Z","volume":400,"label":"X","price":20.375},{"type":"B","date":"2018-04-13T03:43:27.000Z","volume":400,"label":" ","price":20.35},{"type":"B","date":"2018-04-13T03:43:27.000Z","volume":400,"label":" ","price":20.35},{"type":"U","date":"2018-04-13T03:43:38.000Z","volume":400,"label":"X","price":20.375},{"type":"U","date":"2018-04-13T03:43:46.000Z","volume":400,"label":"X","price":20.375},{"type":"U","date":"2018-04-13T03:44:25.000Z","volume":400,"label":"X","price":20.375},{"type":"B","date":"2018-04-13T03:44:46.000Z","volume":1200,"label":" ","price":20.35},{"type":"B","date":"2018-04-13T03:44:48.000Z","volume":400,"label":" ","price":20.35},{"type":"A","date":"2018-04-13T03:44:48.000Z","volume":2000,"label":" ","price":20.4},{"type":"B","date":"2018-04-13T03:44:50.000Z","volume":400,"label":" ","price":20.35},{"type":"U","date":"2018-04-13T03:45:04.000Z","volume":400,"label":"X","price":20.375},{"type":"B","date":"2018-04-13T03:45:28.000Z","volume":400,"label":" ","price":20.35},{"type":"U","date":"2018-04-13T03:45:44.000Z","volume":400,"label":"X","price":20.375},{"type":"B","date":"2018-04-13T03:45:58.000Z","volume":400,"label":" ","price":20.35},{"type":"B","date":"2018-04-13T03:46:38.000Z","volume":400,"label":" ","price":20.35},{"type":"B","date":"2018-04-13T03:46:38.000Z","volume":400,"label":" ","price":20.35},{"type":"U","date":"2018-04-13T03:46:41.000Z","volume":400,"label":"X","price":20.375},{"type":"B","date":"2018-04-13T03:47:00.000Z","volume":1200,"label":" ","price":20.35},{"type":"B","date":"2018-04-13T03:47:08.000Z","volume":400,"label":" ","price":20.35},{"type":"B","date":"2018-04-13T03:47:48.000Z","volume":400,"label":" ","price":20.35},{"type":"B","date":"2018-04-13T03:47:48.000Z","volume":400,"label":" ","price":20.35},{"type":"A","date":"2018-04-13T03:48:00.000Z","volume":2000,"label":" ","price":20.4},{"type":"B","date":"2018-04-13T03:48:18.000Z","volume":400,"label":" ","price":20.35},{"type":"B","date":"2018-04-13T03:48:18.000Z","volume":400,"label":" ","price":20.35},{"type":"A","date":"2018-04-13T03:48:28.000Z","volume":400,"label":" ","price":20.4},{"type":"A","date":"2018-04-13T03:48:29.000Z","volume":400,"label":" ","price":20.4},{"type":"B","date":"2018-04-13T03:48:49.000Z","volume":400,"label":" ","price":20.35},{"type":"U","date":"2018-04-13T03:49:03.000Z","volume":400,"label":"X","price":20.375},{"type":"A","date":"2018-04-13T03:49:07.000Z","volume":2000,"label":" ","price":20.4},{"type":"B","date":"2018-04-13T03:49:08.000Z","volume":400,"label":" ","price":20.35},{"type":"B","date":"2018-04-13T03:49:15.000Z","volume":1200,"label":" ","price":20.35},{"type":"B","date":"2018-04-13T03:49:16.000Z","volume":400,"label":" ","price":20.35},{"type":"B","date":"2018-04-13T03:49:19.000Z","volume":400,"label":" ","price":20.35},{"type":"A","date":"2018-04-13T03:49:20.000Z","volume":3200,"label":" ","price":20.4},{"type":"B","date":"2018-04-13T03:49:21.000Z","volume":800,"label":" ","price":20.35},{"type":"U","date":"2018-04-13T03:49:37.000Z","volume":400,"label":"X","price":20.375},{"type":"B","date":"2018-04-13T03:49:39.000Z","volume":400,"label":" ","price":20.35},{"type":"U","date":"2018-04-13T03:49:48.000Z","volume":400,"label":"X","price":20.375},{"type":"U","date":"2018-04-13T03:49:55.000Z","volume":400,"label":"X","price":20.375},{"type":"U","date":"2018-04-13T03:49:55.000Z","volume":400,"label":"X","price":20.375},{"type":"B","date":"2018-04-13T03:50:09.000Z","volume":400,"label":" ","price":20.35},{"type":"A","date":"2018-04-13T03:50:19.000Z","volume":400,"label":" ","price":20.4},{"type":"U","date":"2018-04-13T03:50:29.000Z","volume":400,"label":"X","price":20.375},{"type":"B","date":"2018-04-13T03:50:40.000Z","volume":400,"label":" ","price":20.35},{"type":"B","date":"2018-04-13T03:51:01.000Z","volume":400,"label":" ","price":20.35},{"type":"U","date":"2018-04-13T03:51:09.000Z","volume":400,"label":"X","price":20.375},{"type":"B","date":"2018-04-13T03:51:29.000Z","volume":1200,"label":" ","price":20.35},{"type":"A","date":"2018-04-13T03:51:31.000Z","volume":400,"label":" ","price":20.4},{"type":"B","date":"2018-04-13T03:51:32.000Z","volume":400,"label":" ","price":20.35},{"type":"B","date":"2018-04-13T03:51:32.000Z","volume":400,"label":" ","price":20.35},{"type":"U","date":"2018-04-13T03:51:48.000Z","volume":400,"label":"X","price":20.375},{"type":"B","date":"2018-04-13T03:51:52.000Z","volume":400,"label":" ","price":20.35},{"type":"B","date":"2018-04-13T03:52:12.000Z","volume":400,"label":" ","price":20.35},{"type":"U","date":"2018-04-13T03:52:29.000Z","volume":400,"label":"X","price":20.375},{"type":"B","date":"2018-04-13T03:52:42.000Z","volume":400,"label":" ","price":20.35},{"type":"B","date":"2018-04-13T03:52:42.000Z","volume":400,"label":" ","price":20.35},{"type":"B","date":"2018-04-13T03:53:02.000Z","volume":400,"label":" ","price":20.35},{"type":"U","date":"2018-04-13T03:53:09.000Z","volume":400,"label":"X","price":20.375},{"type":"B","date":"2018-04-13T03:53:22.000Z","volume":400,"label":" ","price":20.35},{"type":"B","date":"2018-04-13T03:53:47.000Z","volume":1200,"label":" ","price":20.35},{"type":"B","date":"2018-04-13T03:53:48.000Z","volume":400,"label":" ","price":20.35},{"type":"U","date":"2018-04-13T03:53:48.000Z","volume":400,"label":"X","price":20.375},{"type":"B","date":"2018-04-13T03:53:52.000Z","volume":400,"label":" ","price":20.35},{"type":"A","date":"2018-04-13T03:53:59.000Z","volume":2000,"label":" ","price":20.4},{"type":"B","date":"2018-04-13T03:54:00.000Z","volume":400,"label":" ","price":20.35},{"type":"B","date":"2018-04-13T03:54:12.000Z","volume":400,"label":" ","price":20.35},{"type":"U","date":"2018-04-13T03:54:29.000Z","volume":400,"label":"X","price":20.375},{"type":"B","date":"2018-04-13T03:54:32.000Z","volume":400,"label":" ","price":20.35},{"type":"B","date":"2018-04-13T03:54:52.000Z","volume":800,"label":" ","price":20.35},{"type":"B","date":"2018-04-13T03:55:02.000Z","volume":400,"label":" ","price":20.35},{"type":"B","date":"2018-04-13T03:55:03.000Z","volume":400,"label":" ","price":20.35},{"type":"B","date":"2018-04-13T03:55:03.000Z","volume":400,"label":" ","price":20.35},{"type":"U","date":"2018-04-13T03:55:09.000Z","volume":400,"label":"X","price":20.375},{"type":"A","date":"2018-04-13T03:55:21.000Z","volume":2000,"label":" ","price":20.4},{"type":"B","date":"2018-04-13T03:55:22.000Z","volume":400,"label":" ","price":20.35},{"type":"B","date":"2018-04-13T03:55:23.000Z","volume":400,"label":" ","price":20.35},{"type":"B","date":"2018-04-13T03:55:43.000Z","volume":400,"label":" ","price":20.35},{"type":"U","date":"2018-04-13T03:55:49.000Z","volume":400,"label":"X","price":20.375},{"type":"B","date":"2018-04-13T03:56:03.000Z","volume":400,"label":" ","price":20.35},{"type":"B","date":"2018-04-13T03:56:07.000Z","volume":1200,"label":" ","price":20.35},{"type":"B","date":"2018-04-13T03:56:08.000Z","volume":400,"label":" ","price":20.35},{"type":"B","date":"2018-04-13T03:56:23.000Z","volume":400,"label":" ","price":20.35},{"type":"U","date":"2018-04-13T03:56:29.000Z","volume":400,"label":"X","price":20.375},{"type":"B","date":"2018-04-13T03:56:43.000Z","volume":400,"label":" ","price":20.35},{"type":"B","date":"2018-04-13T03:56:58.000Z","volume":1200,"label":" ","price":20.35},{"type":"B","date":"2018-04-13T03:57:00.000Z","volume":400,"label":" ","price":20.35},{"type":"U","date":"2018-04-13T03:57:09.000Z","volume":400,"label":"X","price":20.375},{"type":"B","date":"2018-04-13T03:57:13.000Z","volume":400,"label":" ","price":20.35},{"type":"B","date":"2018-04-13T03:57:33.000Z","volume":400,"label":" ","price":20.35},{"type":"A","date":"2018-04-13T03:57:42.000Z","volume":2000,"label":" ","price":20.4},{"type":"B","date":"2018-04-13T03:57:43.000Z","volume":400,"label":" ","price":20.35},{"type":"B","date":"2018-04-13T03:57:46.000Z","volume":800,"label":" ","price":20.35},{"type":"U","date":"2018-04-13T03:57:49.000Z","volume":400,"label":"X","price":20.375},{"type":"B","date":"2018-04-13T03:57:53.000Z","volume":400,"label":" ","price":20.35},{"type":"B","date":"2018-04-13T03:58:14.000Z","volume":400,"label":" ","price":20.35},{"type":"B","date":"2018-04-13T03:58:14.000Z","volume":400,"label":" ","price":20.35},{"type":"U","date":"2018-04-13T03:58:28.000Z","volume":400,"label":"X","price":20.375},{"type":"B","date":"2018-04-13T03:58:44.000Z","volume":400,"label":" ","price":20.35},{"type":"B","date":"2018-04-13T03:59:04.000Z","volume":400,"label":" ","price":20.35},{"type":"U","date":"2018-04-13T03:59:09.000Z","volume":400,"label":"X","price":20.375},{"type":"A","date":"2018-04-13T03:59:13.000Z","volume":400,"label":"Y","price":20.4},{"type":"A","date":"2018-04-13T03:59:15.000Z","volume":10000,"label":" ","price":20.4},{"type":"A","date":"2018-04-13T03:59:15.000Z","volume":3600,"label":" ","price":20.4},{"type":"B","date":"2018-04-13T03:59:34.000Z","volume":400,"label":" ","price":20.35},{"type":"U","date":"2018-04-13T03:59:48.000Z","volume":400,"label":"X","price":20.375},{"type":"A","date":"2018-04-13T05:00:00.000Z","volume":22800,"label":" ","price":20.4},{"type":"A","date":"2018-04-13T05:00:00.000Z","volume":4000,"label":" ","price":20.4},{"type":"A","date":"2018-04-13T05:00:01.000Z","volume":3200,"label":" ","price":20.45},{"type":"B","date":"2018-04-13T05:00:02.000Z","volume":800,"label":" ","price":20.4},{"type":"A","date":"2018-04-13T05:00:02.000Z","volume":400,"label":" ","price":20.45},{"type":"A","date":"2018-04-13T05:00:39.000Z","volume":5200,"label":" ","price":20.45},{"type":"U","date":"2018-04-13T05:02:24.000Z","volume":400,"label":"X","price":20.425},{"type":"U","date":"2018-04-13T05:03:04.000Z","volume":400,"label":"X","price":20.425},{"type":"U","date":"2018-04-13T05:03:24.000Z","volume":400,"label":"X","price":20.425},{"type":"U","date":"2018-04-13T05:04:04.000Z","volume":400,"label":"X","price":20.425},{"type":"A","date":"2018-04-13T05:04:28.000Z","volume":10000,"label":" ","price":20.45},{"type":"A","date":"2018-04-13T05:04:28.000Z","volume":1200,"label":" ","price":20.45},{"type":"U","date":"2018-04-13T05:04:30.000Z","volume":800,"label":" ","price":20.45},{"type":"B","date":"2018-04-13T05:04:34.000Z","volume":400,"label":"Y","price":20.45},{"type":"B","date":"2018-04-13T05:04:34.000Z","volume":400,"label":" ","price":20.45},{"type":"B","date":"2018-04-13T05:05:17.000Z","volume":5200,"label":" ","price":20.45},{"type":"U","date":"2018-04-13T05:05:46.000Z","volume":400,"label":"X","price":20.425},{"type":"A","date":"2018-04-13T05:06:06.000Z","volume":5200,"label":" ","price":20.45},{"type":"U","date":"2018-04-13T05:06:15.000Z","volume":400,"label":"X","price":20.425},{"type":"U","date":"2018-04-13T05:07:16.000Z","volume":400,"label":"X","price":20.425},{"type":"U","date":"2018-04-13T05:07:36.000Z","volume":400,"label":"X","price":20.425},{"type":"B","date":"2018-04-13T05:07:44.000Z","volume":1600,"label":" ","price":20.4},{"type":"U","date":"2018-04-13T05:08:22.000Z","volume":400,"label":"X","price":20.425},{"type":"A","date":"2018-04-13T05:08:24.000Z","volume":400,"label":" ","price":20.45},{"type":"U","date":"2018-04-13T05:08:35.000Z","volume":400,"label":"X","price":20.425},{"type":"U","date":"2018-04-13T05:09:14.000Z","volume":400,"label":"X","price":20.425},{"type":"U","date":"2018-04-13T05:10:00.000Z","volume":400,"label":"X","price":20.425},{"type":"B","date":"2018-04-13T05:10:42.000Z","volume":1600,"label":" ","price":20.4},{"type":"U","date":"2018-04-13T05:10:43.000Z","volume":400,"label":"X","price":20.425},{"type":"B","date":"2018-04-13T05:10:43.000Z","volume":400,"label":" ","price":20.4},{"type":"U","date":"2018-04-13T05:10:54.000Z","volume":400,"label":"X","price":20.425},{"type":"A","date":"2018-04-13T05:11:00.000Z","volume":1200,"label":" ","price":20.45},{"type":"U","date":"2018-04-13T05:11:36.000Z","volume":400,"label":"X","price":20.425},{"type":"A","date":"2018-04-13T05:11:50.000Z","volume":2000,"label":" ","price":20.45},{"type":"U","date":"2018-04-13T05:12:16.000Z","volume":400,"label":"X","price":20.425},{"type":"B","date":"2018-04-13T05:12:49.000Z","volume":1600,"label":" ","price":20.4},{"type":"B","date":"2018-04-13T05:12:49.000Z","volume":1200,"label":" ","price":20.4},{"type":"B","date":"2018-04-13T05:12:49.000Z","volume":400,"label":" ","price":20.4},{"type":"B","date":"2018-04-13T05:12:49.000Z","volume":1600,"label":" ","price":20.4},{"type":"B","date":"2018-04-13T05:12:49.000Z","volume":400,"label":" ","price":20.4},{"type":"B","date":"2018-04-13T05:12:49.000Z","volume":400,"label":" ","price":20.4},{"type":"B","date":"2018-04-13T05:12:49.000Z","volume":1600,"label":" ","price":20.4},{"type":"B","date":"2018-04-13T05:12:50.000Z","volume":1200,"label":" ","price":20.4},{"type":"A","date":"2018-04-13T05:12:53.000Z","volume":30000,"label":" ","price":20.45},{"type":"A","date":"2018-04-13T05:12:53.000Z","volume":3600,"label":" ","price":20.45},{"type":"A","date":"2018-04-13T05:12:53.000Z","volume":41600,"label":" ","price":20.45},{"type":"U","date":"2018-04-13T05:12:54.000Z","volume":1200,"label":" ","price":20.45},{"type":"B","date":"2018-04-13T05:13:08.000Z","volume":400,"label":" ","price":20.45},{"type":"U","date":"2018-04-13T05:13:43.000Z","volume":400,"label":"X","price":20.475},{"type":"U","date":"2018-04-13T05:14:46.000Z","volume":400,"label":"X","price":20.475},{"type":"U","date":"2018-04-13T05:15:34.000Z","volume":400,"label":"X","price":20.475},{"type":"A","date":"2018-04-13T05:15:49.000Z","volume":2000,"label":" ","price":20.5},{"type":"B","date":"2018-04-13T05:16:14.000Z","volume":1600,"label":" ","price":20.45},{"type":"B","date":"2018-04-13T05:16:15.000Z","volume":400,"label":" ","price":20.45},{"type":"A","date":"2018-04-13T05:16:23.000Z","volume":1600,"label":" ","price":20.5},{"type":"U","date":"2018-04-13T05:16:24.000Z","volume":400,"label":"X","price":20.475},{"type":"U","date":"2018-04-13T05:17:04.000Z","volume":400,"label":"X","price":20.475},{"type":"A","date":"2018-04-13T05:17:25.000Z","volume":4800,"label":"Y","price":20.5},{"type":"A","date":"2018-04-13T05:17:25.000Z","volume":13200,"label":" ","price":20.5},{"type":"A","date":"2018-04-13T05:17:25.000Z","volume":15200,"label":" ","price":20.5},{"type":"A","date":"2018-04-13T05:17:55.000Z","volume":4800,"label":" ","price":20.5},{"type":"A","date":"2018-04-13T05:18:02.000Z","volume":1200,"label":" ","price":20.5},{"type":"A","date":"2018-04-13T05:18:13.000Z","volume":4000,"label":" ","price":20.5},{"type":"B","date":"2018-04-13T05:18:13.000Z","volume":400,"label":" ","price":20.5},{"type":"U","date":"2018-04-13T05:19:17.000Z","volume":400,"label":"X","price":20.525},{"type":"A","date":"2018-04-13T05:19:28.000Z","volume":400,"label":" ","price":20.55},{"type":"A","date":"2018-04-13T05:19:49.000Z","volume":400,"label":" ","price":20.55},{"type":"U","date":"2018-04-13T05:20:18.000Z","volume":400,"label":"X","price":20.525},{"type":"A","date":"2018-04-13T05:20:31.000Z","volume":20000,"label":" ","price":20.55},{"type":"A","date":"2018-04-13T05:20:38.000Z","volume":400,"label":" ","price":20.55},{"type":"U","date":"2018-04-13T05:20:55.000Z","volume":400,"label":"X","price":20.525},{"type":"A","date":"2018-04-13T05:20:57.000Z","volume":10000,"label":" ","price":20.55},{"type":"U","date":"2018-04-13T05:21:44.000Z","volume":400,"label":"X","price":20.525},{"type":"B","date":"2018-04-13T05:21:47.000Z","volume":1600,"label":" ","price":20.5},{"type":"B","date":"2018-04-13T05:21:58.000Z","volume":1200,"label":" ","price":20.5},{"type":"U","date":"2018-04-13T05:22:24.000Z","volume":400,"label":"X","price":20.525},{"type":"B","date":"2018-04-13T05:22:24.000Z","volume":50000,"label":" ","price":20.5},{"type":"B","date":"2018-04-13T05:22:24.000Z","volume":8400,"label":" ","price":20.5},{"type":"U","date":"2018-04-13T05:23:17.000Z","volume":400,"label":"X","price":20.475},{"type":"B","date":"2018-04-13T05:24:30.000Z","volume":1600,"label":" ","price":20.45},{"type":"B","date":"2018-04-13T05:24:54.000Z","volume":24800,"label":" ","price":20.45},{"type":"B","date":"2018-04-13T05:24:54.000Z","volume":2400,"label":"Y","price":20.45},{"type":"B","date":"2018-04-13T05:24:54.000Z","volume":4800,"label":" ","price":20.45},{"type":"B","date":"2018-04-13T05:25:03.000Z","volume":2800,"label":" ","price":20.4},{"type":"B","date":"2018-04-13T05:25:04.000Z","volume":2000,"label":" ","price":20.4},{"type":"B","date":"2018-04-13T05:25:04.000Z","volume":2000,"label":" ","price":20.4},{"type":"B","date":"2018-04-13T05:25:04.000Z","volume":1600,"label":" ","price":20.4},{"type":"B","date":"2018-04-13T05:25:04.000Z","volume":400,"label":" ","price":20.4},{"type":"A","date":"2018-04-13T05:25:11.000Z","volume":800,"label":"Y","price":20.45},{"type":"A","date":"2018-04-13T05:25:11.000Z","volume":9200,"label":" ","price":20.45},{"type":"B","date":"2018-04-13T05:25:13.000Z","volume":1200,"label":" ","price":20.4},{"type":"A","date":"2018-04-13T05:25:54.000Z","volume":6000,"label":" ","price":20.45},{"type":"B","date":"2018-04-13T05:25:55.000Z","volume":1200,"label":" ","price":20.4},{"type":"U","date":"2018-04-13T05:26:10.000Z","volume":400,"label":"X","price":20.425},{"type":"U","date":"2018-04-13T05:26:20.000Z","volume":400,"label":"X","price":20.425},{"type":"U","date":"2018-04-13T05:27:02.000Z","volume":400,"label":"X","price":20.425},{"type":"B","date":"2018-04-13T05:27:07.000Z","volume":1600,"label":" ","price":20.4},{"type":"B","date":"2018-04-13T05:27:17.000Z","volume":400,"label":" ","price":20.4},{"type":"B","date":"2018-04-13T05:27:19.000Z","volume":14400,"label":" ","price":20.4},{"type":"B","date":"2018-04-13T05:27:19.000Z","volume":1200,"label":" ","price":20.4},{"type":"B","date":"2018-04-13T05:27:19.000Z","volume":3200,"label":" ","price":20.35},{"type":"A","date":"2018-04-13T05:27:19.000Z","volume":400,"label":" ","price":20.4},{"type":"U","date":"2018-04-13T05:27:33.000Z","volume":400,"label":"X","price":20.375},{"type":"A","date":"2018-04-13T05:27:44.000Z","volume":400,"label":" ","price":20.4},{"type":"A","date":"2018-04-13T05:27:48.000Z","volume":400,"label":" ","price":20.4},{"type":"A","date":"2018-04-13T05:28:23.000Z","volume":2000,"label":" ","price":20.4},{"type":"A","date":"2018-04-13T05:29:00.000Z","volume":2800,"label":" ","price":20.4},{"type":"B","date":"2018-04-13T05:29:38.000Z","volume":1600,"label":" ","price":20.35},{"type":"B","date":"2018-04-13T05:29:39.000Z","volume":1600,"label":" ","price":20.35},{"type":"U","date":"2018-04-13T05:30:00.000Z","volume":400,"label":"X","price":20.375},{"type":"U","date":"2018-04-13T05:30:06.000Z","volume":400,"label":"X","price":20.375},{"type":"U","date":"2018-04-13T05:30:21.000Z","volume":400,"label":"X","price":20.375},{"type":"U","date":"2018-04-13T05:30:22.000Z","volume":400,"label":"X","price":20.375},{"type":"U","date":"2018-04-13T05:31:01.000Z","volume":400,"label":"X","price":20.375},{"type":"U","date":"2018-04-13T05:31:14.000Z","volume":400,"label":"X","price":20.375},{"type":"B","date":"2018-04-13T05:31:46.000Z","volume":2800,"label":" ","price":20.35},{"type":"B","date":"2018-04-13T05:31:46.000Z","volume":1200,"label":" ","price":20.35},{"type":"B","date":"2018-04-13T05:31:46.000Z","volume":800,"label":" ","price":20.35},{"type":"B","date":"2018-04-13T05:31:46.000Z","volume":800,"label":" ","price":20.35},{"type":"B","date":"2018-04-13T05:31:46.000Z","volume":1200,"label":" ","price":20.35},{"type":"A","date":"2018-04-13T05:31:48.000Z","volume":400,"label":" ","price":20.4},{"type":"B","date":"2018-04-13T05:31:53.000Z","volume":400,"label":" ","price":20.35},{"type":"A","date":"2018-04-13T05:32:12.000Z","volume":800,"label":" ","price":20.4},{"type":"B","date":"2018-04-13T05:32:13.000Z","volume":1200,"label":" ","price":20.35},{"type":"B","date":"2018-04-13T05:32:26.000Z","volume":1600,"label":" ","price":20.35},{"type":"U","date":"2018-04-13T05:32:39.000Z","volume":400,"label":"X","price":20.375},{"type":"U","date":"2018-04-13T05:33:10.000Z","volume":400,"label":"X","price":20.375},{"type":"U","date":"2018-04-13T05:33:51.000Z","volume":400,"label":"X","price":20.375},{"type":"U","date":"2018-04-13T05:34:13.000Z","volume":400,"label":"X","price":20.375},{"type":"U","date":"2018-04-13T05:34:32.000Z","volume":400,"label":"X","price":20.375},{"type":"U","date":"2018-04-13T05:35:12.000Z","volume":400,"label":"X","price":20.375},{"type":"B","date":"2018-04-13T05:35:20.000Z","volume":1600,"label":" ","price":20.35},{"type":"U","date":"2018-04-13T05:35:52.000Z","volume":400,"label":"X","price":20.375},{"type":"U","date":"2018-04-13T05:36:31.000Z","volume":400,"label":"X","price":20.375},{"type":"U","date":"2018-04-13T05:37:10.000Z","volume":400,"label":"X","price":20.375},{"type":"B","date":"2018-04-13T05:37:26.000Z","volume":2800,"label":" ","price":20.35},{"type":"B","date":"2018-04-13T05:37:26.000Z","volume":1200,"label":" ","price":20.35},{"type":"B","date":"2018-04-13T05:37:26.000Z","volume":1200,"label":" ","price":20.35},{"type":"B","date":"2018-04-13T05:37:26.000Z","volume":800,"label":" ","price":20.35},{"type":"B","date":"2018-04-13T05:37:27.000Z","volume":1200,"label":" ","price":20.35},{"type":"B","date":"2018-04-13T05:37:27.000Z","volume":800,"label":" ","price":20.35},{"type":"U","date":"2018-04-13T05:37:49.000Z","volume":400,"label":"X","price":20.375},{"type":"B","date":"2018-04-13T05:38:07.000Z","volume":1600,"label":" ","price":20.35},{"type":"U","date":"2018-04-13T05:38:29.000Z","volume":400,"label":"X","price":20.375},{"type":"U","date":"2018-04-13T05:39:09.000Z","volume":400,"label":"X","price":20.375},{"type":"U","date":"2018-04-13T05:39:49.000Z","volume":400,"label":"X","price":20.375},{"type":"U","date":"2018-04-13T05:40:29.000Z","volume":400,"label":"X","price":20.375},{"type":"B","date":"2018-04-13T05:40:55.000Z","volume":1600,"label":" ","price":20.35},{"type":"B","date":"2018-04-13T05:40:56.000Z","volume":800,"label":" ","price":20.35},{"type":"B","date":"2018-04-13T05:40:56.000Z","volume":400,"label":" ","price":20.35},{"type":"B","date":"2018-04-13T05:41:05.000Z","volume":10000,"label":" ","price":20.35},{"type":"B","date":"2018-04-13T05:41:05.000Z","volume":2400,"label":" ","price":20.35},{"type":"U","date":"2018-04-13T05:41:08.000Z","volume":400,"label":"X","price":20.375},{"type":"B","date":"2018-04-13T05:41:29.000Z","volume":50000,"label":" ","price":20.35},{"type":"B","date":"2018-04-13T05:41:29.000Z","volume":3600,"label":" ","price":20.35},{"type":"A","date":"2018-04-13T05:41:49.000Z","volume":400,"label":" ","price":20.35},{"type":"U","date":"2018-04-13T05:42:10.000Z","volume":400,"label":"X","price":20.325},{"type":"A","date":"2018-04-13T05:42:23.000Z","volume":400,"label":" ","price":20.35},{"type":"U","date":"2018-04-13T05:42:42.000Z","volume":400,"label":"X","price":20.325},{"type":"B","date":"2018-04-13T05:42:49.000Z","volume":1200,"label":" ","price":20.3},{"type":"B","date":"2018-04-13T05:42:49.000Z","volume":1600,"label":" ","price":20.3},{"type":"B","date":"2018-04-13T05:42:49.000Z","volume":800,"label":" ","price":20.3},{"type":"B","date":"2018-04-13T05:42:49.000Z","volume":1200,"label":" ","price":20.3},{"type":"B","date":"2018-04-13T05:42:49.000Z","volume":800,"label":" ","price":20.3},{"type":"B","date":"2018-04-13T05:42:49.000Z","volume":1200,"label":" ","price":20.3},{"type":"B","date":"2018-04-13T05:42:58.000Z","volume":400,"label":" ","price":20.3},{"type":"U","date":"2018-04-13T05:43:20.000Z","volume":400,"label":"X","price":20.325},{"type":"B","date":"2018-04-13T05:43:43.000Z","volume":1600,"label":" ","price":20.3},{"type":"U","date":"2018-04-13T05:44:03.000Z","volume":400,"label":"X","price":20.325},{"type":"U","date":"2018-04-13T05:44:41.000Z","volume":400,"label":"X","price":20.325},{"type":"U","date":"2018-04-13T05:45:21.000Z","volume":400,"label":"X","price":20.325},{"type":"U","date":"2018-04-13T05:45:41.000Z","volume":400,"label":"X","price":20.325},{"type":"B","date":"2018-04-13T05:45:47.000Z","volume":400,"label":" ","price":20.3},{"type":"B","date":"2018-04-13T05:46:11.000Z","volume":1600,"label":" ","price":20.3},{"type":"A","date":"2018-04-13T05:46:16.000Z","volume":800,"label":" ","price":20.35},{"type":"U","date":"2018-04-13T05:46:21.000Z","volume":400,"label":"X","price":20.325},{"type":"A","date":"2018-04-13T05:46:57.000Z","volume":400,"label":"Y","price":20.35},{"type":"U","date":"2018-04-13T05:47:01.000Z","volume":400,"label":"X","price":20.325},{"type":"U","date":"2018-04-13T05:47:40.000Z","volume":400,"label":"X","price":20.325},{"type":"A","date":"2018-04-13T05:47:41.000Z","volume":20000,"label":" ","price":20.35},{"type":"B","date":"2018-04-13T05:47:50.000Z","volume":2800,"label":" ","price":20.3},{"type":"B","date":"2018-04-13T05:47:50.000Z","volume":800,"label":" ","price":20.3},{"type":"B","date":"2018-04-13T05:47:50.000Z","volume":1200,"label":" ","price":20.3},{"type":"B","date":"2018-04-13T05:47:50.000Z","volume":1200,"label":" ","price":20.3},{"type":"B","date":"2018-04-13T05:47:50.000Z","volume":800,"label":" ","price":20.3},{"type":"A","date":"2018-04-13T05:48:08.000Z","volume":4800,"label":" ","price":20.35},{"type":"U","date":"2018-04-13T05:48:21.000Z","volume":400,"label":"X","price":20.325},{"type":"A","date":"2018-04-13T05:48:24.000Z","volume":2000,"label":" ","price":20.35},{"type":"A","date":"2018-04-13T05:48:53.000Z","volume":800,"label":" ","price":20.35},{"type":"A","date":"2018-04-13T05:48:53.000Z","volume":400,"label":" ","price":20.35},{"type":"A","date":"2018-04-13T05:49:01.000Z","volume":1200,"label":"Y","price":20.35},{"type":"U","date":"2018-04-13T05:49:01.000Z","volume":400,"label":"X","price":20.325},{"type":"B","date":"2018-04-13T05:49:04.000Z","volume":1600,"label":" ","price":20.3},{"type":"U","date":"2018-04-13T05:49:41.000Z","volume":400,"label":"X","price":20.325},{"type":"B","date":"2018-04-13T05:49:47.000Z","volume":400,"label":" ","price":20.3},{"type":"A","date":"2018-04-13T05:50:15.000Z","volume":400,"label":" ","price":20.35},{"type":"U","date":"2018-04-13T05:50:21.000Z","volume":400,"label":"X","price":20.325},{"type":"U","date":"2018-04-13T05:51:01.000Z","volume":400,"label":"X","price":20.325},{"type":"A","date":"2018-04-13T05:51:06.000Z","volume":400,"label":"Y","price":20.35},{"type":"B","date":"2018-04-13T05:51:37.000Z","volume":1600,"label":" ","price":20.3},{"type":"U","date":"2018-04-13T05:51:41.000Z","volume":400,"label":"X","price":20.325},{"type":"A","date":"2018-04-13T05:51:51.000Z","volume":10000,"label":" ","price":20.35},{"type":"A","date":"2018-04-13T05:51:54.000Z","volume":8000,"label":" ","price":20.35},{"type":"U","date":"2018-04-13T05:52:21.000Z","volume":400,"label":"X","price":20.325},{"type":"B","date":"2018-04-13T05:53:00.000Z","volume":2800,"label":" ","price":20.3},{"type":"B","date":"2018-04-13T05:53:00.000Z","volume":800,"label":" ","price":20.3},{"type":"B","date":"2018-04-13T05:53:00.000Z","volume":1200,"label":" ","price":20.3},{"type":"B","date":"2018-04-13T05:53:01.000Z","volume":1200,"label":" ","price":20.3},{"type":"B","date":"2018-04-13T05:53:01.000Z","volume":800,"label":" ","price":20.3},{"type":"U","date":"2018-04-13T05:53:01.000Z","volume":400,"label":"X","price":20.325},{"type":"B","date":"2018-04-13T05:53:14.000Z","volume":400,"label":" ","price":20.3},{"type":"A","date":"2018-04-13T05:53:16.000Z","volume":2000,"label":" ","price":20.35},{"type":"U","date":"2018-04-13T05:53:41.000Z","volume":400,"label":"X","price":20.325},{"type":"U","date":"2018-04-13T05:54:18.000Z","volume":400,"label":"X","price":20.325},{"type":"U","date":"2018-04-13T05:54:21.000Z","volume":400,"label":"X","price":20.325},{"type":"B","date":"2018-04-13T05:54:23.000Z","volume":1600,"label":" ","price":20.3},{"type":"A","date":"2018-04-13T05:54:27.000Z","volume":800,"label":" ","price":20.35},{"type":"A","date":"2018-04-13T05:54:27.000Z","volume":400,"label":" ","price":20.35},{"type":"U","date":"2018-04-13T05:55:01.000Z","volume":400,"label":"X","price":20.325},{"type":"A","date":"2018-04-13T05:55:02.000Z","volume":400,"label":" ","price":20.35},{"type":"A","date":"2018-04-13T05:55:05.000Z","volume":2000,"label":" ","price":20.35},{"type":"A","date":"2018-04-13T05:55:23.000Z","volume":400,"label":" ","price":20.35},{"type":"U","date":"2018-04-13T05:55:41.000Z","volume":400,"label":"X","price":20.325},{"type":"A","date":"2018-04-13T05:56:20.000Z","volume":2000,"label":" ","price":20.35},{"type":"U","date":"2018-04-13T05:56:20.000Z","volume":400,"label":"X","price":20.325},{"type":"A","date":"2018-04-13T05:56:20.000Z","volume":400,"label":" ","price":20.35},{"type":"U","date":"2018-04-13T05:56:24.000Z","volume":0,"label":"*","price":20.35},{"type":"U","date":"2018-04-13T05:57:01.000Z","volume":400,"label":"X","price":20.325},{"type":"A","date":"2018-04-13T05:57:07.000Z","volume":2000,"label":" ","price":20.35},{"type":"B","date":"2018-04-13T05:57:12.000Z","volume":1600,"label":" ","price":20.3},{"type":"A","date":"2018-04-13T05:57:24.000Z","volume":4000,"label":" ","price":20.35},{"type":"A","date":"2018-04-13T05:57:37.000Z","volume":3200,"label":" ","price":20.35},{"type":"U","date":"2018-04-13T05:57:40.000Z","volume":400,"label":"X","price":20.325},{"type":"U","date":"2018-04-13T05:58:21.000Z","volume":400,"label":"X","price":20.325},{"type":"B","date":"2018-04-13T05:58:33.000Z","volume":2800,"label":" ","price":20.3},{"type":"B","date":"2018-04-13T05:58:33.000Z","volume":1200,"label":" ","price":20.3},{"type":"B","date":"2018-04-13T05:58:33.000Z","volume":800,"label":" ","price":20.3},{"type":"B","date":"2018-04-13T05:58:33.000Z","volume":1200,"label":" ","price":20.3},{"type":"B","date":"2018-04-13T05:58:33.000Z","volume":800,"label":" ","price":20.3},{"type":"A","date":"2018-04-13T05:58:52.000Z","volume":6000,"label":" ","price":20.35},{"type":"B","date":"2018-04-13T05:58:52.000Z","volume":800,"label":" ","price":20.3},{"type":"U","date":"2018-04-13T05:59:01.000Z","volume":400,"label":"X","price":20.325},{"type":"U","date":"2018-04-13T05:59:15.000Z","volume":82,"label":"D","price":20.35},{"type":"A","date":"2018-04-13T05:59:18.000Z","volume":400,"label":" ","price":20.35},{"type":"U","date":"2018-04-13T05:59:41.000Z","volume":400,"label":"X","price":20.325},{"type":"A","date":"2018-04-13T05:59:56.000Z","volume":400,"label":" ","price":20.35},{"type":"B","date":"2018-04-13T05:59:57.000Z","volume":1600,"label":" ","price":20.3},{"type":"A","date":"2018-04-13T06:00:00.000Z","volume":400,"label":" ","price":20.35},{"type":"A","date":"2018-04-13T06:00:00.000Z","volume":800,"label":" ","price":20.35},{"type":"U","date":"2018-04-13T06:00:21.000Z","volume":400,"label":"X","price":20.325},{"type":"B","date":"2018-04-13T06:00:32.000Z","volume":400,"label":" ","price":20.3},{"type":"A","date":"2018-04-13T06:01:00.000Z","volume":400,"label":" ","price":20.35},{"type":"U","date":"2018-04-13T06:01:01.000Z","volume":400,"label":"X","price":20.325},{"type":"A","date":"2018-04-13T06:01:26.000Z","volume":400,"label":" ","price":20.35},{"type":"U","date":"2018-04-13T06:01:41.000Z","volume":400,"label":"X","price":20.325},{"type":"A","date":"2018-04-13T06:01:54.000Z","volume":400,"label":"Y","price":20.35},{"type":"A","date":"2018-04-13T06:02:20.000Z","volume":400,"label":" ","price":20.35},{"type":"U","date":"2018-04-13T06:02:21.000Z","volume":400,"label":"X","price":20.325},{"type":"B","date":"2018-04-13T06:02:34.000Z","volume":1600,"label":" ","price":20.3},{"type":"U","date":"2018-04-13T06:03:01.000Z","volume":400,"label":"X","price":20.325},{"type":"A","date":"2018-04-13T06:03:12.000Z","volume":400,"label":" ","price":20.35},{"type":"A","date":"2018-04-13T06:03:40.000Z","volume":400,"label":" ","price":20.35},{"type":"U","date":"2018-04-13T06:03:41.000Z","volume":400,"label":"X","price":20.325},{"type":"B","date":"2018-04-13T06:03:47.000Z","volume":400,"label":" ","price":20.3},{"type":"A","date":"2018-04-13T06:04:00.000Z","volume":400,"label":" ","price":20.35},{"type":"A","date":"2018-04-13T06:04:00.000Z","volume":400,"label":" ","price":20.35},{"type":"A","date":"2018-04-13T06:04:11.000Z","volume":4000,"label":" ","price":20.35},{"type":"A","date":"2018-04-13T06:04:14.000Z","volume":400,"label":" ","price":20.35},{"type":"A","date":"2018-04-13T06:04:20.000Z","volume":400,"label":" ","price":20.35},{"type":"U","date":"2018-04-13T06:04:21.000Z","volume":400,"label":"X","price":20.325},{"type":"A","date":"2018-04-13T06:04:58.000Z","volume":400,"label":" ","price":20.35},{"type":"U","date":"2018-04-13T06:05:01.000Z","volume":400,"label":"X","price":20.325},{"type":"A","date":"2018-04-13T06:05:11.000Z","volume":400,"label":" ","price":20.35},{"type":"A","date":"2018-04-13T06:05:20.000Z","volume":400,"label":" ","price":20.35},{"type":"A","date":"2018-04-13T06:05:28.000Z","volume":6000,"label":" ","price":20.35},{"type":"A","date":"2018-04-13T06:05:29.000Z","volume":400,"label":" ","price":20.35},{"type":"A","date":"2018-04-13T06:05:29.000Z","volume":400,"label":" ","price":20.35},{"type":"B","date":"2018-04-13T06:05:34.000Z","volume":1600,"label":" ","price":20.3},{"type":"U","date":"2018-04-13T06:05:41.000Z","volume":400,"label":"X","price":20.325},{"type":"A","date":"2018-04-13T06:06:20.000Z","volume":400,"label":" ","price":20.35},{"type":"A","date":"2018-04-13T06:06:21.000Z","volume":800,"label":" ","price":20.35},{"type":"U","date":"2018-04-13T06:06:21.000Z","volume":400,"label":"X","price":20.325},{"type":"A","date":"2018-04-13T06:06:24.000Z","volume":2400,"label":" ","price":20.35},{"type":"B","date":"2018-04-13T06:06:47.000Z","volume":400,"label":" ","price":20.3},{"type":"A","date":"2018-04-13T06:06:48.000Z","volume":2400,"label":" ","price":20.35},{"type":"U","date":"2018-04-13T06:07:01.000Z","volume":400,"label":"X","price":20.325},{"type":"A","date":"2018-04-13T06:07:20.000Z","volume":400,"label":" ","price":20.35},{"type":"U","date":"2018-04-13T06:07:21.000Z","volume":400,"label":"X","price":20.325},{"type":"B","date":"2018-04-13T06:07:35.000Z","volume":2800,"label":" ","price":20.3},{"type":"B","date":"2018-04-13T06:07:35.000Z","volume":1600,"label":" ","price":20.3},{"type":"B","date":"2018-04-13T06:07:35.000Z","volume":400,"label":" ","price":20.3},{"type":"B","date":"2018-04-13T06:07:35.000Z","volume":400,"label":" ","price":20.3},{"type":"B","date":"2018-04-13T06:07:35.000Z","volume":1600,"label":" ","price":20.3},{"type":"A","date":"2018-04-13T06:07:40.000Z","volume":1600,"label":" ","price":20.35},{"type":"A","date":"2018-04-13T06:07:48.000Z","volume":400,"label":" ","price":20.35},{"type":"A","date":"2018-04-13T06:08:00.000Z","volume":400,"label":" ","price":20.35},{"type":"U","date":"2018-04-13T06:08:01.000Z","volume":400,"label":"X","price":20.325},{"type":"A","date":"2018-04-13T06:08:07.000Z","volume":400,"label":" ","price":20.35},{"type":"B","date":"2018-04-13T06:08:08.000Z","volume":1600,"label":" ","price":20.3},{"type":"A","date":"2018-04-13T06:08:20.000Z","volume":400,"label":" ","price":20.35},{"type":"U","date":"2018-04-13T06:08:41.000Z","volume":400,"label":"X","price":20.325},{"type":"A","date":"2018-04-13T06:09:19.000Z","volume":400,"label":" ","price":20.35},{"type":"A","date":"2018-04-13T06:09:20.000Z","volume":400,"label":" ","price":20.35},{"type":"U","date":"2018-04-13T06:09:21.000Z","volume":400,"label":"X","price":20.325},{"type":"A","date":"2018-04-13T06:09:24.000Z","volume":400,"label":"Y","price":20.35},{"type":"U","date":"2018-04-13T06:09:28.000Z","volume":400,"label":"X","price":20.325},{"type":"U","date":"2018-04-13T06:10:01.000Z","volume":400,"label":"X","price":20.325},{"type":"B","date":"2018-04-13T06:10:17.000Z","volume":400,"label":" ","price":20.3},{"type":"A","date":"2018-04-13T06:10:19.000Z","volume":1200,"label":" ","price":20.35},{"type":"A","date":"2018-04-13T06:10:36.000Z","volume":400,"label":" ","price":20.35},{"type":"A","date":"2018-04-13T06:10:40.000Z","volume":400,"label":" ","price":20.35},{"type":"U","date":"2018-04-13T06:10:41.000Z","volume":400,"label":"X","price":20.325},{"type":"A","date":"2018-04-13T06:10:57.000Z","volume":800,"label":" ","price":20.35}