[{"type":"U","date":"2018-03-23T01:20:00.000Z","volume":3000,"label":"U","price":1.5},{"type":"U","date":"2018-03-23T01:30:02.000Z","volume":4000,"label":" ","price":1.53},{"type":"B","date":"2018-03-23T01:30:06.000Z","volume":28000,"label":" ","price":1.53},{"type":"A","date":"2018-03-23T01:30:11.000Z","volume":26000,"label":" ","price":1.53},{"type":"B","date":"2018-03-23T01:30:12.000Z","volume":4000,"label":" ","price":1.53},{"type":"B","date":"2018-03-23T01:30:45.000Z","volume":18000,"label":" ","price":1.53},{"type":"B","date":"2018-03-23T01:32:53.000Z","volume":380000,"label":" ","price":1.5},{"type":"A","date":"2018-03-23T01:34:35.000Z","volume":42000,"label":" ","price":1.52},{"type":"A","date":"2018-03-23T01:43:26.000Z","volume":30000,"label":" ","price":1.52},{"type":"A","date":"2018-03-23T01:53:34.000Z","volume":50000,"label":" ","price":1.51},{"type":"B","date":"2018-03-23T02:01:54.000Z","volume":5000,"label":" ","price":1.5},{"type":"A","date":"2018-03-23T02:03:32.000Z","volume":25000,"label":" ","price":1.51},{"type":"B","date":"2018-03-23T02:07:20.000Z","volume":31000,"label":" ","price":1.5},{"type":"A","date":"2018-03-23T02:07:55.000Z","volume":20000,"label":" ","price":1.51},{"type":"A","date":"2018-03-23T02:17:26.000Z","volume":46000,"label":" ","price":1.51},{"type":"A","date":"2018-03-23T02:26:46.000Z","volume":30000,"label":" ","price":1.51},{"type":"A","date":"2018-03-23T02:28:03.000Z","volume":50000,"label":" ","price":1.52},{"type":"B","date":"2018-03-23T02:36:27.000Z","volume":5000,"label":" ","price":1.52},{"type":"B","date":"2018-03-23T02:37:42.000Z","volume":8000,"label":" ","price":1.52},{"type":"B","date":"2018-03-23T02:38:06.000Z","volume":7000,"label":" ","price":1.52},{"type":"A","date":"2018-03-23T02:55:55.000Z","volume":50000,"label":" ","price":1.52},{"type":"A","date":"2018-03-23T03:01:41.000Z","volume":17000,"label":" ","price":1.52},{"type":"A","date":"2018-03-23T03:06:58.000Z","volume":20000,"label":" ","price":1.52},{"type":"A","date":"2018-03-23T03:12:24.000Z","volume":49000,"label":" ","price":1.52},{"type":"A","date":"2018-03-23T03:19:54.000Z","volume":30000,"label":" ","price":1.52},{"type":"A","date":"2018-03-23T03:24:45.000Z","volume":2000,"label":" ","price":1.53},{"type":"A","date":"2018-03-23T03:28:47.000Z","volume":2000,"label":" ","price":1.53},{"type":"A","date":"2018-03-23T03:30:36.000Z","volume":10000,"label":" ","price":1.53},{"type":"A","date":"2018-03-23T03:30:57.000Z","volume":4000,"label":" ","price":1.53},{"type":"A","date":"2018-03-23T05:00:03.000Z","volume":68000,"label":" ","price":1.53},{"type":"A","date":"2018-03-23T05:15:21.000Z","volume":22000,"label":" ","price":1.53},{"type":"A","date":"2018-03-23T05:21:42.000Z","volume":8000,"label":" ","price":1.53},{"type":"A","date":"2018-03-23T05:25:09.000Z","volume":5000,"label":" ","price":1.53},{"type":"A","date":"2018-03-23T05:29:04.000Z","volume":30000,"label":" ","price":1.53},{"type":"A","date":"2018-03-23T05:37:21.000Z","volume":25000,"label":" ","price":1.53},{"type":"A","date":"2018-03-23T05:47:32.000Z","volume":20000,"label":" ","price":1.53},{"type":"A","date":"2018-03-23T05:57:59.000Z","volume":30000,"label":" ","price":1.53},{"type":"B","date":"2018-03-23T05:59:32.000Z","volume":50000,"label":" ","price":1.52},{"type":"A","date":"2018-03-23T05:59:53.000Z","volume":4000,"label":" ","price":1.53},{"type":"B","date":"2018-03-23T06:11:03.000Z","volume":2000,"label":" ","price":1.52},{"type":"A","date":"2018-03-23T06:11:23.000Z","volume":10000,"label":" ","price":1.53},{"type":"B","date":"2018-03-23T06:12:59.000Z","volume":5000,"label":" ","price":1.52},{"type":"A","date":"2018-03-23T06:13:37.000Z","volume":2000,"label":" ","price":1.53},{"type":"B","date":"2018-03-23T06:15:00.000Z","volume":2000,"label":" ","price":1.52},{"type":"A","date":"2018-03-23T06:15:19.000Z","volume":2000,"label":" ","price":1.53},{"type":"B","date":"2018-03-23T06:17:05.000Z","volume":25000,"label":" ","price":1.52},{"type":"B","date":"2018-03-23T06:17:05.000Z","volume":1000,"label":" ","price":1.52},{"type":"A","date":"2018-03-23T06:17:15.000Z","volume":1000,"label":" ","price":1.53},{"type":"B","date":"2018-03-23T06:18:05.000Z","volume":11000,"label":" ","price":1.52},{"type":"A","date":"2018-03-23T06:18:24.000Z","volume":1000,"label":" ","price":1.53},{"type":"B","date":"2018-03-23T06:19:08.000Z","volume":6000,"label":" ","price":1.52},{"type":"A","date":"2018-03-23T06:19:11.000Z","volume":1000,"label":" ","price":1.53},{"type":"B","date":"2018-03-23T06:21:15.000Z","volume":20000,"label":" ","price":1.51},{"type":"A","date":"2018-03-23T06:43:23.000Z","volume":48000,"label":" ","price":1.52},{"type":"A","date":"2018-03-23T06:43:23.000Z","volume":2000,"label":" ","price":1.53},{"type":"A","date":"2018-03-23T06:47:42.000Z","volume":35000,"label":" ","price":1.52},{"type":"A","date":"2018-03-23T06:57:06.000Z","volume":34000,"label":" ","price":1.52},{"type":"A","date":"2018-03-23T07:00:55.000Z","volume":50000,"label":" ","price":1.52},{"type":"A","date":"2018-03-23T07:06:42.000Z","volume":93000,"label":" ","price":1.52},{"type":"A","date":"2018-03-23T07:14:26.000Z","volume":80000,"label":" ","price":1.52},{"type":"A","date":"2018-03-23T07:20:34.000Z","volume":100000,"label":" ","price":1.52},{"type":"B","date":"2018-03-23T07:24:53.000Z","volume":30000,"label":" ","price":1.51},{"type":"B","date":"2018-03-23T07:35:12.000Z","volume":78000,"label":" ","price":1.5},{"type":"A","date":"2018-03-23T07:54:24.000Z","volume":21000,"label":" ","price":1.51},{"type":"B","date":"2018-03-23T07:56:04.000Z","volume":5000,"label":" ","price":1.5},{"type":"B","date":"2018-03-23T07:58:47.000Z","volume":4000,"label":" ","price":1.5}]