[{"type":"U","date":"2018-04-03T01:02:16.000Z","volume":1908,"label":"P","price":14.46},{"type":"U","date":"2018-04-03T01:05:01.000Z","volume":84000,"label":"P","price":14.453},{"type":"U","date":"2018-04-03T01:05:30.000Z","volume":112000,"label":"P","price":14.46},{"type":"U","date":"2018-04-03T01:20:00.000Z","volume":332000,"label":"U","price":14.48},{"type":"A","date":"2018-04-03T01:30:00.000Z","volume":60000,"label":" ","price":14.5},{"type":"A","date":"2018-04-03T01:30:00.000Z","volume":2000,"label":" ","price":14.5},{"type":"B","date":"2018-04-03T01:30:01.000Z","volume":2000,"label":" ","price":14.5},{"type":"B","date":"2018-04-03T01:30:01.000Z","volume":4000,"label":" ","price":14.5},{"type":"B","date":"2018-04-03T01:30:01.000Z","volume":4000,"label":" ","price":14.5},{"type":"A","date":"2018-04-03T01:30:01.000Z","volume":4000,"label":" ","price":14.58},{"type":"A","date":"2018-04-03T01:30:01.000Z","volume":4000,"label":" ","price":14.58},{"type":"A","date":"2018-04-03T01:30:01.000Z","volume":2000,"label":" ","price":14.58},{"type":"U","date":"2018-04-03T01:30:01.000Z","volume":10000,"label":" ","price":14.54},{"type":"A","date":"2018-04-03T01:30:01.000Z","volume":2000,"label":" ","price":14.62},{"type":"B","date":"2018-04-03T01:30:02.000Z","volume":2000,"label":" ","price":14.56},{"type":"B","date":"2018-04-03T01:30:02.000Z","volume":4000,"label":" ","price":14.56},{"type":"B","date":"2018-04-03T01:30:02.000Z","volume":58000,"label":" ","price":14.54},{"type":"B","date":"2018-04-03T01:30:02.000Z","volume":34000,"label":" ","price":14.5},{"type":"B","date":"2018-04-03T01:30:02.000Z","volume":10000,"label":" ","price":14.48},{"type":"U","date":"2018-04-03T01:30:03.000Z","volume":2000,"label":"Y","price":14.56},{"type":"A","date":"2018-04-03T01:30:04.000Z","volume":4000,"label":"Y","price":14.62},{"type":"A","date":"2018-04-03T01:30:04.000Z","volume":4000,"label":" ","price":14.62},{"type":"A","date":"2018-04-03T01:30:04.000Z","volume":4000,"label":" ","price":14.62},{"type":"U","date":"2018-04-03T01:30:04.000Z","volume":4000,"label":" ","price":14.58},{"type":"U","date":"2018-04-03T01:30:04.000Z","volume":2000,"label":" ","price":14.58},{"type":"B","date":"2018-04-03T01:30:04.000Z","volume":4000,"label":" ","price":14.56},{"type":"B","date":"2018-04-03T01:30:04.000Z","volume":4000,"label":" ","price":14.56},{"type":"A","date":"2018-04-03T01:30:06.000Z","volume":10000,"label":" ","price":14.72},{"type":"B","date":"2018-04-03T01:30:06.000Z","volume":10000,"label":" ","price":14.58},{"type":"B","date":"2018-04-03T01:30:07.000Z","volume":6000,"label":" ","price":14.58},{"type":"A","date":"2018-04-03T01:30:07.000Z","volume":2000,"label":" ","price":14.7},{"type":"A","date":"2018-04-03T01:30:07.000Z","volume":2000,"label":" ","price":14.72},{"type":"U","date":"2018-04-03T01:30:08.000Z","volume":2000,"label":" ","price":14.66},{"type":"U","date":"2018-04-03T01:30:09.000Z","volume":10000,"label":" ","price":14.64},{"type":"B","date":"2018-04-03T01:30:13.000Z","volume":8000,"label":" ","price":14.58},{"type":"B","date":"2018-04-03T01:30:14.000Z","volume":8000,"label":" ","price":14.58},{"type":"B","date":"2018-04-03T01:30:15.000Z","volume":2000,"label":" ","price":14.58},{"type":"U","date":"2018-04-03T01:30:17.000Z","volume":2000,"label":"X","price":14.66},{"type":"B","date":"2018-04-03T01:30:18.000Z","volume":6000,"label":" ","price":14.6},{"type":"U","date":"2018-04-03T01:30:19.000Z","volume":6000,"label":" ","price":14.62},{"type":"B","date":"2018-04-03T01:30:19.000Z","volume":2000,"label":" ","price":14.62},{"type":"B","date":"2018-04-03T01:30:19.000Z","volume":4000,"label":"Y","price":14.62},{"type":"B","date":"2018-04-03T01:30:19.000Z","volume":2000,"label":" ","price":14.62},{"type":"B","date":"2018-04-03T01:30:19.000Z","volume":4000,"label":" ","price":14.62},{"type":"B","date":"2018-04-03T01:30:19.000Z","volume":2000,"label":" ","price":14.62},{"type":"B","date":"2018-04-03T01:30:19.000Z","volume":2000,"label":" ","price":14.62},{"type":"B","date":"2018-04-03T01:30:19.000Z","volume":2000,"label":"Y","price":14.62},{"type":"B","date":"2018-04-03T01:30:19.000Z","volume":2000,"label":"Y","price":14.62},{"type":"B","date":"2018-04-03T01:30:19.000Z","volume":6000,"label":"Y","price":14.62},{"type":"B","date":"2018-04-03T01:30:19.000Z","volume":2000,"label":" ","price":14.62},{"type":"A","date":"2018-04-03T01:30:21.000Z","volume":4000,"label":" ","price":14.7},{"type":"B","date":"2018-04-03T01:30:21.000Z","volume":2000,"label":" ","price":14.62},{"type":"A","date":"2018-04-03T01:30:27.000Z","volume":18000,"label":" ","price":14.7},{"type":"B","date":"2018-04-03T01:30:29.000Z","volume":2000,"label":" ","price":14.64},{"type":"B","date":"2018-04-03T01:30:29.000Z","volume":2000,"label":" ","price":14.64},{"type":"A","date":"2018-04-03T01:30:33.000Z","volume":10000,"label":" ","price":14.7},{"type":"A","date":"2018-04-03T01:30:33.000Z","volume":20000,"label":" ","price":14.7},{"type":"A","date":"2018-04-03T01:30:33.000Z","volume":6000,"label":" ","price":14.7},{"type":"A","date":"2018-04-03T01:30:34.000Z","volume":4000,"label":" ","price":14.74},{"type":"A","date":"2018-04-03T01:30:35.000Z","volume":2000,"label":" ","price":14.72},{"type":"A","date":"2018-04-03T01:30:35.000Z","volume":2000,"label":" ","price":14.74},{"type":"A","date":"2018-04-03T01:30:36.000Z","volume":4000,"label":" ","price":14.74},{"type":"U","date":"2018-04-03T01:30:37.000Z","volume":2000,"label":" ","price":14.72},{"type":"A","date":"2018-04-03T01:30:43.000Z","volume":2000,"label":" ","price":14.8},{"type":"A","date":"2018-04-03T01:30:45.000Z","volume":8000,"label":" ","price":14.8},{"type":"B","date":"2018-04-03T01:30:46.000Z","volume":16000,"label":" ","price":14.72},{"type":"U","date":"2018-04-03T01:30:47.000Z","volume":4000,"label":" ","price":14.8},{"type":"A","date":"2018-04-03T01:30:47.000Z","volume":4000,"label":" ","price":14.84},{"type":"U","date":"2018-04-03T01:30:49.000Z","volume":844,"label":"D","price":14.6},{"type":"U","date":"2018-04-03T01:30:49.000Z","volume":4000,"label":" ","price":14.74},{"type":"A","date":"2018-04-03T01:30:49.000Z","volume":2000,"label":"Y","price":14.84},{"type":"U","date":"2018-04-03T01:30:51.000Z","volume":6000,"label":" ","price":14.8},{"type":"B","date":"2018-04-03T01:30:51.000Z","volume":2000,"label":"Y","price":14.8},{"type":"B","date":"2018-04-03T01:30:51.000Z","volume":2000,"label":"Y","price":14.8},{"type":"A","date":"2018-04-03T01:30:52.000Z","volume":2000,"label":" ","price":14.86},{"type":"B","date":"2018-04-03T01:30:55.000Z","volume":18000,"label":" ","price":14.82},{"type":"B","date":"2018-04-03T01:30:56.000Z","volume":4000,"label":" ","price":14.8},{"type":"A","date":"2018-04-03T01:31:10.000Z","volume":12000,"label":" ","price":14.84},{"type":"B","date":"2018-04-03T01:31:10.000Z","volume":4000,"label":" ","price":14.8},{"type":"U","date":"2018-04-03T01:31:13.000Z","volume":4000,"label":" ","price":14.82},{"type":"A","date":"2018-04-03T01:31:14.000Z","volume":2000,"label":" ","price":14.86},{"type":"A","date":"2018-04-03T01:31:17.000Z","volume":2000,"label":" ","price":14.88},{"type":"A","date":"2018-04-03T01:31:24.000Z","volume":2000,"label":" ","price":14.88},{"type":"B","date":"2018-04-03T01:31:24.000Z","volume":2000,"label":"Y","price":14.8},{"type":"A","date":"2018-04-03T01:31:26.000Z","volume":4000,"label":" ","price":14.88},{"type":"A","date":"2018-04-03T01:31:34.000Z","volume":2000,"label":" ","price":14.88},{"type":"B","date":"2018-04-03T01:31:35.000Z","volume":2000,"label":" ","price":14.82},{"type":"U","date":"2018-04-03T01:31:35.000Z","volume":2000,"label":"X","price":14.85},{"type":"A","date":"2018-04-03T01:31:36.000Z","volume":4000,"label":" ","price":14.88},{"type":"U","date":"2018-04-03T01:31:36.000Z","volume":8000,"label":" ","price":14.86},{"type":"U","date":"2018-04-03T01:31:37.000Z","volume":792,"label":"D","price":14.72},{"type":"A","date":"2018-04-03T01:31:44.000Z","volume":2000,"label":" ","price":14.88},{"type":"A","date":"2018-04-03T01:31:44.000Z","volume":2000,"label":" ","price":14.88},{"type":"B","date":"2018-04-03T01:31:44.000Z","volume":2000,"label":" ","price":14.84},{"type":"A","date":"2018-04-03T01:31:49.000Z","volume":2000,"label":" ","price":14.88},{"type":"A","date":"2018-04-03T01:31:54.000Z","volume":4000,"label":"Y","price":14.88},{"type":"A","date":"2018-04-03T01:31:54.000Z","volume":4000,"label":" ","price":14.88},{"type":"U","date":"2018-04-03T01:31:55.000Z","volume":2000,"label":"X","price":14.86},{"type":"U","date":"2018-04-03T01:31:55.000Z","volume":2000,"label":"X","price":14.86},{"type":"A","date":"2018-04-03T01:31:55.000Z","volume":4000,"label":" ","price":14.88},{"type":"A","date":"2018-04-03T01:31:55.000Z","volume":4000,"label":" ","price":14.88},{"type":"A","date":"2018-04-03T01:31:57.000Z","volume":6000,"label":" ","price":14.88},{"type":"B","date":"2018-04-03T01:32:00.000Z","volume":114000,"label":" ","price":14.84},{"type":"B","date":"2018-04-03T01:32:00.000Z","volume":56000,"label":" ","price":14.84},{"type":"B","date":"2018-04-03T01:32:00.000Z","volume":8000,"label":" ","price":14.82},{"type":"B","date":"2018-04-03T01:32:00.000Z","volume":32000,"label":" ","price":14.82},{"type":"B","date":"2018-04-03T01:32:00.000Z","volume":4000,"label":" ","price":14.82},{"type":"B","date":"2018-04-03T01:32:00.000Z","volume":18000,"label":" ","price":14.8},{"type":"B","date":"2018-04-03T01:32:00.000Z","volume":4000,"label":" ","price":14.78},{"type":"B","date":"2018-04-03T01:32:00.000Z","volume":8000,"label":" ","price":14.8},{"type":"B","date":"2018-04-03T01:32:00.000Z","volume":2000,"label":" ","price":14.82},{"type":"B","date":"2018-04-03T01:32:00.000Z","volume":6000,"label":" ","price":14.82},{"type":"A","date":"2018-04-03T01:32:01.000Z","volume":6000,"label":" ","price":14.82},{"type":"A","date":"2018-04-03T01:32:02.000Z","volume":6000,"label":" ","price":14.84},{"type":"A","date":"2018-04-03T01:32:02.000Z","volume":4000,"label":" ","price":14.84},{"type":"U","date":"2018-04-03T01:32:03.000Z","volume":2000,"label":" ","price":14.78},{"type":"B","date":"2018-04-03T01:32:05.000Z","volume":2000,"label":" ","price":14.76},{"type":"B","date":"2018-04-03T01:32:05.000Z","volume":4000,"label":" ","price":14.76},{"type":"B","date":"2018-04-03T01:32:05.000Z","volume":6000,"label":" ","price":14.74},{"type":"B","date":"2018-04-03T01:32:05.000Z","volume":2000,"label":" ","price":14.74},{"type":"B","date":"2018-04-03T01:32:05.000Z","volume":2000,"label":" ","price":14.74},{"type":"U","date":"2018-04-03T01:32:07.000Z","volume":2000,"label":" ","price":14.8},{"type":"U","date":"2018-04-03T01:32:07.000Z","volume":2000,"label":" ","price":14.8},{"type":"A","date":"2018-04-03T01:32:15.000Z","volume":2000,"label":" ","price":14.82},{"type":"B","date":"2018-04-03T01:32:15.000Z","volume":2000,"label":" ","price":14.74},{"type":"U","date":"2018-04-03T01:32:28.000Z","volume":2000,"label":"X","price":14.79},{"type":"U","date":"2018-04-03T01:32:28.000Z","volume":2000,"label":"X","price":14.79},{"type":"U","date":"2018-04-03T01:32:28.000Z","volume":2000,"label":"X","price":14.79},{"type":"U","date":"2018-04-03T01:32:32.000Z","volume":2000,"label":" ","price":14.8},{"type":"A","date":"2018-04-03T01:32:42.000Z","volume":4000,"label":" ","price":14.84},{"type":"U","date":"2018-04-03T01:32:49.000Z","volume":4000,"label":"X","price":14.81},{"type":"A","date":"2018-04-03T01:32:52.000Z","volume":2000,"label":" ","price":14.84},{"type":"A","date":"2018-04-03T01:32:54.000Z","volume":2000,"label":"Y","price":14.84},{"type":"A","date":"2018-04-03T01:32:54.000Z","volume":2000,"label":"Y","price":14.84},{"type":"U","date":"2018-04-03T01:32:55.000Z","volume":10000,"label":" ","price":14.82},{"type":"A","date":"2018-04-03T01:32:55.000Z","volume":4000,"label":" ","price":14.84},{"type":"A","date":"2018-04-03T01:33:06.000Z","volume":64000,"label":" ","price":14.86},{"type":"B","date":"2018-04-03T01:33:07.000Z","volume":8000,"label":" ","price":14.84},{"type":"A","date":"2018-04-03T01:33:07.000Z","volume":6000,"label":"Y","price":14.86},{"type":"U","date":"2018-04-03T01:33:10.000Z","volume":6000,"label":"X","price":14.85},{"type":"U","date":"2018-04-03T01:33:10.000Z","volume":4000,"label":"X","price":14.85},{"type":"B","date":"2018-04-03T01:33:11.000Z","volume":8000,"label":" ","price":14.84},{"type":"B","date":"2018-04-03T01:33:13.000Z","volume":8000,"label":" ","price":14.84},{"type":"A","date":"2018-04-03T01:33:17.000Z","volume":6000,"label":" ","price":14.86},{"type":"U","date":"2018-04-03T01:33:18.000Z","volume":2000,"label":"X","price":14.85},{"type":"B","date":"2018-04-03T01:33:19.000Z","volume":8000,"label":" ","price":14.84},{"type":"B","date":"2018-04-03T01:33:25.000Z","volume":8000,"label":" ","price":14.84},{"type":"A","date":"2018-04-03T01:33:27.000Z","volume":20000,"label":" ","price":14.86},{"type":"A","date":"2018-04-03T01:33:29.000Z","volume":10000,"label":"Y","price":14.86},{"type":"A","date":"2018-04-03T01:33:29.000Z","volume":2000,"label":" ","price":14.86},{"type":"A","date":"2018-04-03T01:33:29.000Z","volume":8000,"label":" ","price":14.86},{"type":"U","date":"2018-04-03T01:33:37.000Z","volume":6000,"label":"X","price":14.86},{"type":"U","date":"2018-04-03T01:33:41.000Z","volume":2000,"label":"X","price":14.86},{"type":"U","date":"2018-04-03T01:33:41.000Z","volume":2000,"label":"X","price":14.86},{"type":"A","date":"2018-04-03T01:33:43.000Z","volume":2000,"label":" ","price":14.86},{"type":"U","date":"2018-04-03T01:33:48.000Z","volume":2000,"label":"X","price":14.85},{"type":"B","date":"2018-04-03T01:33:52.000Z","volume":2000,"label":" ","price":14.84},{"type":"U","date":"2018-04-03T01:33:53.000Z","volume":4000,"label":"X","price":14.85},{"type":"U","date":"2018-04-03T01:33:57.000Z","volume":2000,"label":"X","price":14.85},{"type":"A","date":"2018-04-03T01:33:57.000Z","volume":2000,"label":" ","price":14.86},{"type":"A","date":"2018-04-03T01:33:57.000Z","volume":2000,"label":" ","price":14.86},{"type":"A","date":"2018-04-03T01:33:57.000Z","volume":2000,"label":" ","price":14.86},{"type":"A","date":"2018-04-03T01:34:01.000Z","volume":2000,"label":" ","price":14.86},{"type":"A","date":"2018-04-03T01:34:04.000Z","volume":4000,"label":" ","price":14.86},{"type":"A","date":"2018-04-03T01:34:04.000Z","volume":2000,"label":" ","price":14.86},{"type":"A","date":"2018-04-03T01:34:07.000Z","volume":2000,"label":" ","price":14.86},{"type":"A","date":"2018-04-03T01:34:09.000Z","volume":14000,"label":" ","price":14.86},{"type":"A","date":"2018-04-03T01:34:09.000Z","volume":22000,"label":" ","price":14.88},{"type":"A","date":"2018-04-03T01:34:12.000Z","volume":4000,"label":" ","price":14.88},{"type":"A","date":"2018-04-03T01:34:14.000Z","volume":24000,"label":" ","price":14.88},{"type":"A","date":"2018-04-03T01:34:14.000Z","volume":6000,"label":" ","price":14.88},{"type":"A","date":"2018-04-03T01:34:14.000Z","volume":2000,"label":" ","price":14.9},{"type":"A","date":"2018-04-03T01:34:15.000Z","volume":4000,"label":" ","price":14.9},{"type":"A","date":"2018-04-03T01:34:15.000Z","volume":8000,"label":" ","price":14.9},{"type":"A","date":"2018-04-03T01:34:17.000Z","volume":4000,"label":" ","price":14.9},{"type":"A","date":"2018-04-03T01:34:19.000Z","volume":8000,"label":" ","price":14.9},{"type":"A","date":"2018-04-03T01:34:20.000Z","volume":4000,"label":" ","price":14.9},{"type":"A","date":"2018-04-03T01:34:20.000Z","volume":20000,"label":" ","price":14.9},{"type":"A","date":"2018-04-03T01:34:20.000Z","volume":4000,"label":"Y","price":14.92},{"type":"U","date":"2018-04-03T01:34:21.000Z","volume":2000,"label":" ","price":14.9},{"type":"A","date":"2018-04-03T01:34:22.000Z","volume":4000,"label":" ","price":14.92},{"type":"A","date":"2018-04-03T01:34:22.000Z","volume":2000,"label":" ","price":14.92},{"type":"U","date":"2018-04-03T01:34:23.000Z","volume":4000,"label":"X","price":14.92},{"type":"A","date":"2018-04-03T01:34:23.000Z","volume":4000,"label":"Y","price":14.92},{"type":"A","date":"2018-04-03T01:34:26.000Z","volume":2000,"label":" ","price":14.94},{"type":"A","date":"2018-04-03T01:34:33.000Z","volume":6000,"label":" ","price":14.94},{"type":"A","date":"2018-04-03T01:34:35.000Z","volume":2000,"label":"Y","price":14.94},{"type":"A","date":"2018-04-03T01:34:35.000Z","volume":2000,"label":" ","price":14.96},{"type":"A","date":"2018-04-03T01:34:39.000Z","volume":4000,"label":" ","price":14.92},{"type":"A","date":"2018-04-03T01:34:39.000Z","volume":4000,"label":" ","price":14.92},{"type":"A","date":"2018-04-03T01:34:40.000Z","volume":4000,"label":" ","price":14.98},{"type":"A","date":"2018-04-03T01:34:46.000Z","volume":10000,"label":" ","price":14.98},{"type":"U","date":"2018-04-03T01:34:46.000Z","volume":14000,"label":" ","price":14.96},{"type":"U","date":"2018-04-03T01:34:46.000Z","volume":26000,"label":" ","price":14.96},{"type":"U","date":"2018-04-03T01:34:46.000Z","volume":2000,"label":" ","price":14.96},{"type":"U","date":"2018-04-03T01:34:46.000Z","volume":2000,"label":" ","price":14.96},{"type":"U","date":"2018-04-03T01:34:46.000Z","volume":2000,"label":" ","price":14.96},{"type":"U","date":"2018-04-03T01:34:46.000Z","volume":2000,"label":" ","price":14.96},{"type":"U","date":"2018-04-03T01:34:46.000Z","volume":2000,"label":" ","price":14.96},{"type":"U","date":"2018-04-03T01:34:46.000Z","volume":2000,"label":" ","price":14.96},{"type":"U","date":"2018-04-03T01:34:46.000Z","volume":2000,"label":" ","price":14.96},{"type":"U","date":"2018-04-03T01:34:46.000Z","volume":8000,"label":" ","price":14.96},{"type":"U","date":"2018-04-03T01:34:47.000Z","volume":2000,"label":" ","price":14.96},{"type":"A","date":"2018-04-03T01:34:47.000Z","volume":4000,"label":" ","price":14.98},{"type":"A","date":"2018-04-03T01:34:48.000Z","volume":10000,"label":" ","price":14.98},{"type":"A","date":"2018-04-03T01:34:48.000Z","volume":4000,"label":" ","price":14.98},{"type":"A","date":"2018-04-03T01:34:49.000Z","volume":6000,"label":" ","price":14.98},{"type":"A","date":"2018-04-03T01:34:53.000Z","volume":40000,"label":" ","price":15},{"type":"A","date":"2018-04-03T01:34:53.000Z","volume":4000,"label":" ","price":15.02},{"type":"A","date":"2018-04-03T01:34:54.000Z","volume":4000,"label":" ","price":15.08},{"type":"A","date":"2018-04-03T01:34:54.000Z","volume":6000,"label":" ","price":15.08},{"type":"U","date":"2018-04-03T01:34:56.000Z","volume":2000,"label":" ","price":15.02},{"type":"B","date":"2018-04-03T01:34:58.000Z","volume":10000,"label":" ","price":15.02},{"type":"A","date":"2018-04-03T01:34:59.000Z","volume":4000,"label":" ","price":15.1},{"type":"A","date":"2018-04-03T01:34:59.000Z","volume":2000,"label":" ","price":15.1},{"type":"B","date":"2018-04-03T01:35:02.000Z","volume":6000,"label":" ","price":15.08},{"type":"B","date":"2018-04-03T01:35:03.000Z","volume":16000,"label":" ","price":15.06},{"type":"B","date":"2018-04-03T01:35:05.000Z","volume":32000,"label":" ","price":15.02},{"type":"B","date":"2018-04-03T01:35:05.000Z","volume":2000,"label":" ","price":15},{"type":"U","date":"2018-04-03T01:35:05.000Z","volume":4000,"label":" ","price":15.04},{"type":"U","date":"2018-04-03T01:35:05.000Z","volume":2000,"label":"Y","price":15.04},{"type":"B","date":"2018-04-03T01:35:07.000Z","volume":10000,"label":" ","price":15},{"type":"B","date":"2018-04-03T01:35:07.000Z","volume":2000,"label":"Y","price":15},{"type":"B","date":"2018-04-03T01:35:07.000Z","volume":2000,"label":"Y","price":15},{"type":"U","date":"2018-04-03T01:35:12.000Z","volume":2000,"label":" ","price":15.06},{"type":"U","date":"2018-04-03T01:35:14.000Z","volume":2000,"label":" ","price":15.02},{"type":"A","date":"2018-04-03T01:35:19.000Z","volume":2000,"label":" ","price":15.06},{"type":"U","date":"2018-04-03T01:35:21.000Z","volume":6000,"label":"X","price":15.03},{"type":"A","date":"2018-04-03T01:35:37.000Z","volume":10000,"label":" ","price":15.06},{"type":"A","date":"2018-04-03T01:35:43.000Z","volume":2000,"label":" ","price":15.04},{"type":"A","date":"2018-04-03T01:35:44.000Z","volume":2000,"label":" ","price":15.04},{"type":"A","date":"2018-04-03T01:35:53.000Z","volume":2000,"label":" ","price":15.04},{"type":"A","date":"2018-04-03T01:35:55.000Z","volume":16000,"label":" ","price":15.04},{"type":"B","date":"2018-04-03T01:35:56.000Z","volume":20000,"label":" ","price":15.04},{"type":"B","date":"2018-04-03T01:35:56.000Z","volume":2000,"label":" ","price":15.02},{"type":"B","date":"2018-04-03T01:35:56.000Z","volume":2000,"label":" ","price":15.04},{"type":"B","date":"2018-04-03T01:35:56.000Z","volume":2000,"label":" ","price":15.02},{"type":"B","date":"2018-04-03T01:35:57.000Z","volume":62000,"label":" ","price":15.02},{"type":"B","date":"2018-04-03T01:35:57.000Z","volume":2000,"label":" ","price":15.02},{"type":"B","date":"2018-04-03T01:35:57.000Z","volume":12000,"label":" ","price":15},{"type":"B","date":"2018-04-03T01:35:57.000Z","volume":2000,"label":" ","price":15},{"type":"B","date":"2018-04-03T01:35:57.000Z","volume":2000,"label":" ","price":15},{"type":"B","date":"2018-04-03T01:35:57.000Z","volume":2000,"label":" ","price":15},{"type":"U","date":"2018-04-03T01:36:00.000Z","volume":4000,"label":" ","price":15.02},{"type":"B","date":"2018-04-03T01:36:00.000Z","volume":2000,"label":" ","price":15},{"type":"B","date":"2018-04-03T01:36:00.000Z","volume":12000,"label":" ","price":15},{"type":"B","date":"2018-04-03T01:36:00.000Z","volume":2000,"label":" ","price":14.98},{"type":"B","date":"2018-04-03T01:36:00.000Z","volume":2000,"label":" ","price":15},{"type":"B","date":"2018-04-03T01:36:07.000Z","volume":12000,"label":" ","price":14.98},{"type":"B","date":"2018-04-03T01:36:07.000Z","volume":2000,"label":" ","price":14.92},{"type":"A","date":"2018-04-03T01:36:14.000Z","volume":4000,"label":" ","price":14.98},{"type":"A","date":"2018-04-03T01:36:14.000Z","volume":14000,"label":" ","price":15},{"type":"A","date":"2018-04-03T01:36:14.000Z","volume":2000,"label":" ","price":15.02},{"type":"U","date":"2018-04-03T01:36:16.000Z","volume":2000,"label":"X","price":15},{"type":"U","date":"2018-04-03T01:36:32.000Z","volume":2000,"label":" ","price":15},{"type":"B","date":"2018-04-03T01:36:32.000Z","volume":2000,"label":" ","price":14.96},{"type":"B","date":"2018-04-03T01:36:34.000Z","volume":2000,"label":" ","price":15},{"type":"B","date":"2018-04-03T01:36:34.000Z","volume":6000,"label":" ","price":15},{"type":"B","date":"2018-04-03T01:36:34.000Z","volume":2000,"label":"Y","price":15},{"type":"U","date":"2018-04-03T01:36:35.000Z","volume":2000,"label":"X","price":15.01},{"type":"B","date":"2018-04-03T01:36:37.000Z","volume":6000,"label":" ","price":15},{"type":"B","date":"2018-04-03T01:36:37.000Z","volume":4000,"label":" ","price":15},{"type":"U","date":"2018-04-03T01:36:51.000Z","volume":2000,"label":"X","price":14.98},{"type":"U","date":"2018-04-03T01:36:54.000Z","volume":2000,"label":"X","price":14.98},{"type":"A","date":"2018-04-03T01:37:07.000Z","volume":8000,"label":" ","price":14.98},{"type":"U","date":"2018-04-03T01:37:12.000Z","volume":2000,"label":"X","price":14.97},{"type":"U","date":"2018-04-03T01:37:12.000Z","volume":2000,"label":"X","price":14.97},{"type":"A","date":"2018-04-03T01:37:14.000Z","volume":4000,"label":"Y","price":14.98},{"type":"A","date":"2018-04-03T01:37:14.000Z","volume":8000,"label":" ","price":14.98},{"type":"U","date":"2018-04-03T01:37:18.000Z","volume":2000,"label":"X","price":14.97},{"type":"B","date":"2018-04-03T01:37:18.000Z","volume":50000,"label":" ","price":14.96},{"type":"B","date":"2018-04-03T01:37:19.000Z","volume":2000,"label":" ","price":14.96},{"type":"B","date":"2018-04-03T01:37:19.000Z","volume":2000,"label":" ","price":14.96},{"type":"B","date":"2018-04-03T01:37:19.000Z","volume":2000,"label":" ","price":14.96},{"type":"B","date":"2018-04-03T01:37:19.000Z","volume":2000,"label":" ","price":14.96},{"type":"B","date":"2018-04-03T01:37:19.000Z","volume":2000,"label":" ","price":14.96},{"type":"B","date":"2018-04-03T01:37:19.000Z","volume":2000,"label":" ","price":14.96},{"type":"A","date":"2018-04-03T01:37:19.000Z","volume":8000,"label":" ","price":14.98},{"type":"B","date":"2018-04-03T01:37:19.000Z","volume":2000,"label":" ","price":14.96},{"type":"B","date":"2018-04-03T01:37:19.000Z","volume":2000,"label":" ","price":14.96},{"type":"B","date":"2018-04-03T01:37:24.000Z","volume":38000,"label":" ","price":14.96},{"type":"B","date":"2018-04-03T01:37:24.000Z","volume":4000,"label":" ","price":14.94},{"type":"B","date":"2018-04-03T01:37:24.000Z","volume":2000,"label":" ","price":14.94},{"type":"B","date":"2018-04-03T01:37:24.000Z","volume":2000,"label":" ","price":14.94},{"type":"B","date":"2018-04-03T01:37:24.000Z","volume":4000,"label":" ","price":14.94},{"type":"B","date":"2018-04-03T01:37:24.000Z","volume":2000,"label":" ","price":14.92},{"type":"B","date":"2018-04-03T01:37:24.000Z","volume":4000,"label":" ","price":14.9},{"type":"B","date":"2018-04-03T01:37:24.000Z","volume":2000,"label":" ","price":14.9},{"type":"U","date":"2018-04-03T01:37:25.000Z","volume":2000,"label":" ","price":14.94},{"type":"B","date":"2018-04-03T01:37:27.000Z","volume":2000,"label":" ","price":14.9},{"type":"B","date":"2018-04-03T01:37:27.000Z","volume":2000,"label":" ","price":14.9},{"type":"A","date":"2018-04-03T01:37:29.000Z","volume":10000,"label":" ","price":14.96},{"type":"B","date":"2018-04-03T01:37:30.000Z","volume":2000,"label":" ","price":14.88},{"type":"U","date":"2018-04-03T01:37:34.000Z","volume":2000,"label":"X","price":14.92},{"type":"U","date":"2018-04-03T01:37:45.000Z","volume":2000,"label":"X","price":14.93},{"type":"A","date":"2018-04-03T01:37:53.000Z","volume":20000,"label":" ","price":14.94},{"type":"A","date":"2018-04-03T01:37:53.000Z","volume":2000,"label":" ","price":14.94},{"type":"A","date":"2018-04-03T01:37:53.000Z","volume":2000,"label":" ","price":14.94},{"type":"U","date":"2018-04-03T01:37:58.000Z","volume":1896,"label":"D","price":14.82},{"type":"A","date":"2018-04-03T01:38:01.000Z","volume":24000,"label":" ","price":14.96},{"type":"U","date":"2018-04-03T01:38:08.000Z","volume":2000,"label":"X","price":14.96},{"type":"U","date":"2018-04-03T01:38:18.000Z","volume":4000,"label":"X","price":14.96},{"type":"U","date":"2018-04-03T01:38:18.000Z","volume":2000,"label":"X","price":14.96},{"type":"U","date":"2018-04-03T01:38:22.000Z","volume":2000,"label":"X","price":14.96},{"type":"A","date":"2018-04-03T01:38:22.000Z","volume":2000,"label":" ","price":14.98},{"type":"A","date":"2018-04-03T01:38:22.000Z","volume":2000,"label":" ","price":14.98},{"type":"A","date":"2018-04-03T01:38:22.000Z","volume":4000,"label":" ","price":14.98},{"type":"A","date":"2018-04-03T01:38:34.000Z","volume":2000,"label":" ","price":14.98},{"type":"A","date":"2018-04-03T01:38:36.000Z","volume":2000,"label":" ","price":14.98},{"type":"A","date":"2018-04-03T01:38:49.000Z","volume":2000,"label":" ","price":15},{"type":"U","date":"2018-04-03T01:38:56.000Z","volume":4000,"label":"X","price":14.99},{"type":"B","date":"2018-04-03T01:38:57.000Z","volume":58000,"label":" ","price":14.98},{"type":"A","date":"2018-04-03T01:39:03.000Z","volume":2000,"label":" ","price":15},{"type":"U","date":"2018-04-03T01:39:12.000Z","volume":4000,"label":"X","price":14.99},{"type":"A","date":"2018-04-03T01:39:14.000Z","volume":4000,"label":" ","price":15},{"type":"A","date":"2018-04-03T01:39:16.000Z","volume":12000,"label":" ","price":15},{"type":"A","date":"2018-04-03T01:39:16.000Z","volume":10000,"label":" ","price":15},{"type":"A","date":"2018-04-03T01:39:18.000Z","volume":16000,"label":" ","price":15.02},{"type":"A","date":"2018-04-03T01:39:18.000Z","volume":168000,"label":" ","price":15.02},{"type":"A","date":"2018-04-03T01:39:19.000Z","volume":14000,"label":" ","price":15.04},{"type":"A","date":"2018-04-03T01:39:20.000Z","volume":4000,"label":" ","price":15.08},{"type":"A","date":"2018-04-03T01:39:21.000Z","volume":8000,"label":" ","price":15.1},{"type":"U","date":"2018-04-03T01:39:22.000Z","volume":2000,"label":" ","price":15.06},{"type":"A","date":"2018-04-03T01:39:24.000Z","volume":4000,"label":" ","price":15.1},{"type":"U","date":"2018-04-03T01:39:27.000Z","volume":2000,"label":"X","price":15.08},{"type":"A","date":"2018-04-03T01:39:27.000Z","volume":2000,"label":" ","price":15.1},{"type":"A","date":"2018-04-03T01:39:47.000Z","volume":2000,"label":" ","price":15.12},{"type":"U","date":"2018-04-03T01:39:48.000Z","volume":4000,"label":"X","price":15.1},{"type":"A","date":"2018-04-03T01:39:50.000Z","volume":2000,"label":" ","price":15.12},{"type":"B","date":"2018-04-03T01:39:55.000Z","volume":4000,"label":" ","price":15.08},{"type":"B","date":"2018-04-03T01:39:56.000Z","volume":36000,"label":" ","price":15.08},{"type":"B","date":"2018-04-03T01:39:56.000Z","volume":4000,"label":" ","price":15.08},{"type":"U","date":"2018-04-03T01:39:56.000Z","volume":4000,"label":" ","price":15.1},{"type":"A","date":"2018-04-03T01:39:56.000Z","volume":36000,"label":" ","price":15.12},{"type":"A","date":"2018-04-03T01:39:56.000Z","volume":2000,"label":" ","price":15.12},{"type":"A","date":"2018-04-03T01:39:58.000Z","volume":2000,"label":" ","price":15.12},{"type":"U","date":"2018-04-03T01:40:04.000Z","volume":2000,"label":"X","price":14.911},{"type":"U","date":"2018-04-03T01:40:04.000Z","volume":2000,"label":"X","price":14.911},{"type":"B","date":"2018-04-03T01:40:04.000Z","volume":20000,"label":" ","price":15.1},{"type":"A","date":"2018-04-03T01:40:06.000Z","volume":2000,"label":" ","price":15.16},{"type":"U","date":"2018-04-03T01:40:18.000Z","volume":6000,"label":"X","price":15.14},{"type":"A","date":"2018-04-03T01:40:34.000Z","volume":4000,"label":"Y","price":15.16},{"type":"U","date":"2018-04-03T01:40:38.000Z","volume":2000,"label":"X","price":15.14},{"type":"U","date":"2018-04-03T01:40:38.000Z","volume":2000,"label":"X","price":15.14},{"type":"U","date":"2018-04-03T01:40:38.000Z","volume":4000,"label":"X","price":15.14},{"type":"A","date":"2018-04-03T01:40:38.000Z","volume":4000,"label":" ","price":15.16},{"type":"A","date":"2018-04-03T01:40:39.000Z","volume":2000,"label":" ","price":15.16},{"type":"A","date":"2018-04-03T01:40:39.000Z","volume":4000,"label":" ","price":15.16},{"type":"A","date":"2018-04-03T01:40:53.000Z","volume":2000,"label":" ","price":15.16},{"type":"A","date":"2018-04-03T01:40:56.000Z","volume":2000,"label":" ","price":15.18},{"type":"A","date":"2018-04-03T01:40:59.000Z","volume":2000,"label":" ","price":15.16},{"type":"A","date":"2018-04-03T01:41:04.000Z","volume":20000,"label":" ","price":15.18},{"type":"A","date":"2018-04-03T01:41:04.000Z","volume":14000,"label":" ","price":15.18},{"type":"A","date":"2018-04-03T01:41:05.000Z","volume":18000,"label":" ","price":15.18},{"type":"A","date":"2018-04-03T01:41:05.000Z","volume":2000,"label":" ","price":15.18},{"type":"B","date":"2018-04-03T01:41:05.000Z","volume":2000,"label":" ","price":15.16},{"type":"A","date":"2018-04-03T01:41:05.000Z","volume":8000,"label":" ","price":15.2},{"type":"A","date":"2018-04-03T01:41:05.000Z","volume":2000,"label":" ","price":15.2},{"type":"A","date":"2018-04-03T01:41:06.000Z","volume":6000,"label":" ","price":15.2},{"type":"A","date":"2018-04-03T01:41:07.000Z","volume":2000,"label":" ","price":15.2},{"type":"A","date":"2018-04-03T01:41:08.000Z","volume":4000,"label":" ","price":15.2},{"type":"A","date":"2018-04-03T01:41:09.000Z","volume":2000,"label":" ","price":15.2},{"type":"B","date":"2018-04-03T01:41:10.000Z","volume":34000,"label":" ","price":15.18},{"type":"A","date":"2018-04-03T01:41:10.000Z","volume":38000,"label":" ","price":15.2},{"type":"B","date":"2018-04-03T01:41:10.000Z","volume":2000,"label":" ","price":15.2},{"type":"A","date":"2018-04-03T01:41:10.000Z","volume":2000,"label":" ","price":15.2},{"type":"A","date":"2018-04-03T01:41:10.000Z","volume":6000,"label":" ","price":15.2},{"type":"A","date":"2018-04-03T01:41:11.000Z","volume":6000,"label":" ","price":15.24},{"type":"B","date":"2018-04-03T01:41:11.000Z","volume":40000,"label":" ","price":15.18},{"type":"B","date":"2018-04-03T01:41:11.000Z","volume":2000,"label":"Y","price":15.16},{"type":"B","date":"2018-04-03T01:41:11.000Z","volume":50000,"label":" ","price":15.16},{"type":"B","date":"2018-04-03T01:41:11.000Z","volume":12000,"label":" ","price":15.14},{"type":"A","date":"2018-04-03T01:41:11.000Z","volume":6000,"label":" ","price":15.24},{"type":"A","date":"2018-04-03T01:41:13.000Z","volume":12000,"label":" ","price":15.28},{"type":"A","date":"2018-04-03T01:41:15.000Z","volume":4000,"label":" ","price":15.3},{"type":"U","date":"2018-04-03T01:41:21.000Z","volume":4000,"label":"X","price":15.27},{"type":"B","date":"2018-04-03T01:41:24.000Z","volume":22000,"label":" ","price":15.24},{"type":"B","date":"2018-04-03T01:41:24.000Z","volume":12000,"label":" ","price":15.24},{"type":"B","date":"2018-04-03T01:41:24.000Z","volume":8000,"label":" ","price":15.24},{"type":"B","date":"2018-04-03T01:41:24.000Z","volume":2000,"label":" ","price":15.24},{"type":"U","date":"2018-04-03T01:41:24.000Z","volume":2000,"label":"X","price":15.25},{"type":"B","date":"2018-04-03T01:41:25.000Z","volume":40000,"label":" ","price":15.22},{"type":"B","date":"2018-04-03T01:41:25.000Z","volume":4000,"label":" ","price":15.2},{"type":"B","date":"2018-04-03T01:41:25.000Z","volume":2000,"label":" ","price":15.2},{"type":"A","date":"2018-04-03T01:41:29.000Z","volume":56000,"label":" ","price":15.26},{"type":"A","date":"2018-04-03T01:41:29.000Z","volume":88000,"label":" ","price":15.28},{"type":"B","date":"2018-04-03T01:41:29.000Z","volume":2000,"label":"Y","price":15.2},{"type":"B","date":"2018-04-03T01:41:29.000Z","volume":10000,"label":" ","price":15.2},{"type":"B","date":"2018-04-03T01:41:29.000Z","volume":2000,"label":" ","price":15.2},{"type":"B","date":"2018-04-03T01:41:29.000Z","volume":2000,"label":"Y","price":15.2},{"type":"B","date":"2018-04-03T01:41:29.000Z","volume":6000,"label":" ","price":15.18},{"type":"B","date":"2018-04-03T01:41:29.000Z","volume":2000,"label":" ","price":15.2},{"type":"B","date":"2018-04-03T01:41:29.000Z","volume":2000,"label":" ","price":15.2},{"type":"B","date":"2018-04-03T01:41:29.000Z","volume":6000,"label":" ","price":15.18},{"type":"B","date":"2018-04-03T01:41:29.000Z","volume":2000,"label":" ","price":15.18},{"type":"A","date":"2018-04-03T01:41:30.000Z","volume":22000,"label":" ","price":15.26},{"type":"A","date":"2018-04-03T01:41:31.000Z","volume":10000,"label":" ","price":15.26},{"type":"A","date":"2018-04-03T01:41:32.000Z","volume":4000,"label":" ","price":15.26},{"type":"A","date":"2018-04-03T01:41:34.000Z","volume":4000,"label":" ","price":15.26},{"type":"U","date":"2018-04-03T01:41:36.000Z","volume":2000,"label":"X","price":15.23},{"type":"A","date":"2018-04-03T01:41:37.000Z","volume":2000,"label":" ","price":15.24},{"type":"B","date":"2018-04-03T01:41:39.000Z","volume":4000,"label":" ","price":15.2},{"type":"U","date":"2018-04-03T01:41:41.000Z","volume":4000,"label":"X","price":15.23},{"type":"U","date":"2018-04-03T01:41:48.000Z","volume":2000,"label":"X","price":15.23},{"type":"A","date":"2018-04-03T01:41:54.000Z","volume":8000,"label":" ","price":15.24},{"type":"A","date":"2018-04-03T01:41:55.000Z","volume":4000,"label":" ","price":15.26},{"type":"U","date":"2018-04-03T01:41:58.000Z","volume":2000,"label":"X","price":15.23},{"type":"U","date":"2018-04-03T01:41:58.000Z","volume":2000,"label":"X","price":15.23},{"type":"A","date":"2018-04-03T01:42:16.000Z","volume":6000,"label":" ","price":15.24},{"type":"A","date":"2018-04-03T01:42:22.000Z","volume":38000,"label":" ","price":15.24},{"type":"A","date":"2018-04-03T01:42:22.000Z","volume":26000,"label":" ","price":15.26},{"type":"A","date":"2018-04-03T01:42:22.000Z","volume":30000,"label":" ","price":15.28},{"type":"A","date":"2018-04-03T01:42:22.000Z","volume":22000,"label":" ","price":15.28},{"type":"A","date":"2018-04-03T01:42:23.000Z","volume":16000,"label":" ","price":15.3},{"type":"A","date":"2018-04-03T01:42:25.000Z","volume":6000,"label":" ","price":15.3},{"type":"A","date":"2018-04-03T01:42:25.000Z","volume":2000,"label":" ","price":15.3},{"type":"A","date":"2018-04-03T01:42:25.000Z","volume":14000,"label":" ","price":15.3},{"type":"U","date":"2018-04-03T01:42:25.000Z","volume":10000,"label":" ","price":15.3},{"type":"A","date":"2018-04-03T01:42:27.000Z","volume":6000,"label":" ","price":15.32},{"type":"A","date":"2018-04-03T01:42:28.000Z","volume":2000,"label":" ","price":15.32},{"type":"B","date":"2018-04-03T01:42:29.000Z","volume":2000,"label":" ","price":15.28},{"type":"A","date":"2018-04-03T01:42:30.000Z","volume":4000,"label":" ","price":15.32},{"type":"U","date":"2018-04-03T01:42:31.000Z","volume":4000,"label":"X","price":15.3},{"type":"A","date":"2018-04-03T01:42:35.000Z","volume":2000,"label":" ","price":15.32},{"type":"A","date":"2018-04-03T01:42:35.000Z","volume":2000,"label":" ","price":15.32},{"type":"B","date":"2018-04-03T01:42:36.000Z","volume":2000,"label":" ","price":15.28},{"type":"A","date":"2018-04-03T01:42:40.000Z","volume":70000,"label":" ","price":15.32},{"type":"B","date":"2018-04-03T01:42:40.000Z","volume":14000,"label":" ","price":15.28},{"type":"B","date":"2018-04-03T01:42:40.000Z","volume":4000,"label":" ","price":15.28},{"type":"A","date":"2018-04-03T01:42:42.000Z","volume":16000,"label":" ","price":15.32},{"type":"A","date":"2018-04-03T01:42:42.000Z","volume":2000,"label":" ","price":15.32},{"type":"B","date":"2018-04-03T01:42:42.000Z","volume":4000,"label":" ","price":15.3},{"type":"A","date":"2018-04-03T01:42:42.000Z","volume":4000,"label":" ","price":15.32},{"type":"A","date":"2018-04-03T01:42:43.000Z","volume":30000,"label":" ","price":15.32},{"type":"A","date":"2018-04-03T01:42:43.000Z","volume":12000,"label":" ","price":15.32},{"type":"A","date":"2018-04-03T01:42:43.000Z","volume":2000,"label":" ","price":15.32},{"type":"B","date":"2018-04-03T01:42:44.000Z","volume":12000,"label":" ","price":15.32},{"type":"A","date":"2018-04-03T01:42:44.000Z","volume":22000,"label":" ","price":15.34},{"type":"A","date":"2018-04-03T01:42:45.000Z","volume":6000,"label":" ","price":15.34},{"type":"A","date":"2018-04-03T01:42:46.000Z","volume":16000,"label":" ","price":15.36},{"type":"A","date":"2018-04-03T01:42:48.000Z","volume":4000,"label":" ","price":15.36},{"type":"B","date":"2018-04-03T01:42:50.000Z","volume":2000,"label":" ","price":15.32},{"type":"U","date":"2018-04-03T01:42:51.000Z","volume":4000,"label":"X","price":15.33},{"type":"U","date":"2018-04-03T01:42:53.000Z","volume":10000,"label":"X","price":15.33},{"type":"B","date":"2018-04-03T01:42:54.000Z","volume":92000,"label":" ","price":15.32},{"type":"B","date":"2018-04-03T01:42:54.000Z","volume":6000,"label":" ","price":15.32},{"type":"B","date":"2018-04-03T01:42:55.000Z","volume":20000,"label":" ","price":15.32},{"type":"B","date":"2018-04-03T01:42:55.000Z","volume":2000,"label":" ","price":15.32},{"type":"B","date":"2018-04-03T01:42:55.000Z","volume":2000,"label":" ","price":15.3},{"type":"A","date":"2018-04-03T01:43:00.000Z","volume":2000,"label":" ","price":15.32},{"type":"A","date":"2018-04-03T01:43:01.000Z","volume":2000,"label":" ","price":15.32},{"type":"U","date":"2018-04-03T01:43:04.000Z","volume":2000,"label":"X","price":15.31},{"type":"B","date":"2018-04-03T01:43:04.000Z","volume":26000,"label":" ","price":15.3},{"type":"B","date":"2018-04-03T01:43:04.000Z","volume":4000,"label":" ","price":15.3},{"type":"A","date":"2018-04-03T01:43:08.000Z","volume":2000,"label":" ","price":15.32},{"type":"A","date":"2018-04-03T01:43:09.000Z","volume":8000,"label":" ","price":15.32},{"type":"B","date":"2018-04-03T01:43:09.000Z","volume":2000,"label":" ","price":15.3},{"type":"B","date":"2018-04-03T01:43:09.000Z","volume":2000,"label":" ","price":15.3},{"type":"A","date":"2018-04-03T01:43:09.000Z","volume":12000,"label":" ","price":15.32},{"type":"A","date":"2018-04-03T01:43:10.000Z","volume":26000,"label":"Y","price":15.34},{"type":"B","date":"2018-04-03T01:43:10.000Z","volume":6000,"label":" ","price":15.3},{"type":"B","date":"2018-04-03T01:43:11.000Z","volume":2000,"label":" ","price":15.32},{"type":"U","date":"2018-04-03T01:43:11.000Z","volume":2000,"label":"X","price":15.33},{"type":"A","date":"2018-04-03T01:43:13.000Z","volume":2000,"label":" ","price":15.34},{"type":"A","date":"2018-04-03T01:43:13.000Z","volume":10000,"label":"Y","price":15.34},{"type":"B","date":"2018-04-03T01:43:13.000Z","volume":2000,"label":" ","price":15.32},{"type":"A","date":"2018-04-03T01:43:14.000Z","volume":4000,"label":" ","price":15.34},{"type":"B","date":"2018-04-03T01:43:14.000Z","volume":4000,"label":" ","price":15.32},{"type":"B","date":"2018-04-03T01:43:14.000Z","volume":2000,"label":" ","price":15.32},{"type":"B","date":"2018-04-03T01:43:20.000Z","volume":50000,"label":" ","price":15.32},{"type":"B","date":"2018-04-03T01:43:20.000Z","volume":4000,"label":"Y","price":15.32},{"type":"B","date":"2018-04-03T01:43:20.000Z","volume":8000,"label":" ","price":15.32},{"type":"B","date":"2018-04-03T01:43:20.000Z","volume":2000,"label":" ","price":15.32},{"type":"U","date":"2018-04-03T01:43:24.000Z","volume":2000,"label":"X","price":15.33},{"type":"A","date":"2018-04-03T01:43:27.000Z","volume":4000,"label":" ","price":15.34},{"type":"U","date":"2018-04-03T01:43:30.000Z","volume":2000,"label":"X","price":15.33},{"type":"U","date":"2018-04-03T01:43:30.000Z","volume":10000,"label":"X","price":15.33},{"type":"B","date":"2018-04-03T01:43:30.000Z","volume":2000,"label":" ","price":15.32},{"type":"B","date":"2018-04-03T01:43:31.000Z","volume":40000,"label":" ","price":15.32},{"type":"B","date":"2018-04-03T01:43:38.000Z","volume":10000,"label":" ","price":15.32},{"type":"B","date":"2018-04-03T01:43:40.000Z","volume":22000,"label":" ","price":15.32},{"type":"B","date":"2018-04-03T01:43:40.000Z","volume":8000,"label":" ","price":15.3},{"type":"B","date":"2018-04-03T01:43:40.000Z","volume":4000,"label":" ","price":15.3},{"type":"B","date":"2018-04-03T01:43:40.000Z","volume":2000,"label":" ","price":15.3},{"type":"B","date":"2018-04-03T01:43:40.000Z","volume":2000,"label":" ","price":15.3},{"type":"B","date":"2018-04-03T01:43:42.000Z","volume":4000,"label":" ","price":15.3},{"type":"B","date":"2018-04-03T01:43:44.000Z","volume":52000,"label":" ","price":15.3},{"type":"B","date":"2018-04-03T01:43:44.000Z","volume":12000,"label":" ","price":15.28},{"type":"B","date":"2018-04-03T01:43:44.000Z","volume":4000,"label":" ","price":15.28},{"type":"B","date":"2018-04-03T01:43:47.000Z","volume":36000,"label":" ","price":15.3},{"type":"B","date":"2018-04-03T01:43:47.000Z","volume":24000,"label":" ","price":15.3},{"type":"A","date":"2018-04-03T01:43:47.000Z","volume":2000,"label":" ","price":15.3},{"type":"B","date":"2018-04-03T01:43:47.000Z","volume":14000,"label":" ","price":15.28},{"type":"B","date":"2018-04-03T01:43:47.000Z","volume":12000,"label":" ","price":15.28},{"type":"B","date":"2018-04-03T01:43:47.000Z","volume":6000,"label":" ","price":15.28},{"type":"B","date":"2018-04-03T01:43:47.000Z","volume":40000,"label":" ","price":15.28},{"type":"B","date":"2018-04-03T01:43:47.000Z","volume":4000,"label":" ","price":15.26},{"type":"B","date":"2018-04-03T01:43:47.000Z","volume":2000,"label":" ","price":15.2},{"type":"B","date":"2018-04-03T01:43:47.000Z","volume":4000,"label":" ","price":15.26},{"type":"B","date":"2018-04-03T01:43:48.000Z","volume":10000,"label":" ","price":15.2},{"type":"B","date":"2018-04-03T01:43:48.000Z","volume":4000,"label":" ","price":15.2},{"type":"A","date":"2018-04-03T01:43:48.000Z","volume":2000,"label":" ","price":15.26},{"type":"U","date":"2018-04-03T01:43:54.000Z","volume":2000,"label":"X","price":15.25},{"type":"B","date":"2018-04-03T01:44:14.000Z","volume":68000,"label":" ","price":15.22},{"type":"B","date":"2018-04-03T01:44:14.000Z","volume":2000,"label":" ","price":15.2},{"type":"B","date":"2018-04-03T01:44:14.000Z","volume":12000,"label":" ","price":15.2},{"type":"B","date":"2018-04-03T01:44:14.000Z","volume":2000,"label":" ","price":15.22},{"type":"B","date":"2018-04-03T01:44:14.000Z","volume":4000,"label":" ","price":15.2},{"type":"B","date":"2018-04-03T01:44:14.000Z","volume":4000,"label":" ","price":15.2},{"type":"B","date":"2018-04-03T01:44:14.000Z","volume":2000,"label":" ","price":15.2},{"type":"U","date":"2018-04-03T01:44:14.000Z","volume":2000,"label":"X","price":15.21},{"type":"U","date":"2018-04-03T01:44:14.000Z","volume":2000,"label":"X","price":15.21},{"type":"A","date":"2018-04-03T01:44:14.000Z","volume":4000,"label":" ","price":15.22},{"type":"A","date":"2018-04-03T01:44:15.000Z","volume":32000,"label":" ","price":15.22},{"type":"A","date":"2018-04-03T01:44:15.000Z","volume":2000,"label":" ","price":15.28},{"type":"U","date":"2018-04-03T01:44:19.000Z","volume":2000,"label":"X","price":15.23},{"type":"A","date":"2018-04-03T01:44:39.000Z","volume":2000,"label":" ","price":15.26},{"type":"A","date":"2018-04-03T01:44:40.000Z","volume":44000,"label":" ","price":15.26},{"type":"A","date":"2018-04-03T01:44:40.000Z","volume":12000,"label":" ","price":15.26},{"type":"A","date":"2018-04-03T01:44:40.000Z","volume":4000,"label":" ","price":15.26},{"type":"U","date":"2018-04-03T01:44:41.000Z","volume":2000,"label":"X","price":15.27},{"type":"A","date":"2018-04-03T01:44:42.000Z","volume":4000,"label":" ","price":15.28},{"type":"A","date":"2018-04-03T01:44:42.000Z","volume":2000,"label":" ","price":15.28},{"type":"A","date":"2018-04-03T01:44:43.000Z","volume":14000,"label":" ","price":15.28},{"type":"B","date":"2018-04-03T01:44:43.000Z","volume":4000,"label":" ","price":15.28},{"type":"A","date":"2018-04-03T01:44:44.000Z","volume":2000,"label":" ","price":15.3},{"type":"A","date":"2018-04-03T01:44:45.000Z","volume":4000,"label":" ","price":15.3},{"type":"A","date":"2018-04-03T01:45:00.000Z","volume":96000,"label":" ","price":15.3},{"type":"A","date":"2018-04-03T01:45:00.000Z","volume":2000,"label":" ","price":15.3},{"type":"B","date":"2018-04-03T01:45:00.000Z","volume":4000,"label":"Y","price":15.28},{"type":"B","date":"2018-04-03T01:45:00.000Z","volume":2000,"label":" ","price":15.28},{"type":"A","date":"2018-04-03T01:45:00.000Z","volume":4000,"label":" ","price":15.3},{"type":"B","date":"2018-04-03T01:45:00.000Z","volume":2000,"label":" ","price":15.28},{"type":"B","date":"2018-04-03T01:45:01.000Z","volume":12000,"label":" ","price":15.28},{"type":"B","date":"2018-04-03T01:45:01.000Z","volume":4000,"label":" ","price":15.28},{"type":"B","date":"2018-04-03T01:45:01.000Z","volume":2000,"label":" ","price":15.28},{"type":"A","date":"2018-04-03T01:45:01.000Z","volume":12000,"label":" ","price":15.3},{"type":"B","date":"2018-04-03T01:45:01.000Z","volume":2000,"label":" ","price":15.28},{"type":"B","date":"2018-04-03T01:45:01.000Z","volume":2000,"label":"Y","price":15.28},{"type":"B","date":"2018-04-03T01:45:02.000Z","volume":4000,"label":" ","price":15.28},{"type":"A","date":"2018-04-03T01:45:02.000Z","volume":8000,"label":" ","price":15.3},{"type":"U","date":"2018-04-03T01:45:02.000Z","volume":2000,"label":"X","price":15.29},{"type":"B","date":"2018-04-03T01:45:04.000Z","volume":60000,"label":" ","price":15.28},{"type":"B","date":"2018-04-03T01:45:04.000Z","volume":8000,"label":" ","price":15.26},{"type":"B","date":"2018-04-03T01:45:04.000Z","volume":4000,"label":" ","price":15.22},{"type":"B","date":"2018-04-03T01:45:04.000Z","volume":2000,"label":" ","price":15.28},{"type":"B","date":"2018-04-03T01:45:04.000Z","volume":4000,"label":" ","price":15.22},{"type":"B","date":"2018-04-03T01:45:04.000Z","volume":4000,"label":" ","price":15.22},{"type":"B","date":"2018-04-03T01:45:04.000Z","volume":2000,"label":" ","price":15.2},{"type":"B","date":"2018-04-03T01:45:04.000Z","volume":4000,"label":" ","price":15.2},{"type":"B","date":"2018-04-03T01:45:04.000Z","volume":2000,"label":" ","price":15.2},{"type":"B","date":"2018-04-03T01:45:04.000Z","volume":2000,"label":" ","price":15.18},{"type":"B","date":"2018-04-03T01:45:04.000Z","volume":2000,"label":" ","price":15.26},{"type":"B","date":"2018-04-03T01:45:04.000Z","volume":2000,"label":" ","price":15.18},{"type":"A","date":"2018-04-03T01:45:16.000Z","volume":2000,"label":" ","price":15.22},{"type":"B","date":"2018-04-03T01:45:18.000Z","volume":2000,"label":" ","price":15.2},{"type":"B","date":"2018-04-03T01:45:18.000Z","volume":2000,"label":" ","price":15.2},{"type":"B","date":"2018-04-03T01:45:18.000Z","volume":2000,"label":"Y","price":15.2},{"type":"U","date":"2018-04-03T01:45:25.000Z","volume":2000,"label":"X","price":15.21},{"type":"U","date":"2018-04-03T01:45:25.000Z","volume":8000,"label":"X","price":15.21},{"type":"B","date":"2018-04-03T01:45:27.000Z","volume":14000,"label":" ","price":15.2},{"type":"B","date":"2018-04-03T01:45:27.000Z","volume":2000,"label":" ","price":15.18},{"type":"B","date":"2018-04-03T01:45:32.000Z","volume":2000,"label":" ","price":15.18},{"type":"A","date":"2018-04-03T01:45:32.000Z","volume":2000,"label":" ","price":15.18},{"type":"U","date":"2018-04-03T01:45:46.000Z","volume":10000,"label":"X","price":15.18},{"type":"A","date":"2018-04-03T01:45:49.000Z","volume":2000,"label":" ","price":15.2},{"type":"A","date":"2018-04-03T01:45:51.000Z","volume":2000,"label":" ","price":15.2},{"type":"U","date":"2018-04-03T01:45:57.000Z","volume":2000,"label":"X","price":15.19},{"type":"U","date":"2018-04-03T01:45:57.000Z","volume":2000,"label":"X","price":15.19},{"type":"U","date":"2018-04-03T01:46:07.000Z","volume":2000,"label":"X","price":15.19},{"type":"B","date":"2018-04-03T01:46:24.000Z","volume":6000,"label":" ","price":15.18},{"type":"A","date":"2018-04-03T01:46:24.000Z","volume":2000,"label":" ","price":15.2},{"type":"B","date":"2018-04-03T01:46:25.000Z","volume":8000,"label":" ","price":15.18},{"type":"U","date":"2018-04-03T01:46:29.000Z","volume":2000,"label":"X","price":15.19},{"type":"A","date":"2018-04-03T01:46:42.000Z","volume":2000,"label":" ","price":15.2},{"type":"A","date":"2018-04-03T01:47:02.000Z","volume":2000,"label":" ","price":15.2},{"type":"A","date":"2018-04-03T01:47:12.000Z","volume":2000,"label":" ","price":15.2},{"type":"A","date":"2018-04-03T01:47:22.000Z","volume":2000,"label":" ","price":15.2},{"type":"A","date":"2018-04-03T01:47:29.000Z","volume":2000,"label":" ","price":15.2},{"type":"A","date":"2018-04-03T01:47:38.000Z","volume":2000,"label":" ","price":15.2},{"type":"A","date":"2018-04-03T01:47:40.000Z","volume":58000,"label":" ","price":15.2},{"type":"B","date":"2018-04-03T01:47:41.000Z","volume":10000,"label":" ","price":15.18},{"type":"U","date":"2018-04-03T01:47:44.000Z","volume":4000,"label":"X","price":15.2},{"type":"A","date":"2018-04-03T01:47:44.000Z","volume":2000,"label":" ","price":15.22},{"type":"A","date":"2018-04-03T01:47:47.000Z","volume":4000,"label":" ","price":15.2},{"type":"U","date":"2018-04-03T01:47:52.000Z","volume":2000,"label":"X","price":15.19},{"type":"A","date":"2018-04-03T01:47:52.000Z","volume":2000,"label":" ","price":15.2},{"type":"A","date":"2018-04-03T01:47:52.000Z","volume":24000,"label":" ","price":15.2},{"type":"A","date":"2018-04-03T01:47:59.000Z","volume":2000,"label":" ","price":15.2},{"type":"A","date":"2018-04-03T01:48:00.000Z","volume":72000,"label":"Y","price":15.2},{"type":"A","date":"2018-04-03T01:48:00.000Z","volume":38000,"label":" ","price":15.2},{"type":"A","date":"2018-04-03T01:48:00.000Z","volume":10000,"label":" ","price":15.22},{"type":"A","date":"2018-04-03T01:48:00.000Z","volume":10000,"label":" ","price":15.2},{"type":"A","date":"2018-04-03T01:48:00.000Z","volume":2000,"label":" ","price":15.2},{"type":"A","date":"2018-04-03T01:48:02.000Z","volume":2000,"label":" ","price":15.2},{"type":"A","date":"2018-04-03T01:48:04.000Z","volume":2000,"label":"Y","price":15.2},{"type":"A","date":"2018-04-03T01:48:04.000Z","volume":2000,"label":" ","price":15.2},{"type":"U","date":"2018-04-03T01:48:11.000Z","volume":2000,"label":"X","price":15.19},{"type":"A","date":"2018-04-03T01:48:14.000Z","volume":2000,"label":" ","price":15.2},{"type":"A","date":"2018-04-03T01:48:14.000Z","volume":2000,"label":" ","price":15.2},{"type":"A","date":"2018-04-03T01:48:26.000Z","volume":2000,"label":" ","price":15.2},{"type":"A","date":"2018-04-03T01:48:27.000Z","volume":2000,"label":" ","price":15.2},{"type":"B","date":"2018-04-03T01:48:28.000Z","volume":2000,"label":" ","price":15.18},{"type":"U","date":"2018-04-03T01:48:32.000Z","volume":8000,"label":"X","price":15.2},{"type":"A","date":"2018-04-03T01:48:41.000Z","volume":2000,"label":" ","price":15.2},{"type":"A","date":"2018-04-03T01:48:45.000Z","volume":4000,"label":" ","price":15.2},{"type":"A","date":"2018-04-03T01:48:48.000Z","volume":2000,"label":" ","price":15.2},{"type":"A","date":"2018-04-03T01:48:48.000Z","volume":2000,"label":"Y","price":15.2},{"type":"A","date":"2018-04-03T01:49:15.000Z","volume":2000,"label":" ","price":15.22},{"type":"B","date":"2018-04-03T01:49:18.000Z","volume":10000,"label":"Y","price":15.18},{"type":"B","date":"2018-04-03T01:49:18.000Z","volume":30000,"label":" ","price":15.18},{"type":"U","date":"2018-04-03T01:49:19.000Z","volume":16000,"label":" ","price":15.2},{"type":"U","date":"2018-04-03T01:49:19.000Z","volume":4000,"label":" ","price":15.2},{"type":"U","date":"2018-04-03T01:49:23.000Z","volume":948,"label":"D","price":15.1},{"type":"U","date":"2018-04-03T01:49:27.000Z","volume":2000,"label":"X","price":15.2},{"type":"A","date":"2018-04-03T01:49:28.000Z","volume":2000,"label":" ","price":15.22},{"type":"B","date":"2018-04-03T01:49:33.000Z","volume":4000,"label":" ","price":15.2},{"type":"B","date":"2018-04-03T01:49:33.000Z","volume":2000,"label":" ","price":15.2},{"type":"B","date":"2018-04-03T01:49:34.000Z","volume":2000,"label":" ","price":15.2},{"type":"B","date":"2018-04-03T01:49:34.000Z","volume":4000,"label":" ","price":15.18},{"type":"B","date":"2018-04-03T01:49:34.000Z","volume":2000,"label":" ","price":15.2},{"type":"U","date":"2018-04-03T01:49:53.000Z","volume":2000,"label":"X","price":15.18},{"type":"A","date":"2018-04-03T01:50:00.000Z","volume":4000,"label":" ","price":15.2},{"type":"A","date":"2018-04-03T01:50:00.000Z","volume":8000,"label":" ","price":15.2},{"type":"A","date":"2018-04-03T01:50:00.000Z","volume":12000,"label":" ","price":15.2},{"type":"A","date":"2018-04-03T01:50:00.000Z","volume":4000,"label":" ","price":15.2},{"type":"A","date":"2018-04-03T01:50:00.000Z","volume":2000,"label":" ","price":15.2},{"type":"A","date":"2018-04-03T01:50:00.000Z","volume":2000,"label":" ","price":15.2},{"type":"A","date":"2018-04-03T01:50:00.000Z","volume":2000,"label":" ","price":15.2},{"type":"U","date":"2018-04-03T01:50:03.000Z","volume":6000,"label":"X","price":15.21},{"type":"U","date":"2018-04-03T01:50:08.000Z","volume":2000,"label":"X","price":15.21},{"type":"B","date":"2018-04-03T01:50:20.000Z","volume":68000,"label":" ","price":15.2},{"type":"B","date":"2018-04-03T01:50:20.000Z","volume":2000,"label":" ","price":15.2},{"type":"U","date":"2018-04-03T01:50:27.000Z","volume":2000,"label":"X","price":15.2},{"type":"U","date":"2018-04-03T01:50:27.000Z","volume":2000,"label":"X","price":15.2},{"type":"U","date":"2018-04-03T01:50:57.000Z","volume":6000,"label":" ","price":15.2},{"type":"A","date":"2018-04-03T01:51:19.000Z","volume":6000,"label":" ","price":15.22},{"type":"B","date":"2018-04-03T01:51:26.000Z","volume":20000,"label":" ","price":15.2},{"type":"A","date":"2018-04-03T01:51:27.000Z","volume":8000,"label":"Y","price":15.22},{"type":"B","date":"2018-04-03T01:51:27.000Z","volume":4000,"label":" ","price":15.2},{"type":"A","date":"2018-04-03T01:51:31.000Z","volume":4000,"label":"Y","price":15.22},{"type":"A","date":"2018-04-03T01:51:37.000Z","volume":4000,"label":"Y","price":15.22},{"type":"A","date":"2018-04-03T01:51:37.000Z","volume":104000,"label":" ","price":15.22},{"type":"A","date":"2018-04-03T01:51:37.000Z","volume":24000,"label":" ","price":15.22},{"type":"A","date":"2018-04-03T01:51:47.000Z","volume":10000,"label":" ","price":15.24},{"type":"A","date":"2018-04-03T01:51:47.000Z","volume":8000,"label":" ","price":15.24},{"type":"A","date":"2018-04-03T01:51:47.000Z","volume":2000,"label":"Y","price":15.24},{"type":"A","date":"2018-04-03T01:51:47.000Z","volume":2000,"label":" ","price":15.24},{"type":"A","date":"2018-04-03T01:51:50.000Z","volume":144000,"label":" ","price":15.26},{"type":"B","date":"2018-04-03T01:51:50.000Z","volume":8000,"label":" ","price":15.26},{"type":"B","date":"2018-04-03T01:51:50.000Z","volume":18000,"label":" ","price":15.26},{"type":"A","date":"2018-04-03T01:51:51.000Z","volume":46000,"label":" ","price":15.28},{"type":"B","date":"2018-04-03T01:51:52.000Z","volume":2000,"label":" ","price":15.26},{"type":"A","date":"2018-04-03T01:51:55.000Z","volume":2000,"label":" ","price":15.28},{"type":"A","date":"2018-04-03T01:51:55.000Z","volume":2000,"label":" ","price":15.28},{"type":"A","date":"2018-04-03T01:51:55.000Z","volume":2000,"label":" ","price":15.28},{"type":"A","date":"2018-04-03T01:51:57.000Z","volume":2000,"label":" ","price":15.28},{"type":"A","date":"2018-04-03T01:51:57.000Z","volume":2000,"label":" ","price":15.28},{"type":"A","date":"2018-04-03T01:51:57.000Z","volume":10000,"label":" ","price":15.28},{"type":"A","date":"2018-04-03T01:51:57.000Z","volume":2000,"label":" ","price":15.28},{"type":"A","date":"2018-04-03T01:51:58.000Z","volume":26000,"label":" ","price":15.28},{"type":"A","date":"2018-04-03T01:51:58.000Z","volume":86000,"label":" ","price":15.28},{"type":"B","date":"2018-04-03T01:51:58.000Z","volume":8000,"label":" ","price":15.28},{"type":"B","date":"2018-04-03T01:51:58.000Z","volume":18000,"label":" ","price":15.28},{"type":"A","date":"2018-04-03T01:51:58.000Z","volume":2000,"label":" ","price":15.3},{"type":"A","date":"2018-04-03T01:51:58.000Z","volume":44000,"label":" ","price":15.3},{"type":"A","date":"2018-04-03T01:52:03.000Z","volume":2000,"label":" ","price":15.34},{"type":"A","date":"2018-04-03T01:52:03.000Z","volume":4000,"label":" ","price":15.34},{"type":"U","date":"2018-04-03T01:52:09.000Z","volume":10000,"label":" ","price":15.34},{"type":"A","date":"2018-04-03T01:52:14.000Z","volume":10000,"label":"Y","price":15.36},{"type":"U","date":"2018-04-03T01:52:24.000Z","volume":4000,"label":"X","price":15.35},{"type":"U","date":"2018-04-03T01:52:30.000Z","volume":2000,"label":"X","price":15.35},{"type":"A","date":"2018-04-03T01:52:31.000Z","volume":10000,"label":" ","price":15.36},{"type":"A","date":"2018-04-03T01:52:35.000Z","volume":2000,"label":" ","price":15.36},{"type":"A","date":"2018-04-03T01:52:35.000Z","volume":2000,"label":" ","price":15.36},{"type":"A","date":"2018-04-03T01:52:35.000Z","volume":2000,"label":" ","price":15.36},{"type":"A","date":"2018-04-03T01:52:35.000Z","volume":2000,"label":" ","price":15.36},{"type":"A","date":"2018-04-03T01:52:35.000Z","volume":2000,"label":" ","price":15.36},{"type":"A","date":"2018-04-03T01:52:35.000Z","volume":2000,"label":" ","price":15.36},{"type":"A","date":"2018-04-03T01:52:35.000Z","volume":12000,"label":" ","price":15.36},{"type":"A","date":"2018-04-03T01:52:35.000Z","volume":18000,"label":" ","price":15.36},{"type":"U","date":"2018-04-03T01:52:35.000Z","volume":4000,"label":" ","price":15.36},{"type":"A","date":"2018-04-03T01:52:45.000Z","volume":2000,"label":" ","price":15.38},{"type":"A","date":"2018-04-03T01:52:48.000Z","volume":32000,"label":" ","price":15.38},{"type":"A","date":"2018-04-03T01:52:48.000Z","volume":8000,"label":" ","price":15.4},{"type":"A","date":"2018-04-03T01:52:48.000Z","volume":10000,"label":" ","price":15.38},{"type":"U","date":"2018-04-03T01:52:48.000Z","volume":2000,"label":" ","price":15.38},{"type":"U","date":"2018-04-03T01:52:48.000Z","volume":8000,"label":" ","price":15.38},{"type":"A","date":"2018-04-03T01:52:52.000Z","volume":26000,"label":" ","price":15.4},{"type":"U","date":"2018-04-03T01:52:52.000Z","volume":8000,"label":" ","price":15.4},{"type":"A","date":"2018-04-03T01:52:53.000Z","volume":6000,"label":" ","price":15.4},{"type":"A","date":"2018-04-03T01:52:53.000Z","volume":2000,"label":" ","price":15.4},{"type":"A","date":"2018-04-03T01:52:54.000Z","volume":12000,"label":" ","price":15.4},{"type":"A","date":"2018-04-03T01:52:54.000Z","volume":2000,"label":" ","price":15.42},{"type":"U","date":"2018-04-03T01:53:05.000Z","volume":2000,"label":"X","price":15.286},{"type":"B","date":"2018-04-03T01:53:05.000Z","volume":4000,"label":" ","price":15.38},{"type":"B","date":"2018-04-03T01:53:05.000Z","volume":6000,"label":" ","price":15.38},{"type":"U","date":"2018-04-03T01:53:09.000Z","volume":4000,"label":" ","price":15.4},{"type":"A","date":"2018-04-03T01:53:16.000Z","volume":4000,"label":" ","price":15.4},{"type":"A","date":"2018-04-03T01:53:16.000Z","volume":2000,"label":" ","price":15.4},{"type":"A","date":"2018-04-03T01:53:20.000Z","volume":2000,"label":" ","price":15.42},{"type":"A","date":"2018-04-03T01:53:21.000Z","volume":14000,"label":" ","price":15.42},{"type":"U","date":"2018-04-03T01:53:21.000Z","volume":12000,"label":" ","price":15.4},{"type":"A","date":"2018-04-03T01:53:21.000Z","volume":2000,"label":" ","price":15.42},{"type":"A","date":"2018-04-03T01:53:36.000Z","volume":2000,"label":" ","price":15.42},{"type":"U","date":"2018-04-03T01:53:37.000Z","volume":2000,"label":"X","price":15.41},{"type":"U","date":"2018-04-03T01:53:43.000Z","volume":2000,"label":"X","price":15.41},{"type":"B","date":"2018-04-03T01:53:45.000Z","volume":2000,"label":" ","price":15.4},{"type":"B","date":"2018-04-03T01:53:45.000Z","volume":88000,"label":" ","price":15.4},{"type":"B","date":"2018-04-03T01:53:45.000Z","volume":60000,"label":" ","price":15.38},{"type":"B","date":"2018-04-03T01:53:45.000Z","volume":2000,"label":" ","price":15.4},{"type":"B","date":"2018-04-03T01:53:45.000Z","volume":2000,"label":" ","price":15.4},{"type":"A","date":"2018-04-03T01:53:45.000Z","volume":10000,"label":" ","price":15.4},{"type":"A","date":"2018-04-03T01:53:56.000Z","volume":2000,"label":" ","price":15.38},{"type":"U","date":"2018-04-03T01:54:06.000Z","volume":8000,"label":"X","price":15.36},{"type":"U","date":"2018-04-03T01:54:12.000Z","volume":2000,"label":" ","price":15.36},{"type":"B","date":"2018-04-03T01:54:17.000Z","volume":8000,"label":" ","price":15.34},{"type":"A","date":"2018-04-03T01:54:19.000Z","volume":2000,"label":" ","price":15.38},{"type":"B","date":"2018-04-03T01:54:21.000Z","volume":4000,"label":" ","price":15.34},{"type":"A","date":"2018-04-03T01:54:26.000Z","volume":4000,"label":" ","price":15.36},{"type":"U","date":"2018-04-03T01:54:28.000Z","volume":2000,"label":"X","price":15.35},{"type":"B","date":"2018-04-03T01:54:35.000Z","volume":50000,"label":" ","price":15.34},{"type":"B","date":"2018-04-03T01:54:35.000Z","volume":2000,"label":" ","price":15.34},{"type":"U","date":"2018-04-03T01:54:36.000Z","volume":8000,"label":" ","price":15.34},{"type":"B","date":"2018-04-03T01:54:36.000Z","volume":2000,"label":" ","price":15.34},{"type":"B","date":"2018-04-03T01:54:39.000Z","volume":14000,"label":" ","price":15.34},{"type":"B","date":"2018-04-03T01:54:42.000Z","volume":4000,"label":" ","price":15.32},{"type":"U","date":"2018-04-03T01:54:47.000Z","volume":12000,"label":"X","price":15.34},{"type":"U","date":"2018-04-03T01:54:52.000Z","volume":2000,"label":"X","price":15.33},{"type":"B","date":"2018-04-03T01:54:55.000Z","volume":24000,"label":" ","price":15.32},{"type":"B","date":"2018-04-03T01:54:55.000Z","volume":2000,"label":" ","price":15.3},{"type":"B","date":"2018-04-03T01:54:55.000Z","volume":2000,"label":" ","price":15.3},{"type":"B","date":"2018-04-03T01:54:55.000Z","volume":2000,"label":" ","price":15.3},{"type":"A","date":"2018-04-03T01:54:56.000Z","volume":4000,"label":" ","price":15.32},{"type":"B","date":"2018-04-03T01:54:57.000Z","volume":2000,"label":" ","price":15.3},{"type":"B","date":"2018-04-03T01:54:57.000Z","volume":2000,"label":" ","price":15.28},{"type":"B","date":"2018-04-03T01:54:58.000Z","volume":6000,"label":" ","price":15.28},{"type":"B","date":"2018-04-03T01:54:59.000Z","volume":4000,"label":"Y","price":15.22},{"type":"B","date":"2018-04-03T01:54:59.000Z","volume":2000,"label":" ","price":15.22},{"type":"A","date":"2018-04-03T01:55:20.000Z","volume":26000,"label":" ","price":15.28},{"type":"A","date":"2018-04-03T01:55:20.000Z","volume":8000,"label":" ","price":15.28},{"type":"A","date":"2018-04-03T01:55:20.000Z","volume":8000,"label":" ","price":15.28},{"type":"U","date":"2018-04-03T01:55:25.000Z","volume":2000,"label":"X","price":15.31},{"type":"U","date":"2018-04-03T01:55:38.000Z","volume":2000,"label":"X","price":15.31},{"type":"A","date":"2018-04-03T01:56:00.000Z","volume":2000,"label":" ","price":15.32},{"type":"B","date":"2018-04-03T01:56:05.000Z","volume":2000,"label":" ","price":15.3},{"type":"B","date":"2018-04-03T01:56:13.000Z","volume":4000,"label":" ","price":15.3},{"type":"B","date":"2018-04-03T01:56:13.000Z","volume":8000,"label":" ","price":15.3},{"type":"B","date":"2018-04-03T01:56:13.000Z","volume":2000,"label":" ","price":15.3},{"type":"B","date":"2018-04-03T01:56:13.000Z","volume":2000,"label":" ","price":15.3},{"type":"U","date":"2018-04-03T01:56:17.000Z","volume":2000,"label":"X","price":15.3},{"type":"B","date":"2018-04-03T01:56:41.000Z","volume":10000,"label":" ","price":15.28},{"type":"U","date":"2018-04-03T01:56:45.000Z","volume":2000,"label":"X","price":15.29},{"type":"B","date":"2018-04-03T01:57:09.000Z","volume":2000,"label":" ","price":15.28},{"type":"B","date":"2018-04-03T01:57:09.000Z","volume":4000,"label":" ","price":15.28},{"type":"A","date":"2018-04-03T01:57:09.000Z","volume":4000,"label":" ","price":15.3},{"type":"B","date":"2018-04-03T01:57:09.000Z","volume":8000,"label":" ","price":15.28},{"type":"B","date":"2018-04-03T01:57:09.000Z","volume":2000,"label":"Y","price":15.28},{"type":"U","date":"2018-04-03T01:57:17.000Z","volume":2000,"label":"X","price":15.28},{"type":"B","date":"2018-04-03T01:57:18.000Z","volume":12000,"label":" ","price":15.28},{"type":"B","date":"2018-04-03T01:57:18.000Z","volume":2000,"label":" ","price":15.28},{"type":"B","date":"2018-04-03T01:57:18.000Z","volume":4000,"label":" ","price":15.26},{"type":"B","date":"2018-04-03T01:57:18.000Z","volume":2000,"label":" ","price":15.28},{"type":"B","date":"2018-04-03T01:57:18.000Z","volume":2000,"label":" ","price":15.26},{"type":"U","date":"2018-04-03T01:57:18.000Z","volume":4000,"label":" ","price":15.28},{"type":"B","date":"2018-04-03T01:57:18.000Z","volume":2000,"label":" ","price":15.26},{"type":"B","date":"2018-04-03T01:57:18.000Z","volume":2000,"label":" ","price":15.26},{"type":"B","date":"2018-04-03T01:57:19.000Z","volume":2000,"label":" ","price":15.26},{"type":"U","date":"2018-04-03T01:57:34.000Z","volume":2000,"label":" ","price":15.26},{"type":"U","date":"2018-04-03T01:57:34.000Z","volume":2000,"label":" ","price":15.26},{"type":"B","date":"2018-04-03T01:57:35.000Z","volume":2000,"label":" ","price":15.26},{"type":"A","date":"2018-04-03T01:57:57.000Z","volume":2000,"label":" ","price":15.28},{"type":"A","date":"2018-04-03T01:57:57.000Z","volume":2000,"label":" ","price":15.28},{"type":"A","date":"2018-04-03T01:57:57.000Z","volume":2000,"label":" ","price":15.28},{"type":"A","date":"2018-04-03T01:57:57.000Z","volume":2000,"label":" ","price":15.28},{"type":"A","date":"2018-04-03T01:57:57.000Z","volume":2000,"label":" ","price":15.28},{"type":"A","date":"2018-04-03T01:57:57.000Z","volume":2000,"label":" ","price":15.28},{"type":"A","date":"2018-04-03T01:57:57.000Z","volume":2000,"label":" ","price":15.28},{"type":"A","date":"2018-04-03T01:57:57.000Z","volume":2000,"label":" ","price":15.28},{"type":"A","date":"2018-04-03T01:57:57.000Z","volume":2000,"label":" ","price":15.28},{"type":"A","date":"2018-04-03T01:57:57.000Z","volume":2000,"label":" ","price":15.28},{"type":"A","date":"2018-04-03T01:57:57.000Z","volume":2000,"label":" ","price":15.28},{"type":"A","date":"2018-04-03T01:57:57.000Z","volume":2000,"label":" ","price":15.28},{"type":"A","date":"2018-04-03T01:57:57.000Z","volume":4000,"label":" ","price":15.28},{"type":"B","date":"2018-04-03T01:57:57.000Z","volume":2000,"label":" ","price":15.24},{"type":"U","date":"2018-04-03T01:57:58.000Z","volume":8000,"label":" ","price":15.26},{"type":"B","date":"2018-04-03T01:57:58.000Z","volume":2000,"label":"Y","price":15.24},{"type":"U","date":"2018-04-03T01:58:07.000Z","volume":2000,"label":"X","price":15.28},{"type":"U","date":"2018-04-03T01:58:18.000Z","volume":2000,"label":"X","price":15.28},{"type":"U","date":"2018-04-03T01:58:30.000Z","volume":2000,"label":" ","price":15.28},{"type":"A","date":"2018-04-03T01:58:42.000Z","volume":2000,"label":" ","price":15.3},{"type":"B","date":"2018-04-03T01:58:54.000Z","volume":2000,"label":" ","price":15.28},{"type":"B","date":"2018-04-03T01:58:58.000Z","volume":6000,"label":" ","price":15.28},{"type":"B","date":"2018-04-03T01:58:58.000Z","volume":4000,"label":" ","price":15.28},{"type":"U","date":"2018-04-03T01:59:03.000Z","volume":2000,"label":"X","price":15.29},{"type":"A","date":"2018-04-03T01:59:06.000Z","volume":10000,"label":" ","price":15.3},{"type":"U","date":"2018-04-03T01:59:06.000Z","volume":2000,"label":" ","price":15.3},{"type":"A","date":"2018-04-03T01:59:22.000Z","volume":2000,"label":" ","price":15.32},{"type":"A","date":"2018-04-03T01:59:22.000Z","volume":14000,"label":" ","price":15.32},{"type":"B","date":"2018-04-03T01:59:24.000Z","volume":2000,"label":" ","price":15.32},{"type":"B","date":"2018-04-03T01:59:26.000Z","volume":2000,"label":" ","price":15.32},{"type":"U","date":"2018-04-03T01:59:29.000Z","volume":2000,"label":"X","price":15.33},{"type":"A","date":"2018-04-03T01:59:52.000Z","volume":2000,"label":" ","price":15.34},{"type":"B","date":"2018-04-03T01:59:57.000Z","volume":10000,"label":" ","price":15.32},{"type":"B","date":"2018-04-03T02:00:04.000Z","volume":2000,"label":" ","price":15.32},{"type":"U","date":"2018-04-03T02:00:06.000Z","volume":4000,"label":"X","price":15.33},{"type":"B","date":"2018-04-03T02:00:15.000Z","volume":46000,"label":" ","price":15.32},{"type":"B","date":"2018-04-03T02:00:15.000Z","volume":2000,"label":" ","price":15.3},{"type":"B","date":"2018-04-03T02:00:15.000Z","volume":8000,"label":" ","price":15.32},{"type":"B","date":"2018-04-03T02:00:15.000Z","volume":2000,"label":" ","price":15.3},{"type":"B","date":"2018-04-03T02:00:17.000Z","volume":6000,"label":" ","price":15.3},{"type":"B","date":"2018-04-03T02:00:17.000Z","volume":2000,"label":" ","price":15.28},{"type":"U","date":"2018-04-03T02:00:27.000Z","volume":2000,"label":"X","price":15.3},{"type":"U","date":"2018-04-03T02:00:46.000Z","volume":2000,"label":"X","price":15.3},{"type":"B","date":"2018-04-03T02:00:54.000Z","volume":2000,"label":" ","price":15.28},{"type":"A","date":"2018-04-03T02:00:57.000Z","volume":2000,"label":" ","price":15.32},{"type":"B","date":"2018-04-03T02:01:04.000Z","volume":2000,"label":" ","price":15.28},{"type":"A","date":"2018-04-03T02:01:08.000Z","volume":30000,"label":" ","price":15.3},{"type":"A","date":"2018-04-03T02:01:09.000Z","volume":56000,"label":" ","price":15.32},{"type":"A","date":"2018-04-03T02:01:09.000Z","volume":16000,"label":" ","price":15.32},{"type":"A","date":"2018-04-03T02:01:10.000Z","volume":10000,"label":" ","price":15.34},{"type":"A","date":"2018-04-03T02:01:10.000Z","volume":2000,"label":" ","price":15.34},{"type":"A","date":"2018-04-03T02:01:13.000Z","volume":10000,"label":" ","price":15.36},{"type":"A","date":"2018-04-03T02:01:17.000Z","volume":2000,"label":" ","price":15.38},{"type":"A","date":"2018-04-03T02:01:27.000Z","volume":2000,"label":" ","price":15.38},{"type":"A","date":"2018-04-03T02:01:27.000Z","volume":2000,"label":"Y","price":15.38},{"type":"U","date":"2018-04-03T02:01:46.000Z","volume":2000,"label":" ","price":15.38},{"type":"A","date":"2018-04-03T02:01:59.000Z","volume":2000,"label":" ","price":15.38},{"type":"A","date":"2018-04-03T02:02:06.000Z","volume":2000,"label":" ","price":15.38},{"type":"U","date":"2018-04-03T02:02:07.000Z","volume":2000,"label":"X","price":15.36},{"type":"B","date":"2018-04-03T02:02:08.000Z","volume":2000,"label":" ","price":15.34},{"type":"U","date":"2018-04-03T02:02:10.000Z","volume":2000,"label":" ","price":15.36},{"type":"A","date":"2018-04-03T02:02:10.000Z","volume":16000,"label":" ","price":15.38},{"type":"A","date":"2018-04-03T02:02:16.000Z","volume":2000,"label":" ","price":15.38},{"type":"U","date":"2018-04-03T02:02:17.000Z","volume":2000,"label":"X","price":15.36},{"type":"U","date":"2018-04-03T02:02:17.000Z","volume":2000,"label":"X","price":15.37},{"type":"A","date":"2018-04-03T02:02:19.000Z","volume":8000,"label":" ","price":15.38},{"type":"A","date":"2018-04-03T02:02:27.000Z","volume":2000,"label":" ","price":15.38},{"type":"A","date":"2018-04-03T02:02:35.000Z","volume":2000,"label":" ","price":15.38},{"type":"U","date":"2018-04-03T02:02:44.000Z","volume":2000,"label":"X","price":15.37},{"type":"A","date":"2018-04-03T02:02:45.000Z","volume":4000,"label":" ","price":15.38},{"type":"A","date":"2018-04-03T02:02:45.000Z","volume":2000,"label":" ","price":15.38},{"type":"A","date":"2018-04-03T02:02:53.000Z","volume":2000,"label":" ","price":15.38},{"type":"A","date":"2018-04-03T02:02:55.000Z","volume":2000,"label":" ","price":15.38},{"type":"A","date":"2018-04-03T02:03:12.000Z","volume":2000,"label":"Y","price":15.38},{"type":"A","date":"2018-04-03T02:03:13.000Z","volume":56000,"label":" ","price":15.38},{"type":"B","date":"2018-04-03T02:03:13.000Z","volume":68000,"label":" ","price":15.36},{"type":"B","date":"2018-04-03T02:03:13.000Z","volume":56000,"label":" ","price":15.34},{"type":"B","date":"2018-04-03T02:03:13.000Z","volume":16000,"label":" ","price":15.34},{"type":"A","date":"2018-04-03T02:03:13.000Z","volume":4000,"label":" ","price":15.36},{"type":"B","date":"2018-04-03T02:03:13.000Z","volume":12000,"label":" ","price":15.32},{"type":"A","date":"2018-04-03T02:03:13.000Z","volume":40000,"label":" ","price":15.36},{"type":"A","date":"2018-04-03T02:03:13.000Z","volume":6000,"label":" ","price":15.36},{"type":"A","date":"2018-04-03T02:03:26.000Z","volume":4000,"label":" ","price":15.38},{"type":"U","date":"2018-04-03T02:03:42.000Z","volume":4000,"label":" ","price":15.36},{"type":"U","date":"2018-04-03T02:03:48.000Z","volume":6000,"label":"X","price":15.36},{"type":"U","date":"2018-04-03T02:03:48.000Z","volume":2000,"label":"X","price":15.36},{"type":"A","date":"2018-04-03T02:03:58.000Z","volume":10000,"label":" ","price":15.36},{"type":"B","date":"2018-04-03T02:03:59.000Z","volume":4000,"label":" ","price":15.34},{"type":"B","date":"2018-04-03T02:04:00.000Z","volume":2000,"label":"Y","price":15.34},{"type":"B","date":"2018-04-03T02:04:00.000Z","volume":12000,"label":" ","price":15.34},{"type":"U","date":"2018-04-03T02:04:00.000Z","volume":2000,"label":"X","price":15.34},{"type":"U","date":"2018-04-03T02:04:11.000Z","volume":4000,"label":"X","price":15.35},{"type":"A","date":"2018-04-03T02:04:18.000Z","volume":2000,"label":" ","price":15.36},{"type":"A","date":"2018-04-03T02:04:34.000Z","volume":8000,"label":"Y","price":15.36},{"type":"B","date":"2018-04-03T02:04:44.000Z","volume":2000,"label":" ","price":15.34},{"type":"A","date":"2018-04-03T02:05:05.000Z","volume":34000,"label":" ","price":15.36},{"type":"B","date":"2018-04-03T02:05:05.000Z","volume":2000,"label":"Y","price":15.34},{"type":"B","date":"2018-04-03T02:05:05.000Z","volume":2000,"label":" ","price":15.34},{"type":"B","date":"2018-04-03T02:05:08.000Z","volume":52000,"label":" ","price":15.34},{"type":"B","date":"2018-04-03T02:05:08.000Z","volume":6000,"label":" ","price":15.32},{"type":"B","date":"2018-04-03T02:05:08.000Z","volume":32000,"label":" ","price":15.3},{"type":"B","date":"2018-04-03T02:05:08.000Z","volume":20000,"label":" ","price":15.28},{"type":"A","date":"2018-04-03T02:05:08.000Z","volume":2000,"label":" ","price":15.3},{"type":"B","date":"2018-04-03T02:05:08.000Z","volume":4000,"label":" ","price":15.28},{"type":"B","date":"2018-04-03T02:05:08.000Z","volume":2000,"label":" ","price":15.28},{"type":"A","date":"2018-04-03T02:05:08.000Z","volume":84000,"label":" ","price":15.3},{"type":"B","date":"2018-04-03T02:05:08.000Z","volume":10000,"label":" ","price":15.28},{"type":"B","date":"2018-04-03T02:05:08.000Z","volume":4000,"label":" ","price":15.26},{"type":"B","date":"2018-04-03T02:05:08.000Z","volume":10000,"label":" ","price":15.24},{"type":"B","date":"2018-04-03T02:05:08.000Z","volume":2000,"label":" ","price":15.24},{"type":"U","date":"2018-04-03T02:05:08.000Z","volume":2000,"label":" ","price":15.28},{"type":"A","date":"2018-04-03T02:05:14.000Z","volume":10000,"label":" ","price":15.28},{"type":"B","date":"2018-04-03T02:05:15.000Z","volume":2000,"label":" ","price":15.26},{"type":"B","date":"2018-04-03T02:05:15.000Z","volume":30000,"label":" ","price":15.26},{"type":"B","date":"2018-04-03T02:05:15.000Z","volume":6000,"label":" ","price":15.24},{"type":"B","date":"2018-04-03T02:05:15.000Z","volume":2000,"label":" ","price":15.24},{"type":"B","date":"2018-04-03T02:05:15.000Z","volume":2000,"label":" ","price":15.24},{"type":"B","date":"2018-04-03T02:05:15.000Z","volume":4000,"label":" ","price":15.24},{"type":"B","date":"2018-04-03T02:05:15.000Z","volume":2000,"label":" ","price":15.22},{"type":"B","date":"2018-04-03T02:05:15.000Z","volume":2000,"label":" ","price":15.22},{"type":"A","date":"2018-04-03T02:05:17.000Z","volume":8000,"label":" ","price":15.24},{"type":"U","date":"2018-04-03T02:05:17.000Z","volume":2000,"label":"X","price":15.23},{"type":"U","date":"2018-04-03T02:05:19.000Z","volume":4000,"label":" ","price":15.24},{"type":"U","date":"2018-04-03T02:05:25.000Z","volume":2000,"label":" ","price":15.24},{"type":"U","date":"2018-04-03T02:05:25.000Z","volume":2000,"label":" ","price":15.24},{"type":"B","date":"2018-04-03T02:05:38.000Z","volume":4000,"label":" ","price":15.2},{"type":"U","date":"2018-04-03T02:06:11.000Z","volume":2000,"label":"X","price":15.23},{"type":"B","date":"2018-04-03T02:06:26.000Z","volume":4000,"label":" ","price":15.2},{"type":"B","date":"2018-04-03T02:06:28.000Z","volume":12000,"label":" ","price":15.2},{"type":"B","date":"2018-04-03T02:06:28.000Z","volume":4000,"label":" ","price":15.22},{"type":"B","date":"2018-04-03T02:06:28.000Z","volume":2000,"label":" ","price":15.22},{"type":"U","date":"2018-04-03T02:06:37.000Z","volume":2000,"label":" ","price":15.24},{"type":"B","date":"2018-04-03T02:06:38.000Z","volume":2000,"label":" ","price":15.22},{"type":"A","date":"2018-04-03T02:06:57.000Z","volume":2000,"label":" ","price":15.26},{"type":"B","date":"2018-04-03T02:06:59.000Z","volume":2000,"label":" ","price":15.22},{"type":"A","date":"2018-04-03T02:07:07.000Z","volume":2000,"label":" ","price":15.26},{"type":"A","date":"2018-04-03T02:07:07.000Z","volume":2000,"label":" ","price":15.26},{"type":"B","date":"2018-04-03T02:07:16.000Z","volume":10000,"label":" ","price":15.24},{"type":"B","date":"2018-04-03T02:07:16.000Z","volume":2000,"label":" ","price":15.24},{"type":"B","date":"2018-04-03T02:07:16.000Z","volume":4000,"label":" ","price":15.24},{"type":"B","date":"2018-04-03T02:07:16.000Z","volume":4000,"label":" ","price":15.24},{"type":"B","date":"2018-04-03T02:07:16.000Z","volume":2000,"label":" ","price":15.24},{"type":"A","date":"2018-04-03T02:07:18.000Z","volume":2000,"label":" ","price":15.26},{"type":"B","date":"2018-04-03T02:07:18.000Z","volume":2000,"label":" ","price":15.24},{"type":"B","date":"2018-04-03T02:07:29.000Z","volume":8000,"label":" ","price":15.24},{"type":"B","date":"2018-04-03T02:07:31.000Z","volume":2000,"label":" ","price":15.24},{"type":"B","date":"2018-04-03T02:07:37.000Z","volume":10000,"label":" ","price":15.24},{"type":"B","date":"2018-04-03T02:07:37.000Z","volume":2000,"label":"Y","price":15.24},{"type":"B","date":"2018-04-03T02:07:37.000Z","volume":2000,"label":" ","price":15.24},{"type":"B","date":"2018-04-03T02:07:43.000Z","volume":12000,"label":" ","price":15.24},{"type":"B","date":"2018-04-03T02:07:43.000Z","volume":2000,"label":" ","price":15.24},{"type":"B","date":"2018-04-03T02:07:43.000Z","volume":2000,"label":" ","price":15.24},{"type":"A","date":"2018-04-03T02:07:49.000Z","volume":2000,"label":" ","price":15.26},{"type":"B","date":"2018-04-03T02:08:02.000Z","volume":10000,"label":" ","price":15.24},{"type":"B","date":"2018-04-03T02:08:02.000Z","volume":2000,"label":" ","price":15.24},{"type":"A","date":"2018-04-03T02:08:07.000Z","volume":2000,"label":" ","price":15.26},{"type":"B","date":"2018-04-03T02:08:07.000Z","volume":2000,"label":" ","price":15.24},{"type":"B","date":"2018-04-03T02:08:12.000Z","volume":2000,"label":" ","price":15.24},{"type":"B","date":"2018-04-03T02:08:13.000Z","volume":20000,"label":" ","price":15.24},{"type":"B","date":"2018-04-03T02:08:13.000Z","volume":4000,"label":" ","price":15.24},{"type":"B","date":"2018-04-03T02:08:13.000Z","volume":2000,"label":"Y","price":15.24},{"type":"B","date":"2018-04-03T02:08:13.000Z","volume":12000,"label":" ","price":15.24},{"type":"B","date":"2018-04-03T02:08:13.000Z","volume":4000,"label":" ","price":15.22},{"type":"U","date":"2018-04-03T02:08:14.000Z","volume":6000,"label":" ","price":15.22},{"type":"U","date":"2018-04-03T02:08:14.000Z","volume":4000,"label":" ","price":15.22},{"type":"A","date":"2018-04-03T02:08:14.000Z","volume":2000,"label":" ","price":15.22},{"type":"B","date":"2018-04-03T02:08:19.000Z","volume":2000,"label":" ","price":15.22},{"type":"U","date":"2018-04-03T02:08:21.000Z","volume":2000,"label":"X","price":15.22},{"type":"A","date":"2018-04-03T02:08:23.000Z","volume":2000,"label":" ","price":15.24},{"type":"U","date":"2018-04-03T02:08:25.000Z","volume":4000,"label":"X","price":15.22},{"type":"B","date":"2018-04-03T02:08:26.000Z","volume":24000,"label":" ","price":15.2},{"type":"B","date":"2018-04-03T02:08:35.000Z","volume":4000,"label":" ","price":15.22},{"type":"B","date":"2018-04-03T02:08:35.000Z","volume":2000,"label":" ","price":15.22},{"type":"U","date":"2018-04-03T02:08:35.000Z","volume":2000,"label":"Y","price":15.22},{"type":"B","date":"2018-04-03T02:08:35.000Z","volume":2000,"label":" ","price":15.22},{"type":"B","date":"2018-04-03T02:08:40.000Z","volume":4000,"label":" ","price":15.2},{"type":"A","date":"2018-04-03T02:08:47.000Z","volume":4000,"label":" ","price":15.24},{"type":"A","date":"2018-04-03T02:08:57.000Z","volume":2000,"label":" ","price":15.24},{"type":"A","date":"2018-04-03T02:08:57.000Z","volume":2000,"label":" ","price":15.24},{"type":"A","date":"2018-04-03T02:08:57.000Z","volume":2000,"label":" ","price":15.24},{"type":"A","date":"2018-04-03T02:08:57.000Z","volume":2000,"label":" ","price":15.24},{"type":"A","date":"2018-04-03T02:08:57.000Z","volume":2000,"label":" ","price":15.24},{"type":"A","date":"2018-04-03T02:08:57.000Z","volume":2000,"label":" ","price":15.24},{"type":"A","date":"2018-04-03T02:08:57.000Z","volume":2000,"label":" ","price":15.24},{"type":"A","date":"2018-04-03T02:08:57.000Z","volume":2000,"label":" ","price":15.24},{"type":"A","date":"2018-04-03T02:08:57.000Z","volume":2000,"label":" ","price":15.24},{"type":"A","date":"2018-04-03T02:08:57.000Z","volume":2000,"label":" ","price":15.24},{"type":"U","date":"2018-04-03T02:08:59.000Z","volume":2000,"label":"X","price":15.22},{"type":"B","date":"2018-04-03T02:09:08.000Z","volume":4000,"label":" ","price":15.2},{"type":"B","date":"2018-04-03T02:09:17.000Z","volume":2000,"label":" ","price":15.22},{"type":"B","date":"2018-04-03T02:09:17.000Z","volume":2000,"label":"Y","price":15.22},{"type":"B","date":"2018-04-03T02:09:17.000Z","volume":2000,"label":" ","price":15.22},{"type":"B","date":"2018-04-03T02:09:17.000Z","volume":2000,"label":"Y","price":15.22},{"type":"B","date":"2018-04-03T02:09:17.000Z","volume":2000,"label":" ","price":15.22},{"type":"U","date":"2018-04-03T02:09:20.000Z","volume":2000,"label":"X","price":15.27},{"type":"B","date":"2018-04-03T02:09:41.000Z","volume":4000,"label":" ","price":15.22},{"type":"B","date":"2018-04-03T02:09:41.000Z","volume":32000,"label":" ","price":15.22},{"type":"B","date":"2018-04-03T02:09:41.000Z","volume":12000,"label":" ","price":15.22},{"type":"A","date":"2018-04-03T02:09:41.000Z","volume":4000,"label":" ","price":15.22},{"type":"A","date":"2018-04-03T02:09:41.000Z","volume":2000,"label":" ","price":15.22},{"type":"B","date":"2018-04-03T02:09:41.000Z","volume":10000,"label":" ","price":15.2},{"type":"A","date":"2018-04-03T02:09:41.000Z","volume":4000,"label":" ","price":15.22},{"type":"A","date":"2018-04-03T02:10:01.000Z","volume":2000,"label":" ","price":15.22},{"type":"B","date":"2018-04-03T02:10:05.000Z","volume":10000,"label":" ","price":15.18},{"type":"B","date":"2018-04-03T02:10:34.000Z","volume":4000,"label":" ","price":15.18},{"type":"U","date":"2018-04-03T02:10:41.000Z","volume":2000,"label":" ","price":15.2},{"type":"B","date":"2018-04-03T02:10:41.000Z","volume":22000,"label":" ","price":15.18},{"type":"A","date":"2018-04-03T02:10:41.000Z","volume":2000,"label":" ","price":15.18},{"type":"A","date":"2018-04-03T02:10:41.000Z","volume":2000,"label":" ","price":15.18},{"type":"A","date":"2018-04-03T02:10:42.000Z","volume":12000,"label":" ","price":15.18},{"type":"A","date":"2018-04-03T02:10:42.000Z","volume":2000,"label":" ","price":15.18},{"type":"U","date":"2018-04-03T02:10:42.000Z","volume":4000,"label":"X","price":15.17},{"type":"U","date":"2018-04-03T02:10:42.000Z","volume":8000,"label":"X","price":15.17},{"type":"A","date":"2018-04-03T02:10:47.000Z","volume":4000,"label":" ","price":15.18},{"type":"A","date":"2018-04-03T02:10:48.000Z","volume":2000,"label":" ","price":15.18},{"type":"A","date":"2018-04-03T02:10:49.000Z","volume":12000,"label":" ","price":15.18},{"type":"A","date":"2018-04-03T02:10:50.000Z","volume":2000,"label":" ","price":15.18},{"type":"A","date":"2018-04-03T02:10:51.000Z","volume":12000,"label":" ","price":15.18},{"type":"A","date":"2018-04-03T02:10:52.000Z","volume":2000,"label":" ","price":15.18},{"type":"A","date":"2018-04-03T02:10:53.000Z","volume":8000,"label":" ","price":15.18},{"type":"A","date":"2018-04-03T02:10:53.000Z","volume":2000,"label":" ","price":15.18},{"type":"U","date":"2018-04-03T02:10:58.000Z","volume":8000,"label":"X","price":15.17},{"type":"U","date":"2018-04-03T02:10:58.000Z","volume":2000,"label":"X","price":15.17},{"type":"B","date":"2018-04-03T02:11:02.000Z","volume":4000,"label":" ","price":15.16},{"type":"A","date":"2018-04-03T02:11:06.000Z","volume":12000,"label":" ","price":15.18},{"type":"A","date":"2018-04-03T02:11:07.000Z","volume":4000,"label":" ","price":15.18},{"type":"A","date":"2018-04-03T02:11:07.000Z","volume":48000,"label":" ","price":15.18},{"type":"A","date":"2018-04-03T02:11:07.000Z","volume":2000,"label":" ","price":15.18},{"type":"B","date":"2018-04-03T02:11:57.000Z","volume":4000,"label":" ","price":15.18},{"type":"U","date":"2018-04-03T02:12:06.000Z","volume":2000,"label":"X","price":15.19},{"type":"A","date":"2018-04-03T02:12:17.000Z","volume":6000,"label":" ","price":15.2},{"type":"A","date":"2018-04-03T02:12:17.000Z","volume":2000,"label":"Y","price":15.2},{"type":"A","date":"2018-04-03T02:12:32.000Z","volume":84000,"label":" ","price":15.2},{"type":"A","date":"2018-04-03T02:12:33.000Z","volume":2000,"label":" ","price":15.2},{"type":"A","date":"2018-04-03T02:12:38.000Z","volume":2000,"label":"Y","price":15.2},{"type":"A","date":"2018-04-03T02:12:40.000Z","volume":2000,"label":" ","price":15.2},{"type":"A","date":"2018-04-03T02:12:48.000Z","volume":2000,"label":"Y","price":15.2},{"type":"B","date":"2018-04-03T02:12:52.000Z","volume":78000,"label":" ","price":15.18},{"type":"B","date":"2018-04-03T02:12:52.000Z","volume":2000,"label":"Y","price":15.18},{"type":"B","date":"2018-04-03T02:12:52.000Z","volume":4000,"label":" ","price":15.18},{"type":"B","date":"2018-04-03T02:12:52.000Z","volume":2000,"label":" ","price":15.18},{"type":"A","date":"2018-04-03T02:13:25.000Z","volume":26000,"label":" ","price":15.2},{"type":"A","date":"2018-04-03T02:13:39.000Z","volume":4000,"label":" ","price":15.2},{"type":"A","date":"2018-04-03T02:13:56.000Z","volume":2000,"label":" ","price":15.2},{"type":"A","date":"2018-04-03T02:14:17.000Z","volume":22000,"label":" ","price":15.2},{"type":"A","date":"2018-04-03T02:14:42.000Z","volume":2000,"label":" ","price":15.2},{"type":"A","date":"2018-04-03T02:14:59.000Z","volume":2000,"label":"Y","price":15.2},{"type":"B","date":"2018-04-03T02:15:10.000Z","volume":4000,"label":" ","price":15.18},{"type":"B","date":"2018-04-03T02:15:10.000Z","volume":92000,"label":" ","price":15.18},{"type":"B","date":"2018-04-03T02:15:10.000Z","volume":22000,"label":" ","price":15.16},{"type":"B","date":"2018-04-03T02:15:10.000Z","volume":28000,"label":" ","price":15.18},{"type":"B","date":"2018-04-03T02:15:11.000Z","volume":6000,"label":" ","price":15.18},{"type":"U","date":"2018-04-03T02:15:11.000Z","volume":4000,"label":"X","price":15.16},{"type":"U","date":"2018-04-03T02:15:13.000Z","volume":2000,"label":" ","price":15.16},{"type":"U","date":"2018-04-03T02:15:19.000Z","volume":4000,"label":" ","price":15.16},{"type":"A","date":"2018-04-03T02:15:37.000Z","volume":8000,"label":" ","price":15.18},{"type":"U","date":"2018-04-03T02:15:44.000Z","volume":2000,"label":"X","price":15.16},{"type":"B","date":"2018-04-03T02:15:46.000Z","volume":30000,"label":" ","price":15.14},{"type":"B","date":"2018-04-03T02:15:50.000Z","volume":4000,"label":" ","price":15.14},{"type":"B","date":"2018-04-03T02:15:50.000Z","volume":4000,"label":" ","price":15.14},{"type":"B","date":"2018-04-03T02:15:51.000Z","volume":2000,"label":" ","price":15.14},{"type":"U","date":"2018-04-03T02:15:51.000Z","volume":2000,"label":"X","price":15.15},{"type":"B","date":"2018-04-03T02:15:51.000Z","volume":2000,"label":" ","price":15.14},{"type":"B","date":"2018-04-03T02:16:03.000Z","volume":14000,"label":" ","price":15.14},{"type":"A","date":"2018-04-03T02:16:21.000Z","volume":16000,"label":" ","price":15.16},{"type":"A","date":"2018-04-03T02:16:30.000Z","volume":24000,"label":" ","price":15.16},{"type":"A","date":"2018-04-03T02:16:31.000Z","volume":12000,"label":" ","price":15.16},{"type":"U","date":"2018-04-03T02:16:34.000Z","volume":4000,"label":"X","price":15.15},{"type":"A","date":"2018-04-03T02:16:37.000Z","volume":2000,"label":" ","price":15.16},{"type":"A","date":"2018-04-03T02:17:32.000Z","volume":2000,"label":" ","price":15.16},{"type":"A","date":"2018-04-03T02:17:43.000Z","volume":2000,"label":" ","price":15.16},{"type":"B","date":"2018-04-03T02:17:43.000Z","volume":2000,"label":" ","price":15.14},{"type":"A","date":"2018-04-03T02:17:52.000Z","volume":2000,"label":" ","price":15.16},{"type":"A","date":"2018-04-03T02:17:52.000Z","volume":2000,"label":" ","price":15.16},{"type":"A","date":"2018-04-03T02:18:02.000Z","volume":2000,"label":" ","price":15.16},{"type":"A","date":"2018-04-03T02:18:05.000Z","volume":2000,"label":" ","price":15.16},{"type":"B","date":"2018-04-03T02:18:08.000Z","volume":2000,"label":" ","price":15.14},{"type":"A","date":"2018-04-03T02:18:22.000Z","volume":4000,"label":"Y","price":15.16},{"type":"A","date":"2018-04-03T02:18:22.000Z","volume":4000,"label":" ","price":15.16},{"type":"A","date":"2018-04-03T02:18:22.000Z","volume":2000,"label":"Y","price":15.16},{"type":"U","date":"2018-04-03T02:18:26.000Z","volume":2000,"label":"X","price":15.15},{"type":"A","date":"2018-04-03T02:18:32.000Z","volume":2000,"label":"Y","price":15.16},{"type":"B","date":"2018-04-03T02:18:33.000Z","volume":2000,"label":" ","price":15.14},{"type":"A","date":"2018-04-03T02:18:52.000Z","volume":2000,"label":"Y","price":15.16},{"type":"A","date":"2018-04-03T02:19:02.000Z","volume":2000,"label":"Y","price":15.16},{"type":"A","date":"2018-04-03T02:19:31.000Z","volume":2000,"label":"Y","price":15.16},{"type":"A","date":"2018-04-03T02:19:34.000Z","volume":4000,"label":" ","price":15.16},{"type":"A","date":"2018-04-03T02:19:37.000Z","volume":4000,"label":" ","price":15.16},{"type":"A","date":"2018-04-03T02:19:47.000Z","volume":2000,"label":" ","price":15.16},{"type":"A","date":"2018-04-03T02:20:01.000Z","volume":2000,"label":" ","price":15.16},{"type":"A","date":"2018-04-03T02:20:27.000Z","volume":2000,"label":" ","price":15.16},{"type":"A","date":"2018-04-03T02:20:31.000Z","volume":4000,"label":" ","price":15.16},{"type":"A","date":"2018-04-03T02:20:32.000Z","volume":12000,"label":" ","price":15.16},{"type":"A","date":"2018-04-03T02:20:32.000Z","volume":2000,"label":" ","price":15.16},{"type":"A","date":"2018-04-03T02:20:42.000Z","volume":2000,"label":"Y","price":15.16},{"type":"A","date":"2018-04-03T02:20:56.000Z","volume":2000,"label":" ","price":15.16},{"type":"B","date":"2018-04-03T02:21:02.000Z","volume":4000,"label":" ","price":15.14},{"type":"A","date":"2018-04-03T02:21:21.000Z","volume":2000,"label":" ","price":15.16},{"type":"A","date":"2018-04-03T02:21:32.000Z","volume":2000,"label":" ","price":15.16},{"type":"B","date":"2018-04-03T02:21:33.000Z","volume":2000,"label":" ","price":15.14},{"type":"B","date":"2018-04-03T02:21:39.000Z","volume":24000,"label":" ","price":15.14},{"type":"B","date":"2018-04-03T02:21:43.000Z","volume":2000,"label":" ","price":15.14},{"type":"B","date":"2018-04-03T02:21:48.000Z","volume":2000,"label":" ","price":15.14},{"type":"B","date":"2018-04-03T02:21:48.000Z","volume":16000,"label":" ","price":15.14},{"type":"B","date":"2018-04-03T02:21:53.000Z","volume":2000,"label":" ","price":15.14},{"type":"B","date":"2018-04-03T02:21:55.000Z","volume":60000,"label":" ","price":15.14},{"type":"B","date":"2018-04-03T02:21:55.000Z","volume":38000,"label":" ","price":15.14},{"type":"B","date":"2018-04-03T02:21:55.000Z","volume":4000,"label":" ","price":15.14},{"type":"A","date":"2018-04-03T02:21:55.000Z","volume":22000,"label":" ","price":15.16},{"type":"B","date":"2018-04-03T02:21:55.000Z","volume":10000,"label":" ","price":15.14},{"type":"B","date":"2018-04-03T02:21:55.000Z","volume":4000,"label":" ","price":15.14},{"type":"B","date":"2018-04-03T02:21:55.000Z","volume":2000,"label":"Y","price":15.14},{"type":"B","date":"2018-04-03T02:21:55.000Z","volume":2000,"label":" ","price":15.14},{"type":"B","date":"2018-04-03T02:21:57.000Z","volume":12000,"label":" ","price":15.14},{"type":"B","date":"2018-04-03T02:21:58.000Z","volume":6000,"label":" ","price":15.14},{"type":"B","date":"2018-04-03T02:22:03.000Z","volume":12000,"label":" ","price":15.12},{"type":"B","date":"2018-04-03T02:22:04.000Z","volume":4000,"label":" ","price":15.12},{"type":"U","date":"2018-04-03T02:22:20.000Z","volume":6000,"label":"X","price":15.13},{"type":"U","date":"2018-04-03T02:22:27.000Z","volume":2000,"label":"X","price":15.13},{"type":"B","date":"2018-04-03T02:22:57.000Z","volume":12000,"label":"Y","price":15.12},{"type":"B","date":"2018-04-03T02:22:57.000Z","volume":38000,"label":" ","price":15.12},{"type":"A","date":"2018-04-03T02:22:57.000Z","volume":4000,"label":"Y","price":15.14},{"type":"A","date":"2018-04-03T02:22:57.000Z","volume":4000,"label":" ","price":15.14},{"type":"B","date":"2018-04-03T02:22:58.000Z","volume":2000,"label":" ","price":15.12},{"type":"B","date":"2018-04-03T02:23:01.000Z","volume":6000,"label":" ","price":15.1},{"type":"U","date":"2018-04-03T02:23:07.000Z","volume":6000,"label":"X","price":15.12},{"type":"U","date":"2018-04-03T02:23:28.000Z","volume":6000,"label":"X","price":15.11},{"type":"B","date":"2018-04-03T02:23:54.000Z","volume":46000,"label":" ","price":15.1},{"type":"B","date":"2018-04-03T02:23:54.000Z","volume":6000,"label":" ","price":15.1},{"type":"B","date":"2018-04-03T02:23:58.000Z","volume":10000,"label":" ","price":15.1},{"type":"B","date":"2018-04-03T02:24:03.000Z","volume":2000,"label":" ","price":15.08},{"type":"A","date":"2018-04-03T02:24:17.000Z","volume":74000,"label":" ","price":15.12},{"type":"A","date":"2018-04-03T02:24:18.000Z","volume":54000,"label":" ","price":15.14},{"type":"A","date":"2018-04-03T02:24:18.000Z","volume":16000,"label":" ","price":15.16},{"type":"A","date":"2018-04-03T02:24:18.000Z","volume":2000,"label":" ","price":15.16},{"type":"A","date":"2018-04-03T02:24:18.000Z","volume":8000,"label":" ","price":15.16},{"type":"B","date":"2018-04-03T02:24:18.000Z","volume":16000,"label":" ","price":15.08},{"type":"A","date":"2018-04-03T02:24:19.000Z","volume":172000,"label":" ","price":15.16},{"type":"U","date":"2018-04-03T02:24:20.000Z","volume":2000,"label":"X","price":15.138},{"type":"A","date":"2018-04-03T02:24:21.000Z","volume":4000,"label":" ","price":15.18},{"type":"A","date":"2018-04-03T02:24:21.000Z","volume":4000,"label":" ","price":15.18},{"type":"A","date":"2018-04-03T02:24:21.000Z","volume":2000,"label":" ","price":15.18},{"type":"B","date":"2018-04-03T02:24:23.000Z","volume":22000,"label":" ","price":15.1},{"type":"B","date":"2018-04-03T02:24:28.000Z","volume":4000,"label":" ","price":15.1},{"type":"B","date":"2018-04-03T02:24:48.000Z","volume":2000,"label":" ","price":15.1},{"type":"B","date":"2018-04-03T02:24:53.000Z","volume":2000,"label":" ","price":15.1},{"type":"U","date":"2018-04-03T02:26:17.000Z","volume":26000,"label":" ","price":15.14},{"type":"A","date":"2018-04-03T02:26:17.000Z","volume":2000,"label":" ","price":15.14},{"type":"B","date":"2018-04-03T02:26:17.000Z","volume":30000,"label":" ","price":15.12},{"type":"A","date":"2018-04-03T02:26:17.000Z","volume":8000,"label":" ","price":15.14},{"type":"B","date":"2018-04-03T02:26:17.000Z","volume":4000,"label":" ","price":15.12},{"type":"B","date":"2018-04-03T02:26:17.000Z","volume":4000,"label":" ","price":15.12},{"type":"B","date":"2018-04-03T02:26:17.000Z","volume":2000,"label":" ","price":15.12},{"type":"B","date":"2018-04-03T02:26:18.000Z","volume":8000,"label":" ","price":15.12},{"type":"A","date":"2018-04-03T02:26:23.000Z","volume":12000,"label":" ","price":15.14},{"type":"B","date":"2018-04-03T02:26:23.000Z","volume":2000,"label":" ","price":15.12},{"type":"B","date":"2018-04-03T02:26:28.000Z","volume":2000,"label":" ","price":15.12},{"type":"B","date":"2018-04-03T02:26:38.000Z","volume":2000,"label":" ","price":15.12},{"type":"B","date":"2018-04-03T02:26:38.000Z","volume":64000,"label":" ","price":15.12},{"type":"A","date":"2018-04-03T02:26:38.000Z","volume":2000,"label":" ","price":15.12},{"type":"A","date":"2018-04-03T02:26:38.000Z","volume":2000,"label":" ","price":15.12},{"type":"A","date":"2018-04-03T02:26:39.000Z","volume":4000,"label":" ","price":15.12},{"type":"A","date":"2018-04-03T02:26:39.000Z","volume":22000,"label":" ","price":15.12},{"type":"B","date":"2018-04-03T02:26:43.000Z","volume":12000,"label":" ","price":15.1},{"type":"B","date":"2018-04-03T02:26:48.000Z","volume":2000,"label":" ","price":15.1},{"type":"B","date":"2018-04-03T02:26:53.000Z","volume":2000,"label":" ","price":15.1},{"type":"B","date":"2018-04-03T02:26:58.000Z","volume":4000,"label":" ","price":15.1},{"type":"A","date":"2018-04-03T02:27:36.000Z","volume":62000,"label":" ","price":15.12},{"type":"A","date":"2018-04-03T02:27:36.000Z","volume":70000,"label":" ","price":15.12},{"type":"A","date":"2018-04-03T02:27:36.000Z","volume":6000,"label":" ","price":15.12},{"type":"A","date":"2018-04-03T02:27:36.000Z","volume":20000,"label":" ","price":15.12},{"type":"A","date":"2018-04-03T02:28:13.000Z","volume":36000,"label":" ","price":15.16},{"type":"A","date":"2018-04-03T02:28:32.000Z","volume":2000,"label":" ","price":15.18},{"type":"A","date":"2018-04-03T02:28:42.000Z","volume":2000,"label":" ","price":15.18},{"type":"B","date":"2018-04-03T02:28:43.000Z","volume":2000,"label":" ","price":15.14},{"type":"B","date":"2018-04-03T02:28:53.000Z","volume":2000,"label":" ","price":15.16},{"type":"A","date":"2018-04-03T02:29:02.000Z","volume":2000,"label":" ","price":15.18},{"type":"A","date":"2018-04-03T02:29:02.000Z","volume":12000,"label":" ","price":15.18}