[{"type":"U","date":"2018-04-13T01:20:00.000Z","volume":11000,"label":"U","price":82.65},{"type":"B","date":"2018-04-13T01:30:01.000Z","volume":1000,"label":" ","price":82.65},{"type":"B","date":"2018-04-13T01:30:03.000Z","volume":500,"label":" ","price":82.65},{"type":"A","date":"2018-04-13T01:30:06.000Z","volume":5500,"label":" ","price":82.75},{"type":"A","date":"2018-04-13T01:30:06.000Z","volume":2000,"label":" ","price":82.8},{"type":"A","date":"2018-04-13T01:30:06.000Z","volume":1000,"label":" ","price":82.75},{"type":"U","date":"2018-04-13T01:30:06.000Z","volume":500,"label":" ","price":82.7},{"type":"A","date":"2018-04-13T01:30:07.000Z","volume":1500,"label":" ","price":82.8},{"type":"A","date":"2018-04-13T01:30:07.000Z","volume":500,"label":" ","price":82.85},{"type":"A","date":"2018-04-13T01:30:07.000Z","volume":500,"label":" ","price":82.9},{"type":"A","date":"2018-04-13T01:30:07.000Z","volume":1000,"label":" ","price":83},{"type":"B","date":"2018-04-13T01:30:07.000Z","volume":500,"label":" ","price":82.75},{"type":"B","date":"2018-04-13T01:30:09.000Z","volume":500,"label":" ","price":82.75},{"type":"A","date":"2018-04-13T01:30:33.000Z","volume":2000,"label":" ","price":83},{"type":"A","date":"2018-04-13T01:30:34.000Z","volume":500,"label":" ","price":83},{"type":"B","date":"2018-04-13T01:30:35.000Z","volume":500,"label":" ","price":82.85},{"type":"A","date":"2018-04-13T01:30:38.000Z","volume":7000,"label":" ","price":83},{"type":"A","date":"2018-04-13T01:30:39.000Z","volume":1000,"label":" ","price":83.05},{"type":"A","date":"2018-04-13T01:30:39.000Z","volume":500,"label":" ","price":83.1},{"type":"A","date":"2018-04-13T01:30:43.000Z","volume":1000,"label":" ","price":83.1},{"type":"A","date":"2018-04-13T01:30:43.000Z","volume":500,"label":" ","price":83.15},{"type":"A","date":"2018-04-13T01:30:43.000Z","volume":4000,"label":" ","price":83.2},{"type":"A","date":"2018-04-13T01:30:43.000Z","volume":1000,"label":" ","price":83.25},{"type":"A","date":"2018-04-13T01:30:43.000Z","volume":500,"label":" ","price":83.3},{"type":"A","date":"2018-04-13T01:30:44.000Z","volume":500,"label":" ","price":83.4},{"type":"A","date":"2018-04-13T01:30:44.000Z","volume":500,"label":" ","price":83.45},{"type":"A","date":"2018-04-13T01:30:44.000Z","volume":500,"label":" ","price":83.45},{"type":"A","date":"2018-04-13T01:30:44.000Z","volume":2500,"label":" ","price":83.5},{"type":"A","date":"2018-04-13T01:30:44.000Z","volume":500,"label":" ","price":83.5},{"type":"A","date":"2018-04-13T01:30:44.000Z","volume":500,"label":" ","price":83.5},{"type":"B","date":"2018-04-13T01:30:44.000Z","volume":1000,"label":" ","price":83.1},{"type":"A","date":"2018-04-13T01:30:45.000Z","volume":500,"label":" ","price":83.5},{"type":"A","date":"2018-04-13T01:30:45.000Z","volume":500,"label":" ","price":83.55},{"type":"A","date":"2018-04-13T01:30:47.000Z","volume":500,"label":" ","price":83.6},{"type":"A","date":"2018-04-13T01:30:47.000Z","volume":500,"label":" ","price":83.6},{"type":"A","date":"2018-04-13T01:30:47.000Z","volume":500,"label":" ","price":83.6},{"type":"A","date":"2018-04-13T01:30:47.000Z","volume":500,"label":" ","price":83.65},{"type":"A","date":"2018-04-13T01:30:47.000Z","volume":500,"label":" ","price":83.7},{"type":"A","date":"2018-04-13T01:30:47.000Z","volume":500,"label":" ","price":83.75},{"type":"A","date":"2018-04-13T01:30:55.000Z","volume":500,"label":" ","price":83.6},{"type":"A","date":"2018-04-13T01:31:00.000Z","volume":1000,"label":" ","price":83.5},{"type":"A","date":"2018-04-13T01:31:00.000Z","volume":2000,"label":" ","price":83.6},{"type":"A","date":"2018-04-13T01:31:01.000Z","volume":500,"label":" ","price":83.7},{"type":"A","date":"2018-04-13T01:31:04.000Z","volume":500,"label":" ","price":83.5},{"type":"A","date":"2018-04-13T01:31:04.000Z","volume":3000,"label":" ","price":83.5},{"type":"A","date":"2018-04-13T01:31:04.000Z","volume":500,"label":" ","price":83.55},{"type":"A","date":"2018-04-13T01:31:04.000Z","volume":500,"label":" ","price":83.6},{"type":"A","date":"2018-04-13T01:31:04.000Z","volume":500,"label":" ","price":83.7},{"type":"A","date":"2018-04-13T01:31:04.000Z","volume":500,"label":" ","price":83.7},{"type":"A","date":"2018-04-13T01:31:05.000Z","volume":1000,"label":" ","price":83.75},{"type":"A","date":"2018-04-13T01:31:09.000Z","volume":500,"label":"Y","price":83.75},{"type":"A","date":"2018-04-13T01:31:09.000Z","volume":500,"label":" ","price":83.75},{"type":"B","date":"2018-04-13T01:31:11.000Z","volume":500,"label":" ","price":83.7},{"type":"B","date":"2018-04-13T01:31:12.000Z","volume":500,"label":" ","price":83.7},{"type":"A","date":"2018-04-13T01:31:12.000Z","volume":500,"label":" ","price":83.75},{"type":"B","date":"2018-04-13T01:31:13.000Z","volume":1000,"label":" ","price":83.7},{"type":"B","date":"2018-04-13T01:31:13.000Z","volume":1000,"label":" ","price":83.7},{"type":"A","date":"2018-04-13T01:31:13.000Z","volume":500,"label":" ","price":83.75},{"type":"B","date":"2018-04-13T01:31:13.000Z","volume":500,"label":" ","price":83.7},{"type":"B","date":"2018-04-13T01:31:14.000Z","volume":500,"label":" ","price":83.7},{"type":"B","date":"2018-04-13T01:31:18.000Z","volume":2000,"label":" ","price":83.7},{"type":"B","date":"2018-04-13T01:31:18.000Z","volume":500,"label":" ","price":83.7},{"type":"B","date":"2018-04-13T01:31:19.000Z","volume":6500,"label":" ","price":83.65},{"type":"A","date":"2018-04-13T01:31:19.000Z","volume":500,"label":" ","price":83.75},{"type":"B","date":"2018-04-13T01:31:19.000Z","volume":500,"label":" ","price":83.6},{"type":"A","date":"2018-04-13T01:31:20.000Z","volume":2000,"label":" ","price":83.75},{"type":"B","date":"2018-04-13T01:31:22.000Z","volume":1000,"label":" ","price":83.65},{"type":"B","date":"2018-04-13T01:31:22.000Z","volume":1000,"label":" ","price":83.6},{"type":"B","date":"2018-04-13T01:31:22.000Z","volume":500,"label":" ","price":83.5},{"type":"A","date":"2018-04-13T01:31:23.000Z","volume":500,"label":" ","price":83.45},{"type":"A","date":"2018-04-13T01:31:26.000Z","volume":1500,"label":" ","price":83.45},{"type":"A","date":"2018-04-13T01:31:26.000Z","volume":500,"label":" ","price":83.5},{"type":"B","date":"2018-04-13T01:31:36.000Z","volume":3000,"label":" ","price":83.5},{"type":"B","date":"2018-04-13T01:31:36.000Z","volume":1000,"label":" ","price":83.4},{"type":"B","date":"2018-04-13T01:31:58.000Z","volume":500,"label":" ","price":82.85},{"type":"A","date":"2018-04-13T01:31:59.000Z","volume":500,"label":" ","price":83.3},{"type":"B","date":"2018-04-13T01:32:32.000Z","volume":500,"label":" ","price":83.1},{"type":"B","date":"2018-04-13T01:32:34.000Z","volume":3000,"label":" ","price":83},{"type":"B","date":"2018-04-13T01:32:38.000Z","volume":1500,"label":" ","price":82.9},{"type":"A","date":"2018-04-13T01:32:44.000Z","volume":2000,"label":" ","price":83.1},{"type":"A","date":"2018-04-13T01:32:45.000Z","volume":500,"label":" ","price":83.1},{"type":"A","date":"2018-04-13T01:33:14.000Z","volume":2500,"label":" ","price":83},{"type":"U","date":"2018-04-13T01:33:15.000Z","volume":500,"label":"X","price":82.95},{"type":"B","date":"2018-04-13T01:33:21.000Z","volume":500,"label":" ","price":82.9},{"type":"B","date":"2018-04-13T01:33:22.000Z","volume":500,"label":" ","price":82.9},{"type":"A","date":"2018-04-13T01:33:25.000Z","volume":500,"label":" ","price":83},{"type":"B","date":"2018-04-13T01:33:42.000Z","volume":500,"label":" ","price":82.95},{"type":"B","date":"2018-04-13T01:33:44.000Z","volume":500,"label":" ","price":82.95},{"type":"B","date":"2018-04-13T01:33:45.000Z","volume":500,"label":" ","price":82.95},{"type":"A","date":"2018-04-13T01:33:46.000Z","volume":500,"label":" ","price":83},{"type":"B","date":"2018-04-13T01:34:01.000Z","volume":500,"label":" ","price":82.95},{"type":"A","date":"2018-04-13T01:34:03.000Z","volume":500,"label":" ","price":83},{"type":"A","date":"2018-04-13T01:34:03.000Z","volume":4000,"label":" ","price":83},{"type":"A","date":"2018-04-13T01:34:04.000Z","volume":500,"label":" ","price":83.05},{"type":"B","date":"2018-04-13T01:34:04.000Z","volume":2500,"label":" ","price":82.95},{"type":"A","date":"2018-04-13T01:34:05.000Z","volume":3000,"label":" ","price":82.95},{"type":"A","date":"2018-04-13T01:34:06.000Z","volume":500,"label":" ","price":83},{"type":"A","date":"2018-04-13T01:34:07.000Z","volume":500,"label":" ","price":83},{"type":"B","date":"2018-04-13T01:34:31.000Z","volume":1000,"label":" ","price":82.9},{"type":"A","date":"2018-04-13T01:34:32.000Z","volume":500,"label":" ","price":83},{"type":"B","date":"2018-04-13T01:34:41.000Z","volume":1000,"label":" ","price":82.9},{"type":"B","date":"2018-04-13T01:34:42.000Z","volume":1000,"label":" ","price":82.9},{"type":"B","date":"2018-04-13T01:34:42.000Z","volume":2000,"label":" ","price":82.85},{"type":"U","date":"2018-04-13T01:34:42.000Z","volume":500,"label":"X","price":82.825},{"type":"U","date":"2018-04-13T01:34:42.000Z","volume":500,"label":"X","price":82.9},{"type":"A","date":"2018-04-13T01:34:47.000Z","volume":3000,"label":" ","price":82.85},{"type":"B","date":"2018-04-13T01:34:47.000Z","volume":1000,"label":" ","price":82.75},{"type":"A","date":"2018-04-13T01:34:48.000Z","volume":500,"label":" ","price":82.85},{"type":"B","date":"2018-04-13T01:34:52.000Z","volume":1000,"label":" ","price":82.75},{"type":"B","date":"2018-04-13T01:34:55.000Z","volume":2000,"label":" ","price":82.75},{"type":"B","date":"2018-04-13T01:34:55.000Z","volume":1500,"label":" ","price":82.7},{"type":"B","date":"2018-04-13T01:34:55.000Z","volume":2000,"label":" ","price":82.65},{"type":"B","date":"2018-04-13T01:35:02.000Z","volume":500,"label":" ","price":82.65},{"type":"A","date":"2018-04-13T01:35:02.000Z","volume":500,"label":" ","price":82.7},{"type":"A","date":"2018-04-13T01:35:03.000Z","volume":1000,"label":" ","price":82.7},{"type":"B","date":"2018-04-13T01:35:04.000Z","volume":1000,"label":" ","price":82.7},{"type":"B","date":"2018-04-13T01:35:07.000Z","volume":500,"label":" ","price":82.6},{"type":"B","date":"2018-04-13T01:35:20.000Z","volume":500,"label":" ","price":82.5},{"type":"B","date":"2018-04-13T01:35:20.000Z","volume":1000,"label":" ","price":82.5},{"type":"B","date":"2018-04-13T01:35:45.000Z","volume":500,"label":" ","price":82.35},{"type":"B","date":"2018-04-13T01:35:58.000Z","volume":1000,"label":" ","price":82.35},{"type":"B","date":"2018-04-13T01:36:14.000Z","volume":500,"label":" ","price":82.35},{"type":"B","date":"2018-04-13T01:36:41.000Z","volume":1000,"label":" ","price":82.4},{"type":"B","date":"2018-04-13T01:36:51.000Z","volume":500,"label":" ","price":82.35},{"type":"B","date":"2018-04-13T01:37:00.000Z","volume":500,"label":" ","price":82.35},{"type":"U","date":"2018-04-13T01:37:05.000Z","volume":300,"label":"D","price":82},{"type":"B","date":"2018-04-13T01:37:15.000Z","volume":2500,"label":" ","price":82.3},{"type":"B","date":"2018-04-13T01:37:19.000Z","volume":500,"label":" ","price":82.3},{"type":"B","date":"2018-04-13T01:37:21.000Z","volume":2000,"label":" ","price":82.25},{"type":"B","date":"2018-04-13T01:37:23.000Z","volume":4000,"label":" ","price":82.2},{"type":"B","date":"2018-04-13T01:37:23.000Z","volume":2500,"label":" ","price":82.1},{"type":"B","date":"2018-04-13T01:37:31.000Z","volume":3000,"label":" ","price":82.05},{"type":"B","date":"2018-04-13T01:37:32.000Z","volume":500,"label":" ","price":82.1},{"type":"B","date":"2018-04-13T01:37:32.000Z","volume":500,"label":" ","price":82.1},{"type":"B","date":"2018-04-13T01:37:33.000Z","volume":20000,"label":" ","price":82},{"type":"B","date":"2018-04-13T01:37:33.000Z","volume":500,"label":" ","price":81.85},{"type":"B","date":"2018-04-13T01:37:33.000Z","volume":1000,"label":" ","price":81.8},{"type":"B","date":"2018-04-13T01:37:33.000Z","volume":5000,"label":" ","price":81.6},{"type":"B","date":"2018-04-13T01:37:34.000Z","volume":500,"label":" ","price":81.6},{"type":"U","date":"2018-04-13T01:37:41.000Z","volume":1000,"label":" ","price":82},{"type":"U","date":"2018-04-13T01:37:41.000Z","volume":1000,"label":" ","price":81.9},{"type":"B","date":"2018-04-13T01:37:54.000Z","volume":1000,"label":" ","price":81.55},{"type":"U","date":"2018-04-13T01:37:56.000Z","volume":500,"label":" ","price":82},{"type":"B","date":"2018-04-13T01:38:21.000Z","volume":500,"label":" ","price":82},{"type":"B","date":"2018-04-13T01:38:32.000Z","volume":500,"label":" ","price":82},{"type":"B","date":"2018-04-13T01:38:32.000Z","volume":1000,"label":" ","price":82},{"type":"B","date":"2018-04-13T01:38:33.000Z","volume":500,"label":" ","price":82},{"type":"A","date":"2018-04-13T01:38:33.000Z","volume":500,"label":" ","price":82},{"type":"B","date":"2018-04-13T01:38:33.000Z","volume":500,"label":" ","price":81.65},{"type":"B","date":"2018-04-13T01:38:50.000Z","volume":1500,"label":" ","price":81.8},{"type":"B","date":"2018-04-13T01:39:00.000Z","volume":500,"label":" ","price":81.75},{"type":"A","date":"2018-04-13T01:39:01.000Z","volume":500,"label":" ","price":81.8},{"type":"B","date":"2018-04-13T01:39:04.000Z","volume":500,"label":" ","price":81.7},{"type":"B","date":"2018-04-13T01:39:30.000Z","volume":1000,"label":" ","price":81.7},{"type":"B","date":"2018-04-13T01:39:30.000Z","volume":2500,"label":" ","price":81.65},{"type":"B","date":"2018-04-13T01:39:31.000Z","volume":500,"label":" ","price":81.7},{"type":"B","date":"2018-04-13T01:39:33.000Z","volume":1500,"label":" ","price":81.7},{"type":"B","date":"2018-04-13T01:39:33.000Z","volume":1000,"label":" ","price":81.7},{"type":"A","date":"2018-04-13T01:39:33.000Z","volume":500,"label":" ","price":81.7},{"type":"B","date":"2018-04-13T01:39:37.000Z","volume":500,"label":" ","price":81.65},{"type":"B","date":"2018-04-13T01:40:27.000Z","volume":2500,"label":" ","price":81.65},{"type":"B","date":"2018-04-13T01:40:27.000Z","volume":1000,"label":" ","price":81.65},{"type":"B","date":"2018-04-13T01:40:29.000Z","volume":500,"label":" ","price":81.65},{"type":"A","date":"2018-04-13T01:40:31.000Z","volume":500,"label":" ","price":81.7},{"type":"B","date":"2018-04-13T01:40:31.000Z","volume":500,"label":" ","price":81.65},{"type":"A","date":"2018-04-13T01:41:09.000Z","volume":5000,"label":" ","price":81.7},{"type":"A","date":"2018-04-13T01:41:09.000Z","volume":5500,"label":" ","price":81.7},{"type":"A","date":"2018-04-13T01:41:09.000Z","volume":500,"label":" ","price":81.75},{"type":"A","date":"2018-04-13T01:41:09.000Z","volume":1000,"label":" ","price":81.8},{"type":"A","date":"2018-04-13T01:41:09.000Z","volume":500,"label":" ","price":81.85},{"type":"U","date":"2018-04-13T01:41:09.000Z","volume":500,"label":" ","price":81.8},{"type":"A","date":"2018-04-13T01:41:22.000Z","volume":1000,"label":" ","price":82},{"type":"A","date":"2018-04-13T01:41:26.000Z","volume":500,"label":" ","price":82},{"type":"U","date":"2018-04-13T01:41:47.000Z","volume":500,"label":"X","price":81.925},{"type":"A","date":"2018-04-13T01:41:54.000Z","volume":500,"label":" ","price":81.95},{"type":"A","date":"2018-04-13T01:42:00.000Z","volume":500,"label":" ","price":81.95},{"type":"A","date":"2018-04-13T01:42:05.000Z","volume":500,"label":" ","price":81.95},{"type":"A","date":"2018-04-13T01:42:09.000Z","volume":500,"label":" ","price":81.95},{"type":"A","date":"2018-04-13T01:42:15.000Z","volume":500,"label":" ","price":81.95},{"type":"A","date":"2018-04-13T01:42:15.000Z","volume":3000,"label":" ","price":81.95},{"type":"A","date":"2018-04-13T01:42:17.000Z","volume":500,"label":" ","price":82},{"type":"A","date":"2018-04-13T01:42:17.000Z","volume":500,"label":" ","price":82},{"type":"U","date":"2018-04-13T01:42:21.000Z","volume":500,"label":"X","price":82},{"type":"A","date":"2018-04-13T01:42:21.000Z","volume":1500,"label":" ","price":82},{"type":"A","date":"2018-04-13T01:42:21.000Z","volume":500,"label":" ","price":82},{"type":"U","date":"2018-04-13T01:42:22.000Z","volume":500,"label":"X","price":82},{"type":"B","date":"2018-04-13T01:42:28.000Z","volume":500,"label":" ","price":82},{"type":"B","date":"2018-04-13T01:42:30.000Z","volume":500,"label":" ","price":82},{"type":"A","date":"2018-04-13T01:42:38.000Z","volume":500,"label":" ","price":82.05},{"type":"A","date":"2018-04-13T01:42:38.000Z","volume":2500,"label":" ","price":82.05},{"type":"A","date":"2018-04-13T01:42:38.000Z","volume":500,"label":" ","price":82.1},{"type":"A","date":"2018-04-13T01:42:38.000Z","volume":500,"label":" ","price":82.1},{"type":"B","date":"2018-04-13T01:42:55.000Z","volume":3000,"label":" ","price":82.1},{"type":"U","date":"2018-04-13T01:42:55.000Z","volume":500,"label":" ","price":82.1},{"type":"B","date":"2018-04-13T01:43:00.000Z","volume":500,"label":" ","price":82.1},{"type":"B","date":"2018-04-13T01:43:02.000Z","volume":2500,"label":" ","price":82.05},{"type":"U","date":"2018-04-13T01:43:04.000Z","volume":500,"label":"X","price":82.125},{"type":"U","date":"2018-04-13T01:43:08.000Z","volume":500,"label":"X","price":82.1},{"type":"B","date":"2018-04-13T01:43:13.000Z","volume":2500,"label":" ","price":82.05},{"type":"B","date":"2018-04-13T01:43:15.000Z","volume":500,"label":" ","price":82},{"type":"B","date":"2018-04-13T01:43:16.000Z","volume":500,"label":" ","price":82},{"type":"A","date":"2018-04-13T01:43:34.000Z","volume":2000,"label":" ","price":82.1},{"type":"A","date":"2018-04-13T01:43:34.000Z","volume":2000,"label":" ","price":82.15},{"type":"A","date":"2018-04-13T01:43:45.000Z","volume":500,"label":" ","price":82.15},{"type":"B","date":"2018-04-13T01:44:04.000Z","volume":500,"label":" ","price":82.1},{"type":"A","date":"2018-04-13T01:44:07.000Z","volume":500,"label":" ","price":82.15},{"type":"B","date":"2018-04-13T01:44:22.000Z","volume":1500,"label":" ","price":82.1},{"type":"B","date":"2018-04-13T01:44:22.000Z","volume":2500,"label":" ","price":82.05},{"type":"A","date":"2018-04-13T01:44:23.000Z","volume":500,"label":" ","price":82.1},{"type":"B","date":"2018-04-13T01:44:26.000Z","volume":500,"label":" ","price":82},{"type":"B","date":"2018-04-13T01:44:26.000Z","volume":3500,"label":" ","price":82},{"type":"A","date":"2018-04-13T01:44:32.000Z","volume":2000,"label":" ","price":82.1},{"type":"B","date":"2018-04-13T01:44:35.000Z","volume":500,"label":" ","price":82},{"type":"U","date":"2018-04-13T01:44:35.000Z","volume":500,"label":"X","price":82},{"type":"A","date":"2018-04-13T01:44:35.000Z","volume":500,"label":" ","price":82},{"type":"B","date":"2018-04-13T01:44:40.000Z","volume":500,"label":" ","price":81.95},{"type":"B","date":"2018-04-13T01:44:45.000Z","volume":1000,"label":" ","price":81.95},{"type":"B","date":"2018-04-13T01:44:45.000Z","volume":2500,"label":" ","price":81.95},{"type":"B","date":"2018-04-13T01:44:48.000Z","volume":500,"label":" ","price":81.8},{"type":"B","date":"2018-04-13T01:45:41.000Z","volume":500,"label":" ","price":81.8},{"type":"B","date":"2018-04-13T01:45:50.000Z","volume":500,"label":" ","price":81.85},{"type":"B","date":"2018-04-13T01:46:36.000Z","volume":1000,"label":" ","price":81.85},{"type":"A","date":"2018-04-13T01:46:42.000Z","volume":500,"label":" ","price":82},{"type":"A","date":"2018-04-13T01:46:42.000Z","volume":9000,"label":" ","price":82},{"type":"A","date":"2018-04-13T01:46:42.000Z","volume":1000,"label":" ","price":82.05},{"type":"A","date":"2018-04-13T01:46:42.000Z","volume":1500,"label":" ","price":82.1},{"type":"A","date":"2018-04-13T01:46:43.000Z","volume":1000,"label":" ","price":82.15},{"type":"A","date":"2018-04-13T01:46:43.000Z","volume":1000,"label":" ","price":82.2},{"type":"A","date":"2018-04-13T01:46:43.000Z","volume":1500,"label":" ","price":82.25},{"type":"B","date":"2018-04-13T01:46:44.000Z","volume":1000,"label":" ","price":82.05},{"type":"B","date":"2018-04-13T01:47:13.000Z","volume":1000,"label":" ","price":82.15},{"type":"U","date":"2018-04-13T01:47:17.000Z","volume":500,"label":"X","price":82.225},{"type":"A","date":"2018-04-13T01:47:28.000Z","volume":500,"label":" ","price":82.3},{"type":"A","date":"2018-04-13T01:47:31.000Z","volume":3500,"label":" ","price":82.3},{"type":"A","date":"2018-04-13T01:47:31.000Z","volume":1500,"label":" ","price":82.35},{"type":"A","date":"2018-04-13T01:47:33.000Z","volume":1500,"label":" ","price":82.35},{"type":"B","date":"2018-04-13T01:47:33.000Z","volume":500,"label":" ","price":82.35},{"type":"A","date":"2018-04-13T01:47:35.000Z","volume":1500,"label":" ","price":82.4},{"type":"A","date":"2018-04-13T01:47:47.000Z","volume":500,"label":" ","price":82.5},{"type":"A","date":"2018-04-13T01:47:47.000Z","volume":1000,"label":" ","price":82.5},{"type":"A","date":"2018-04-13T01:47:47.000Z","volume":500,"label":" ","price":82.6},{"type":"B","date":"2018-04-13T01:48:01.000Z","volume":1000,"label":"Y","price":82.6},{"type":"B","date":"2018-04-13T01:48:01.000Z","volume":6000,"label":" ","price":82.6},{"type":"B","date":"2018-04-13T01:48:01.000Z","volume":1000,"label":" ","price":82.55},{"type":"B","date":"2018-04-13T01:48:03.000Z","volume":500,"label":" ","price":82.5},{"type":"B","date":"2018-04-13T01:48:03.000Z","volume":1000,"label":" ","price":82.5},{"type":"B","date":"2018-04-13T01:48:05.000Z","volume":500,"label":" ","price":82.5},{"type":"B","date":"2018-04-13T01:48:05.000Z","volume":3000,"label":" ","price":82.45},{"type":"B","date":"2018-04-13T01:48:05.000Z","volume":500,"label":" ","price":82.35},{"type":"A","date":"2018-04-13T01:48:05.000Z","volume":500,"label":" ","price":82.5},{"type":"B","date":"2018-04-13T01:48:07.000Z","volume":1500,"label":" ","price":82.25},{"type":"U","date":"2018-04-13T01:48:45.000Z","volume":500,"label":" ","price":82.25},{"type":"U","date":"2018-04-13T01:48:45.000Z","volume":500,"label":" ","price":82.25},{"type":"U","date":"2018-04-13T01:48:47.000Z","volume":500,"label":"X","price":82.225},{"type":"B","date":"2018-04-13T01:49:08.000Z","volume":500,"label":" ","price":82.2},{"type":"B","date":"2018-04-13T01:49:17.000Z","volume":500,"label":" ","price":82.2},{"type":"B","date":"2018-04-13T01:49:21.000Z","volume":500,"label":" ","price":82.2},{"type":"B","date":"2018-04-13T01:49:26.000Z","volume":500,"label":" ","price":82.15},{"type":"A","date":"2018-04-13T01:49:52.000Z","volume":3000,"label":" ","price":82.25},{"type":"A","date":"2018-04-13T01:49:52.000Z","volume":1500,"label":" ","price":82.35},{"type":"B","date":"2018-04-13T01:50:08.000Z","volume":500,"label":" ","price":82.3},{"type":"A","date":"2018-04-13T01:50:28.000Z","volume":500,"label":" ","price":82.45},{"type":"B","date":"2018-04-13T01:51:18.000Z","volume":500,"label":" ","price":82.3},{"type":"B","date":"2018-04-13T01:51:19.000Z","volume":500,"label":" ","price":82.3},{"type":"U","date":"2018-04-13T01:51:42.000Z","volume":500,"label":"X","price":82.425},{"type":"A","date":"2018-04-13T01:51:52.000Z","volume":500,"label":" ","price":82.45},{"type":"A","date":"2018-04-13T01:51:52.000Z","volume":3500,"label":" ","price":82.45},{"type":"A","date":"2018-04-13T01:51:52.000Z","volume":500,"label":" ","price":82.5},{"type":"A","date":"2018-04-13T01:51:52.000Z","volume":1500,"label":" ","price":82.55},{"type":"A","date":"2018-04-13T01:51:54.000Z","volume":1000,"label":" ","price":82.6},{"type":"A","date":"2018-04-13T01:51:54.000Z","volume":1000,"label":" ","price":82.7},{"type":"U","date":"2018-04-13T01:51:54.000Z","volume":500,"label":" ","price":82.65},{"type":"U","date":"2018-04-13T01:51:54.000Z","volume":500,"label":" ","price":82.65},{"type":"A","date":"2018-04-13T01:52:07.000Z","volume":500,"label":" ","price":82.75},{"type":"A","date":"2018-04-13T01:52:07.000Z","volume":500,"label":" ","price":82.75},{"type":"A","date":"2018-04-13T01:52:13.000Z","volume":3500,"label":" ","price":82.8},{"type":"A","date":"2018-04-13T01:52:13.000Z","volume":500,"label":" ","price":82.9},{"type":"A","date":"2018-04-13T01:52:21.000Z","volume":2500,"label":" ","price":82.95},{"type":"B","date":"2018-04-13T01:52:21.000Z","volume":500,"label":" ","price":82.8},{"type":"A","date":"2018-04-13T01:52:22.000Z","volume":8000,"label":" ","price":83},{"type":"A","date":"2018-04-13T01:52:22.000Z","volume":500,"label":" ","price":83.05},{"type":"U","date":"2018-04-13T01:52:30.000Z","volume":500,"label":" ","price":83.05},{"type":"U","date":"2018-04-13T01:52:31.000Z","volume":500,"label":"X","price":83.075},{"type":"B","date":"2018-04-13T01:52:32.000Z","volume":500,"label":" ","price":83.05},{"type":"A","date":"2018-04-13T01:52:35.000Z","volume":500,"label":" ","price":83.1},{"type":"A","date":"2018-04-13T01:52:35.000Z","volume":2500,"label":" ","price":83.1},{"type":"U","date":"2018-04-13T01:52:35.000Z","volume":500,"label":"X","price":83.1},{"type":"A","date":"2018-04-13T01:52:35.000Z","volume":500,"label":" ","price":83.15},{"type":"A","date":"2018-04-13T01:52:38.000Z","volume":500,"label":" ","price":83.15},{"type":"A","date":"2018-04-13T01:52:47.000Z","volume":500,"label":" ","price":83.25},{"type":"A","date":"2018-04-13T01:52:48.000Z","volume":500,"label":" ","price":83.35},{"type":"A","date":"2018-04-13T01:53:07.000Z","volume":500,"label":" ","price":83.35},{"type":"A","date":"2018-04-13T01:53:14.000Z","volume":500,"label":" ","price":83.35},{"type":"A","date":"2018-04-13T01:53:21.000Z","volume":500,"label":" ","price":83.35},{"type":"A","date":"2018-04-13T01:53:42.000Z","volume":5500,"label":" ","price":83.3},{"type":"A","date":"2018-04-13T01:53:42.000Z","volume":1500,"label":" ","price":83.3},{"type":"B","date":"2018-04-13T01:53:42.000Z","volume":500,"label":" ","price":83.3},{"type":"B","date":"2018-04-13T01:53:42.000Z","volume":1000,"label":" ","price":83.3},{"type":"B","date":"2018-04-13T01:53:46.000Z","volume":3500,"label":" ","price":83.3},{"type":"A","date":"2018-04-13T01:53:46.000Z","volume":500,"label":" ","price":83.3},{"type":"B","date":"2018-04-13T01:53:47.000Z","volume":500,"label":" ","price":83.25},{"type":"B","date":"2018-04-13T01:53:54.000Z","volume":2000,"label":" ","price":83.25},{"type":"B","date":"2018-04-13T01:54:01.000Z","volume":500,"label":" ","price":83.2},{"type":"A","date":"2018-04-13T01:54:01.000Z","volume":1000,"label":" ","price":83.3},{"type":"B","date":"2018-04-13T01:54:21.000Z","volume":500,"label":" ","price":83.25},{"type":"B","date":"2018-04-13T01:54:25.000Z","volume":500,"label":" ","price":83.25},{"type":"B","date":"2018-04-13T01:54:25.000Z","volume":500,"label":" ","price":83.25},{"type":"A","date":"2018-04-13T01:54:26.000Z","volume":500,"label":" ","price":83.3},{"type":"B","date":"2018-04-13T01:54:35.000Z","volume":1000,"label":" ","price":83.2},{"type":"B","date":"2018-04-13T01:54:44.000Z","volume":500,"label":" ","price":83.2},{"type":"B","date":"2018-04-13T01:54:44.000Z","volume":500,"label":" ","price":83.2},{"type":"B","date":"2018-04-13T01:54:48.000Z","volume":500,"label":" ","price":83.15},{"type":"B","date":"2018-04-13T01:55:03.000Z","volume":500,"label":" ","price":83.15},{"type":"A","date":"2018-04-13T01:55:05.000Z","volume":500,"label":" ","price":83.2},{"type":"B","date":"2018-04-13T01:55:06.000Z","volume":500,"label":" ","price":83.15},{"type":"B","date":"2018-04-13T01:55:07.000Z","volume":500,"label":" ","price":83.15},{"type":"B","date":"2018-04-13T01:55:10.000Z","volume":500,"label":" ","price":83.05},{"type":"B","date":"2018-04-13T01:55:42.000Z","volume":1000,"label":" ","price":82.9},{"type":"A","date":"2018-04-13T01:55:42.000Z","volume":500,"label":" ","price":83},{"type":"B","date":"2018-04-13T01:55:52.000Z","volume":500,"label":" ","price":82.8},{"type":"B","date":"2018-04-13T01:55:55.000Z","volume":500,"label":"Y","price":82.7},{"type":"A","date":"2018-04-13T01:56:06.000Z","volume":500,"label":" ","price":82.8},{"type":"A","date":"2018-04-13T01:56:22.000Z","volume":500,"label":" ","price":82.8},{"type":"A","date":"2018-04-13T01:56:22.000Z","volume":3500,"label":" ","price":82.8},{"type":"B","date":"2018-04-13T01:56:22.000Z","volume":500,"label":" ","price":82.75},{"type":"A","date":"2018-04-13T01:56:40.000Z","volume":500,"label":" ","price":82.85},{"type":"A","date":"2018-04-13T01:56:46.000Z","volume":500,"label":" ","price":82.85},{"type":"B","date":"2018-04-13T01:57:07.000Z","volume":500,"label":" ","price":82.8},{"type":"B","date":"2018-04-13T01:57:22.000Z","volume":1000,"label":" ","price":82.8},{"type":"B","date":"2018-04-13T01:58:03.000Z","volume":4500,"label":" ","price":82.75},{"type":"A","date":"2018-04-13T01:58:05.000Z","volume":500,"label":" ","price":82.75},{"type":"A","date":"2018-04-13T01:58:07.000Z","volume":500,"label":" ","price":82.75},{"type":"B","date":"2018-04-13T01:58:07.000Z","volume":2000,"label":" ","price":82.7},{"type":"B","date":"2018-04-13T01:58:07.000Z","volume":500,"label":" ","price":82.65},{"type":"B","date":"2018-04-13T01:58:09.000Z","volume":500,"label":" ","price":82.75},{"type":"A","date":"2018-04-13T01:58:46.000Z","volume":500,"label":" ","price":82.75},{"type":"B","date":"2018-04-13T01:58:50.000Z","volume":500,"label":" ","price":82.5},{"type":"U","date":"2018-04-13T01:59:33.000Z","volume":500,"label":" ","price":82.5},{"type":"A","date":"2018-04-13T01:59:47.000Z","volume":5000,"label":" ","price":82.5},{"type":"A","date":"2018-04-13T01:59:52.000Z","volume":500,"label":" ","price":82.55},{"type":"A","date":"2018-04-13T02:00:02.000Z","volume":500,"label":" ","price":82.55},{"type":"A","date":"2018-04-13T02:00:02.000Z","volume":500,"label":" ","price":82.55},{"type":"B","date":"2018-04-13T02:00:04.000Z","volume":500,"label":" ","price":82.45},{"type":"B","date":"2018-04-13T02:00:06.000Z","volume":500,"label":" ","price":82.45},{"type":"A","date":"2018-04-13T02:00:06.000Z","volume":1000,"label":" ","price":82.55},{"type":"B","date":"2018-04-13T02:00:06.000Z","volume":500,"label":" ","price":82.5},{"type":"A","date":"2018-04-13T02:00:07.000Z","volume":1500,"label":" ","price":82.55},{"type":"A","date":"2018-04-13T02:00:22.000Z","volume":2500,"label":" ","price":82.6},{"type":"U","date":"2018-04-13T02:02:02.000Z","volume":3000,"label":" ","price":82.75},{"type":"B","date":"2018-04-13T02:02:14.000Z","volume":2000,"label":" ","price":82.7},{"type":"A","date":"2018-04-13T02:02:17.000Z","volume":5000,"label":" ","price":82.8},{"type":"A","date":"2018-04-13T02:02:17.000Z","volume":1500,"label":" ","price":82.8},{"type":"B","date":"2018-04-13T02:02:17.000Z","volume":500,"label":" ","price":82.75},{"type":"A","date":"2018-04-13T02:02:23.000Z","volume":3000,"label":" ","price":82.85},{"type":"B","date":"2018-04-13T02:02:23.000Z","volume":500,"label":" ","price":82.75},{"type":"U","date":"2018-04-13T02:02:32.000Z","volume":500,"label":"X","price":82.825},{"type":"A","date":"2018-04-13T02:02:32.000Z","volume":500,"label":" ","price":82.9},{"type":"A","date":"2018-04-13T02:02:37.000Z","volume":500,"label":" ","price":82.9},{"type":"A","date":"2018-04-13T02:02:37.000Z","volume":3000,"label":" ","price":83},{"type":"A","date":"2018-04-13T02:02:38.000Z","volume":500,"label":" ","price":83.05},{"type":"B","date":"2018-04-13T02:02:41.000Z","volume":500,"label":" ","price":82.9},{"type":"A","date":"2018-04-13T02:02:56.000Z","volume":2500,"label":" ","price":83.15},{"type":"A","date":"2018-04-13T02:02:56.000Z","volume":500,"label":" ","price":83.2},{"type":"A","date":"2018-04-13T02:02:56.000Z","volume":500,"label":" ","price":83.25},{"type":"A","date":"2018-04-13T02:02:56.000Z","volume":1000,"label":"Y","price":83.3},{"type":"A","date":"2018-04-13T02:02:56.000Z","volume":5000,"label":" ","price":83.3},{"type":"A","date":"2018-04-13T02:02:56.000Z","volume":500,"label":" ","price":83.3},{"type":"B","date":"2018-04-13T02:02:57.000Z","volume":500,"label":" ","price":83.3},{"type":"A","date":"2018-04-13T02:03:13.000Z","volume":500,"label":" ","price":83.45},{"type":"B","date":"2018-04-13T02:03:40.000Z","volume":2000,"label":" ","price":83.3},{"type":"B","date":"2018-04-13T02:03:41.000Z","volume":1500,"label":" ","price":83.3},{"type":"B","date":"2018-04-13T02:03:41.000Z","volume":500,"label":" ","price":83.25},{"type":"A","date":"2018-04-13T02:03:41.000Z","volume":500,"label":" ","price":83.3},{"type":"B","date":"2018-04-13T02:03:43.000Z","volume":500,"label":" ","price":83.2},{"type":"B","date":"2018-04-13T02:03:43.000Z","volume":3000,"label":" ","price":83.2},{"type":"B","date":"2018-04-13T02:03:44.000Z","volume":1000,"label":" ","price":83.15},{"type":"B","date":"2018-04-13T02:03:59.000Z","volume":1000,"label":" ","price":83.1},{"type":"B","date":"2018-04-13T02:04:06.000Z","volume":500,"label":" ","price":83.05},{"type":"A","date":"2018-04-13T02:04:32.000Z","volume":500,"label":" ","price":83.05},{"type":"B","date":"2018-04-13T02:04:32.000Z","volume":500,"label":" ","price":82.75},{"type":"U","date":"2018-04-13T02:04:59.000Z","volume":500,"label":"X","price":82.75},{"type":"A","date":"2018-04-13T02:05:10.000Z","volume":500,"label":" ","price":83.1},{"type":"B","date":"2018-04-13T02:05:10.000Z","volume":500,"label":" ","price":82.8},{"type":"B","date":"2018-04-13T02:06:24.000Z","volume":500,"label":" ","price":82.8},{"type":"B","date":"2018-04-13T02:06:35.000Z","volume":1500,"label":" ","price":82.8},{"type":"B","date":"2018-04-13T02:06:35.000Z","volume":2500,"label":" ","price":82.8},{"type":"A","date":"2018-04-13T02:06:36.000Z","volume":500,"label":" ","price":82.8},{"type":"A","date":"2018-04-13T02:06:36.000Z","volume":500,"label":" ","price":82.8},{"type":"A","date":"2018-04-13T02:06:36.000Z","volume":500,"label":" ","price":82.8},{"type":"A","date":"2018-04-13T02:06:37.000Z","volume":500,"label":" ","price":82.8},{"type":"A","date":"2018-04-13T02:06:37.000Z","volume":500,"label":" ","price":82.85},{"type":"B","date":"2018-04-13T02:06:37.000Z","volume":500,"label":" ","price":82.85},{"type":"A","date":"2018-04-13T02:06:39.000Z","volume":500,"label":" ","price":82.9},{"type":"B","date":"2018-04-13T02:08:33.000Z","volume":500,"label":" ","price":82.9},{"type":"B","date":"2018-04-13T02:08:35.000Z","volume":500,"label":" ","price":82.9},{"type":"U","date":"2018-04-13T02:09:17.000Z","volume":500,"label":"X","price":83.025},{"type":"B","date":"2018-04-13T02:10:02.000Z","volume":2000,"label":" ","price":82.95},{"type":"B","date":"2018-04-13T02:10:24.000Z","volume":1000,"label":" ","price":82.9},{"type":"B","date":"2018-04-13T02:10:24.000Z","volume":500,"label":" ","price":82.85},{"type":"A","date":"2018-04-13T02:11:01.000Z","volume":1000,"label":" ","price":83.1},{"type":"B","date":"2018-04-13T02:11:08.000Z","volume":500,"label":" ","price":82.85},{"type":"B","date":"2018-04-13T02:11:20.000Z","volume":1000,"label":" ","price":83},{"type":"B","date":"2018-04-13T02:11:26.000Z","volume":1500,"label":" ","price":82.9},{"type":"A","date":"2018-04-13T02:11:26.000Z","volume":500,"label":" ","price":82.9},{"type":"B","date":"2018-04-13T02:11:44.000Z","volume":6000,"label":" ","price":82.85},{"type":"A","date":"2018-04-13T02:11:46.000Z","volume":500,"label":" ","price":82.85},{"type":"A","date":"2018-04-13T02:11:46.000Z","volume":1000,"label":" ","price":82.85},{"type":"A","date":"2018-04-13T02:11:58.000Z","volume":1500,"label":" ","price":82.85},{"type":"U","date":"2018-04-13T02:12:27.000Z","volume":500,"label":"X","price":82.875},{"type":"B","date":"2018-04-13T02:12:29.000Z","volume":1000,"label":" ","price":82.85},{"type":"A","date":"2018-04-13T02:12:42.000Z","volume":2500,"label":" ","price":82.85},{"type":"A","date":"2018-04-13T02:12:42.000Z","volume":5000,"label":" ","price":82.9},{"type":"A","date":"2018-04-13T02:12:47.000Z","volume":500,"label":" ","price":82.85},{"type":"U","date":"2018-04-13T02:13:20.000Z","volume":500,"label":"X","price":82.825},{"type":"B","date":"2018-04-13T02:13:58.000Z","volume":2500,"label":" ","price":82.8},{"type":"A","date":"2018-04-13T02:13:58.000Z","volume":500,"label":" ","price":82.85},{"type":"B","date":"2018-04-13T02:14:04.000Z","volume":1000,"label":" ","price":82.8},{"type":"B","date":"2018-04-13T02:14:11.000Z","volume":5000,"label":" ","price":82.75},{"type":"B","date":"2018-04-13T02:14:11.000Z","volume":3000,"label":" ","price":82.7},{"type":"B","date":"2018-04-13T02:14:13.000Z","volume":500,"label":" ","price":82.75},{"type":"B","date":"2018-04-13T02:14:16.000Z","volume":500,"label":" ","price":82.65},{"type":"B","date":"2018-04-13T02:14:22.000Z","volume":2500,"label":" ","price":82.6},{"type":"A","date":"2018-04-13T02:14:27.000Z","volume":4000,"label":" ","price":82.75},{"type":"A","date":"2018-04-13T02:14:27.000Z","volume":1000,"label":" ","price":82.85},{"type":"B","date":"2018-04-13T02:14:33.000Z","volume":2500,"label":" ","price":82.85},{"type":"U","date":"2018-04-13T02:14:33.000Z","volume":500,"label":" ","price":82.7},{"type":"A","date":"2018-04-13T02:14:58.000Z","volume":500,"label":" ","price":82.8},{"type":"B","date":"2018-04-13T02:15:04.000Z","volume":1000,"label":" ","price":82.7},{"type":"B","date":"2018-04-13T02:15:11.000Z","volume":500,"label":" ","price":82.6},{"type":"A","date":"2018-04-13T02:15:40.000Z","volume":1000,"label":" ","price":82.7},{"type":"B","date":"2018-04-13T02:16:11.000Z","volume":500,"label":" ","price":82.65},{"type":"B","date":"2018-04-13T02:16:45.000Z","volume":10500,"label":" ","price":82.6},{"type":"B","date":"2018-04-13T02:16:45.000Z","volume":7500,"label":" ","price":82.6},{"type":"B","date":"2018-04-13T02:16:52.000Z","volume":1500,"label":" ","price":82.65},{"type":"A","date":"2018-04-13T02:16:53.000Z","volume":500,"label":" ","price":82.65},{"type":"B","date":"2018-04-13T02:17:01.000Z","volume":500,"label":" ","price":82.5},{"type":"B","date":"2018-04-13T02:17:04.000Z","volume":500,"label":" ","price":82.5},{"type":"B","date":"2018-04-13T02:17:08.000Z","volume":500,"label":" ","price":82.5},{"type":"B","date":"2018-04-13T02:17:31.000Z","volume":500,"label":" ","price":82.5},{"type":"A","date":"2018-04-13T02:18:06.000Z","volume":500,"label":" ","price":82.6},{"type":"B","date":"2018-04-13T02:18:06.000Z","volume":2500,"label":" ","price":82.5},{"type":"B","date":"2018-04-13T02:18:39.000Z","volume":1500,"label":" ","price":82.45},{"type":"B","date":"2018-04-13T02:18:39.000Z","volume":500,"label":" ","price":82.4},{"type":"B","date":"2018-04-13T02:18:39.000Z","volume":1000,"label":" ","price":82.35},{"type":"A","date":"2018-04-13T02:18:40.000Z","volume":500,"label":" ","price":82.35},{"type":"A","date":"2018-04-13T02:18:40.000Z","volume":500,"label":" ","price":82.35},{"type":"B","date":"2018-04-13T02:18:55.000Z","volume":500,"label":" ","price":82.3},{"type":"B","date":"2018-04-13T02:18:56.000Z","volume":1000,"label":" ","price":82.25},{"type":"B","date":"2018-04-13T02:19:01.000Z","volume":500,"label":" ","price":82.25},{"type":"B","date":"2018-04-13T02:19:01.000Z","volume":2000,"label":" ","price":82.25},{"type":"B","date":"2018-04-13T02:19:04.000Z","volume":500,"label":" ","price":82.25},{"type":"B","date":"2018-04-13T02:19:13.000Z","volume":1000,"label":" ","price":82.2},{"type":"B","date":"2018-04-13T02:20:06.000Z","volume":5000,"label":" ","price":82.1},{"type":"B","date":"2018-04-13T02:21:00.000Z","volume":500,"label":" ","price":82.15},{"type":"B","date":"2018-04-13T02:21:19.000Z","volume":1500,"label":" ","price":82.15},{"type":"B","date":"2018-04-13T02:22:01.000Z","volume":1000,"label":" ","price":82.15},{"type":"B","date":"2018-04-13T02:22:01.000Z","volume":1000,"label":" ","price":82.15},{"type":"B","date":"2018-04-13T02:22:08.000Z","volume":500,"label":" ","price":82.15},{"type":"B","date":"2018-04-13T02:22:50.000Z","volume":500,"label":" ","price":82.1},{"type":"U","date":"2018-04-13T02:23:02.000Z","volume":500,"label":"X","price":82.2},{"type":"B","date":"2018-04-13T02:23:08.000Z","volume":2000,"label":" ","price":82.1},{"type":"B","date":"2018-04-13T02:23:27.000Z","volume":1000,"label":" ","price":82.05},{"type":"U","date":"2018-04-13T02:23:44.000Z","volume":500,"label":" ","price":82.1},{"type":"A","date":"2018-04-13T02:23:44.000Z","volume":500,"label":" ","price":82.1},{"type":"A","date":"2018-04-13T02:23:44.000Z","volume":500,"label":" ","price":82.15},{"type":"A","date":"2018-04-13T02:23:46.000Z","volume":2500,"label":" ","price":82.2},{"type":"A","date":"2018-04-13T02:23:46.000Z","volume":4500,"label":" ","price":82.2},{"type":"U","date":"2018-04-13T02:24:12.000Z","volume":500,"label":"X","price":82.275},{"type":"B","date":"2018-04-13T02:24:13.000Z","volume":500,"label":" ","price":82.25},{"type":"B","date":"2018-04-13T02:24:17.000Z","volume":500,"label":" ","price":82.25},{"type":"B","date":"2018-04-13T02:24:21.000Z","volume":1000,"label":" ","price":82.25},{"type":"B","date":"2018-04-13T02:24:30.000Z","volume":1500,"label":"Y","price":82.2},{"type":"B","date":"2018-04-13T02:25:12.000Z","volume":1500,"label":" ","price":82.15},{"type":"B","date":"2018-04-13T02:25:12.000Z","volume":1000,"label":"Y","price":82.15},{"type":"B","date":"2018-04-13T02:25:12.000Z","volume":1000,"label":" ","price":82.15},{"type":"B","date":"2018-04-13T02:25:22.000Z","volume":500,"label":" ","price":82.05},{"type":"B","date":"2018-04-13T02:26:10.000Z","volume":2000,"label":" ","price":82.05},{"type":"B","date":"2018-04-13T02:26:10.000Z","volume":500,"label":" ","price":82},{"type":"B","date":"2018-04-13T02:26:20.000Z","volume":1000,"label":" ","price":82},{"type":"B","date":"2018-04-13T02:26:32.000Z","volume":500,"label":" ","price":82},{"type":"B","date":"2018-04-13T02:26:36.000Z","volume":2000,"label":" ","price":82},{"type":"B","date":"2018-04-13T02:26:53.000Z","volume":1000,"label":" ","price":82.05},{"type":"B","date":"2018-04-13T02:27:12.000Z","volume":1000,"label":" ","price":82.05},{"type":"B","date":"2018-04-13T02:27:14.000Z","volume":500,"label":" ","price":82.05},{"type":"B","date":"2018-04-13T02:28:13.000Z","volume":500,"label":" ","price":82.1},{"type":"B","date":"2018-04-13T02:28:27.000Z","volume":500,"label":" ","price":82.1},{"type":"B","date":"2018-04-13T02:28:32.000Z","volume":1000,"label":" ","price":82.1},{"type":"B","date":"2018-04-13T02:29:13.000Z","volume":2000,"label":" ","price":82.1},{"type":"B","date":"2018-04-13T02:29:14.000Z","volume":500,"label":" ","price":82.1},{"type":"B","date":"2018-04-13T02:29:14.000Z","volume":1000,"label":" ","price":82.05},{"type":"B","date":"2018-04-13T02:29:39.000Z","volume":1000,"label":" ","price":82.05},{"type":"B","date":"2018-04-13T02:29:46.000Z","volume":500,"label":" ","price":82.05},{"type":"B","date":"2018-04-13T02:29:51.000Z","volume":500,"label":" ","price":82.05},{"type":"B","date":"2018-04-13T02:30:14.000Z","volume":500,"label":" ","price":82},{"type":"B","date":"2018-04-13T02:30:17.000Z","volume":500,"label":" ","price":82},{"type":"A","date":"2018-04-13T02:30:27.000Z","volume":3000,"label":" ","price":82.1},{"type":"B","date":"2018-04-13T02:30:30.000Z","volume":1000,"label":" ","price":82.05},{"type":"U","date":"2018-04-13T02:30:32.000Z","volume":500,"label":"X","price":82.075},{"type":"B","date":"2018-04-13T02:30:35.000Z","volume":1000,"label":"Y","price":82.05},{"type":"B","date":"2018-04-13T02:30:35.000Z","volume":500,"label":" ","price":82.05},{"type":"B","date":"2018-04-13T02:30:36.000Z","volume":1000,"label":" ","price":82.05},{"type":"B","date":"2018-04-13T02:31:15.000Z","volume":1000,"label":" ","price":82},{"type":"U","date":"2018-04-13T02:31:27.000Z","volume":500,"label":"X","price":82.025},{"type":"B","date":"2018-04-13T02:31:34.000Z","volume":1000,"label":" ","price":82},{"type":"B","date":"2018-04-13T02:31:42.000Z","volume":1500,"label":" ","price":82},{"type":"B","date":"2018-04-13T02:31:42.000Z","volume":8000,"label":" ","price":82},{"type":"B","date":"2018-04-13T02:31:42.000Z","volume":1500,"label":" ","price":82},{"type":"B","date":"2018-04-13T02:31:44.000Z","volume":500,"label":" ","price":81.95},{"type":"B","date":"2018-04-13T02:31:45.000Z","volume":2000,"label":" ","price":81.9},{"type":"B","date":"2018-04-13T02:31:50.000Z","volume":500,"label":" ","price":81.85},{"type":"A","date":"2018-04-13T02:31:53.000Z","volume":500,"label":" ","price":81.9},{"type":"B","date":"2018-04-13T02:31:54.000Z","volume":500,"label":" ","price":81.85},{"type":"B","date":"2018-04-13T02:31:54.000Z","volume":500,"label":" ","price":81.8},{"type":"B","date":"2018-04-13T02:32:09.000Z","volume":2000,"label":" ","price":81.65},{"type":"B","date":"2018-04-13T02:32:15.000Z","volume":500,"label":" ","price":81.65},{"type":"B","date":"2018-04-13T02:32:47.000Z","volume":500,"label":" ","price":81.65},{"type":"B","date":"2018-04-13T02:32:53.000Z","volume":500,"label":" ","price":81.65},{"type":"B","date":"2018-04-13T02:32:59.000Z","volume":3500,"label":" ","price":81.65},{"type":"B","date":"2018-04-13T02:32:59.000Z","volume":8000,"label":" ","price":81.6},{"type":"B","date":"2018-04-13T02:32:59.000Z","volume":1000,"label":" ","price":81.55},{"type":"B","date":"2018-04-13T02:32:59.000Z","volume":7500,"label":" ","price":81.5},{"type":"B","date":"2018-04-13T02:33:32.000Z","volume":1000,"label":" ","price":81.65},{"type":"B","date":"2018-04-13T02:34:09.000Z","volume":500,"label":"Y","price":81.65},{"type":"B","date":"2018-04-13T02:34:09.000Z","volume":1000,"label":" ","price":81.65},{"type":"A","date":"2018-04-13T02:34:09.000Z","volume":500,"label":" ","price":81.65},{"type":"B","date":"2018-04-13T02:34:18.000Z","volume":500,"label":" ","price":81.55},{"type":"A","date":"2018-04-13T02:34:23.000Z","volume":500,"label":" ","price":81.65},{"type":"A","date":"2018-04-13T02:34:42.000Z","volume":5000,"label":" ","price":81.65},{"type":"A","date":"2018-04-13T02:34:42.000Z","volume":5000,"label":" ","price":81.65},{"type":"A","date":"2018-04-13T02:34:42.000Z","volume":1000,"label":" ","price":81.7},{"type":"A","date":"2018-04-13T02:34:42.000Z","volume":500,"label":" ","price":81.7},{"type":"U","date":"2018-04-13T02:34:42.000Z","volume":1000,"label":" ","price":81.7},{"type":"A","date":"2018-04-13T02:34:42.000Z","volume":500,"label":" ","price":81.75},{"type":"A","date":"2018-04-13T02:34:47.000Z","volume":1500,"label":" ","price":81.8},{"type":"A","date":"2018-04-13T02:35:11.000Z","volume":500,"label":" ","price":81.9},{"type":"B","date":"2018-04-13T02:35:58.000Z","volume":3000,"label":" ","price":81.85},{"type":"B","date":"2018-04-13T02:36:06.000Z","volume":2500,"label":" ","price":81.75},{"type":"B","date":"2018-04-13T02:36:06.000Z","volume":500,"label":" ","price":81.75},{"type":"U","date":"2018-04-13T02:36:38.000Z","volume":500,"label":"X","price":81.825},{"type":"A","date":"2018-04-13T02:36:40.000Z","volume":5000,"label":" ","price":81.85},{"type":"A","date":"2018-04-13T02:37:05.000Z","volume":500,"label":" ","price":81.85},{"type":"B","date":"2018-04-13T02:37:11.000Z","volume":500,"label":" ","price":81.8},{"type":"A","date":"2018-04-13T02:37:14.000Z","volume":500,"label":" ","price":81.85},{"type":"B","date":"2018-04-13T02:37:36.000Z","volume":500,"label":" ","price":81.8},{"type":"B","date":"2018-04-13T02:37:46.000Z","volume":500,"label":" ","price":81.75},{"type":"B","date":"2018-04-13T02:38:04.000Z","volume":500,"label":" ","price":81.75},{"type":"A","date":"2018-04-13T02:38:12.000Z","volume":500,"label":" ","price":81.75},{"type":"B","date":"2018-04-13T02:38:21.000Z","volume":500,"label":" ","price":81.7},{"type":"A","date":"2018-04-13T02:39:01.000Z","volume":500,"label":" ","price":81.7},{"type":"A","date":"2018-04-13T02:39:19.000Z","volume":2000,"label":" ","price":81.7},{"type":"A","date":"2018-04-13T02:39:28.000Z","volume":7000,"label":" ","price":81.7},{"type":"A","date":"2018-04-13T02:39:28.000Z","volume":1000,"label":" ","price":81.7},{"type":"A","date":"2018-04-13T02:39:28.000Z","volume":1000,"label":" ","price":81.7},{"type":"B","date":"2018-04-13T02:39:43.000Z","volume":3500,"label":" ","price":81.65},{"type":"A","date":"2018-04-13T02:40:05.000Z","volume":9000,"label":" ","price":81.7},{"type":"A","date":"2018-04-13T02:40:06.000Z","volume":23000,"label":" ","price":81.75},{"type":"A","date":"2018-04-13T02:40:06.000Z","volume":2500,"label":" ","price":81.8},{"type":"B","date":"2018-04-13T02:40:07.000Z","volume":500,"label":" ","price":81.7},{"type":"A","date":"2018-04-13T02:40:08.000Z","volume":1000,"label":" ","price":81.85},{"type":"B","date":"2018-04-13T02:40:14.000Z","volume":3000,"label":" ","price":81.8},{"type":"B","date":"2018-04-13T02:40:16.000Z","volume":1000,"label":" ","price":81.85},{"type":"B","date":"2018-04-13T02:40:16.000Z","volume":2000,"label":" ","price":81.8},{"type":"A","date":"2018-04-13T02:40:23.000Z","volume":500,"label":" ","price":81.9},{"type":"U","date":"2018-04-13T02:40:47.000Z","volume":500,"label":"X","price":81.85},{"type":"U","date":"2018-04-13T02:41:01.000Z","volume":1000,"label":" ","price":81.85},{"type":"B","date":"2018-04-13T02:41:08.000Z","volume":1000,"label":" ","price":81.8},{"type":"A","date":"2018-04-13T02:41:23.000Z","volume":500,"label":" ","price":81.9},{"type":"B","date":"2018-04-13T02:41:34.000Z","volume":2500,"label":" ","price":81.75},{"type":"B","date":"2018-04-13T02:41:57.000Z","volume":2500,"label":" ","price":81.65},{"type":"B","date":"2018-04-13T02:42:00.000Z","volume":2000,"label":" ","price":81.6},{"type":"A","date":"2018-04-13T02:42:01.000Z","volume":500,"label":" ","price":81.6},{"type":"B","date":"2018-04-13T02:42:13.000Z","volume":2500,"label":" ","price":81.55},{"type":"B","date":"2018-04-13T02:42:19.000Z","volume":7000,"label":" ","price":81.5},{"type":"B","date":"2018-04-13T02:42:31.000Z","volume":2500,"label":" ","price":81.55},{"type":"B","date":"2018-04-13T02:42:31.000Z","volume":5000,"label":" ","price":81.5},{"type":"B","date":"2018-04-13T02:42:31.000Z","volume":3000,"label":" ","price":81.5},{"type":"B","date":"2018-04-13T02:42:50.000Z","volume":500,"label":" ","price":81.4},{"type":"B","date":"2018-04-13T02:42:53.000Z","volume":2500,"label":" ","price":81.45},{"type":"B","date":"2018-04-13T02:42:53.000Z","volume":5000,"label":" ","price":81.4},{"type":"B","date":"2018-04-13T02:42:53.000Z","volume":3000,"label":" ","price":81.4},{"type":"U","date":"2018-04-13T02:43:23.000Z","volume":500,"label":" ","price":81.4},{"type":"B","date":"2018-04-13T02:44:07.000Z","volume":1500,"label":" ","price":81.35},{"type":"B","date":"2018-04-13T02:44:10.000Z","volume":1000,"label":" ","price":81.35},{"type":"B","date":"2018-04-13T02:44:44.000Z","volume":2500,"label":" ","price":81.35},{"type":"B","date":"2018-04-13T02:44:48.000Z","volume":2000,"label":" ","price":81.35},{"type":"B","date":"2018-04-13T02:44:56.000Z","volume":2500,"label":" ","price":81.4},{"type":"B","date":"2018-04-13T02:45:08.000Z","volume":5000,"label":" ","price":81.3},{"type":"B","date":"2018-04-13T02:45:11.000Z","volume":2500,"label":" ","price":81.3},{"type":"B","date":"2018-04-13T02:45:22.000Z","volume":2000,"label":" ","price":81.25},{"type":"U","date":"2018-04-13T02:45:27.000Z","volume":80,"label":"D","price":81.35},{"type":"A","date":"2018-04-13T02:45:37.000Z","volume":3000,"label":" ","price":81.25},{"type":"A","date":"2018-04-13T02:45:37.000Z","volume":5500,"label":" ","price":81.25},{"type":"B","date":"2018-04-13T02:45:42.000Z","volume":2500,"label":" ","price":81.25},{"type":"B","date":"2018-04-13T02:46:03.000Z","volume":500,"label":" ","price":81.25},{"type":"A","date":"2018-04-13T02:46:11.000Z","volume":10500,"label":" ","price":81.3},{"type":"A","date":"2018-04-13T02:46:11.000Z","volume":2500,"label":" ","price":81.35},{"type":"A","date":"2018-04-13T02:46:11.000Z","volume":500,"label":" ","price":81.4},{"type":"B","date":"2018-04-13T02:46:15.000Z","volume":2000,"label":" ","price":81.7},{"type":"B","date":"2018-04-13T02:46:15.000Z","volume":1000,"label":" ","price":81.65},{"type":"B","date":"2018-04-13T02:46:15.000Z","volume":500,"label":" ","price":81.55},{"type":"A","date":"2018-04-13T02:46:16.000Z","volume":500,"label":" ","price":81.5},{"type":"A","date":"2018-04-13T02:47:09.000Z","volume":1000,"label":" ","price":81.5},{"type":"A","date":"2018-04-13T02:47:32.000Z","volume":500,"label":" ","price":81.45},{"type":"A","date":"2018-04-13T02:47:36.000Z","volume":500,"label":" ","price":81.45},{"type":"A","date":"2018-04-13T02:47:40.000Z","volume":2500,"label":" ","price":81.5},{"type":"A","date":"2018-04-13T02:47:49.000Z","volume":500,"label":" ","price":81.55},{"type":"U","date":"2018-04-13T02:48:27.000Z","volume":500,"label":"X","price":81.5},{"type":"A","date":"2018-04-13T02:48:28.000Z","volume":2000,"label":" ","price":81.55},{"type":"A","date":"2018-04-13T02:48:28.000Z","volume":500,"label":" ","price":81.65},{"type":"A","date":"2018-04-13T02:48:28.000Z","volume":1000,"label":" ","price":81.7},{"type":"A","date":"2018-04-13T02:48:28.000Z","volume":1000,"label":" ","price":81.7},{"type":"A","date":"2018-04-13T02:48:28.000Z","volume":1000,"label":" ","price":81.7},{"type":"A","date":"2018-04-13T02:48:28.000Z","volume":1000,"label":" ","price":81.7},{"type":"A","date":"2018-04-13T02:48:33.000Z","volume":4000,"label":" ","price":81.85},{"type":"B","date":"2018-04-13T02:48:37.000Z","volume":500,"label":" ","price":81.8},{"type":"A","date":"2018-04-13T02:48:37.000Z","volume":500,"label":" ","price":81.8},{"type":"A","date":"2018-04-13T02:49:09.000Z","volume":500,"label":" ","price":81.8},{"type":"B","date":"2018-04-13T02:49:10.000Z","volume":1500,"label":" ","price":81.75},{"type":"U","date":"2018-04-13T02:49:19.000Z","volume":500,"label":"X","price":81.775},{"type":"B","date":"2018-04-13T02:49:19.000Z","volume":500,"label":" ","price":81.75},{"type":"A","date":"2018-04-13T02:49:35.000Z","volume":4000,"label":" ","price":81.8},{"type":"B","date":"2018-04-13T02:49:39.000Z","volume":500,"label":" ","price":81.75},{"type":"B","date":"2018-04-13T02:49:39.000Z","volume":1500,"label":" ","price":81.7},{"type":"A","date":"2018-04-13T02:49:39.000Z","volume":500,"label":" ","price":81.7},{"type":"A","date":"2018-04-13T02:49:41.000Z","volume":1000,"label":" ","price":81.7},{"type":"B","date":"2018-04-13T02:50:15.000Z","volume":1000,"label":"Y","price":81.65},{"type":"B","date":"2018-04-13T02:50:15.000Z","volume":4000,"label":" ","price":81.65},{"type":"B","date":"2018-04-13T02:50:15.000Z","volume":500,"label":" ","price":81.55},{"type":"B","date":"2018-04-13T02:50:48.000Z","volume":2000,"label":" ","price":81.45},{"type":"B","date":"2018-04-13T02:50:53.000Z","volume":2500,"label":" ","price":81.4},{"type":"B","date":"2018-04-13T02:50:53.000Z","volume":1000,"label":" ","price":81.4},{"type":"B","date":"2018-04-13T02:50:56.000Z","volume":1000,"label":" ","price":81.45},{"type":"B","date":"2018-04-13T02:51:20.000Z","volume":2000,"label":" ","price":81.35},{"type":"B","date":"2018-04-13T02:51:22.000Z","volume":500,"label":" ","price":81.3},{"type":"A","date":"2018-04-13T02:51:36.000Z","volume":500,"label":" ","price":81.35},{"type":"A","date":"2018-04-13T02:51:41.000Z","volume":500,"label":" ","price":81.35},{"type":"A","date":"2018-04-13T02:52:10.000Z","volume":500,"label":" ","price":81.35},{"type":"B","date":"2018-04-13T02:52:24.000Z","volume":1000,"label":" ","price":81.3},{"type":"B","date":"2018-04-13T02:52:24.000Z","volume":2000,"label":" ","price":81.3},{"type":"A","date":"2018-04-13T02:52:30.000Z","volume":500,"label":" ","price":81.3},{"type":"A","date":"2018-04-13T02:52:43.000Z","volume":500,"label":" ","price":81.3},{"type":"B","date":"2018-04-13T02:53:19.000Z","volume":500,"label":" ","price":81.25},{"type":"B","date":"2018-04-13T02:53:34.000Z","volume":500,"label":" ","price":81.25},{"type":"B","date":"2018-04-13T02:53:34.000Z","volume":3500,"label":" ","price":81.25},{"type":"B","date":"2018-04-13T02:53:34.000Z","volume":1000,"label":" ","price":81.25},{"type":"A","date":"2018-04-13T02:53:37.000Z","volume":500,"label":" ","price":81.25},{"type":"B","date":"2018-04-13T02:53:43.000Z","volume":5000,"label":" ","price":81.2},{"type":"B","date":"2018-04-13T02:53:43.000Z","volume":500,"label":" ","price":81.2},{"type":"A","date":"2018-04-13T02:53:45.000Z","volume":3000,"label":" ","price":81.25},{"type":"B","date":"2018-04-13T02:54:09.000Z","volume":1500,"label":" ","price":81.2},{"type":"A","date":"2018-04-13T02:54:14.000Z","volume":500,"label":" ","price":81.2},{"type":"A","date":"2018-04-13T02:54:33.000Z","volume":500,"label":" ","price":81.2},{"type":"A","date":"2018-04-13T02:54:39.000Z","volume":500,"label":" ","price":81.2},{"type":"B","date":"2018-04-13T02:54:41.000Z","volume":1000,"label":" ","price":81.15},{"type":"B","date":"2018-04-13T02:54:41.000Z","volume":2000,"label":" ","price":81.1},{"type":"A","date":"2018-04-13T02:55:27.000Z","volume":500,"label":" ","price":81.1},{"type":"A","date":"2018-04-13T02:55:27.000Z","volume":500,"label":" ","price":81.1},{"type":"B","date":"2018-04-13T02:55:34.000Z","volume":4000,"label":" ","price":81.05},{"type":"B","date":"2018-04-13T02:55:35.000Z","volume":500,"label":" ","price":81},{"type":"B","date":"2018-04-13T02:55:35.000Z","volume":1000,"label":" ","price":81},{"type":"A","date":"2018-04-13T02:55:35.000Z","volume":500,"label":" ","price":81.1},{"type":"B","date":"2018-04-13T02:55:36.000Z","volume":49000,"label":" ","price":81},{"type":"B","date":"2018-04-13T02:55:36.000Z","volume":500,"label":" ","price":80.95},{"type":"B","date":"2018-04-13T02:55:36.000Z","volume":2000,"label":" ","price":80.9},{"type":"B","date":"2018-04-13T02:55:36.000Z","volume":500,"label":" ","price":80.85},{"type":"B","date":"2018-04-13T02:55:36.000Z","volume":25000,"label":" ","price":80.8},{"type":"B","date":"2018-04-13T02:55:36.000Z","volume":7500,"label":" ","price":80.7},{"type":"B","date":"2018-04-13T02:55:36.000Z","volume":5000,"label":" ","price":80.55},{"type":"A","date":"2018-04-13T02:55:36.000Z","volume":500,"label":" ","price":80.75},{"type":"A","date":"2018-04-13T02:55:40.000Z","volume":500,"label":" ","price":80.55},{"type":"B","date":"2018-04-13T02:55:45.000Z","volume":1000,"label":" ","price":80.55},{"type":"B","date":"2018-04-13T02:55:45.000Z","volume":2000,"label":" ","price":80.5},{"type":"A","date":"2018-04-13T02:55:46.000Z","volume":8000,"label":" ","price":80.75},{"type":"A","date":"2018-04-13T02:55:46.000Z","volume":500,"label":" ","price":80.8},{"type":"A","date":"2018-04-13T02:55:48.000Z","volume":500,"label":" ","price":80.85},{"type":"A","date":"2018-04-13T02:56:27.000Z","volume":500,"label":" ","price":80.9},{"type":"B","date":"2018-04-13T02:56:28.000Z","volume":5500,"label":" ","price":80.8},{"type":"B","date":"2018-04-13T02:56:28.000Z","volume":500,"label":" ","price":80.75},{"type":"A","date":"2018-04-13T02:56:29.000Z","volume":500,"label":" ","price":80.75},{"type":"B","date":"2018-04-13T02:56:40.000Z","volume":1500,"label":" ","price":80.65},{"type":"U","date":"2018-04-13T02:56:41.000Z","volume":500,"label":" ","price":80.65},{"type":"B","date":"2018-04-13T02:56:49.000Z","volume":1000,"label":" ","price":80.55},{"type":"B","date":"2018-04-13T02:57:12.000Z","volume":500,"label":" ","price":80.6},{"type":"A","date":"2018-04-13T02:57:14.000Z","volume":500,"label":" ","price":80.65},{"type":"A","date":"2018-04-13T02:57:22.000Z","volume":500,"label":" ","price":80.65},{"type":"B","date":"2018-04-13T02:57:24.000Z","volume":1000,"label":" ","price":80.6},{"type":"B","date":"2018-04-13T02:57:28.000Z","volume":2500,"label":" ","price":80.6},{"type":"B","date":"2018-04-13T02:57:28.000Z","volume":500,"label":" ","price":80.55},{"type":"A","date":"2018-04-13T02:57:28.000Z","volume":500,"label":" ","price":80.6},{"type":"B","date":"2018-04-13T02:57:37.000Z","volume":500,"label":" ","price":80.6},{"type":"A","date":"2018-04-13T02:57:56.000Z","volume":500,"label":" ","price":80.6},{"type":"A","date":"2018-04-13T02:57:58.000Z","volume":1000,"label":" ","price":80.6},{"type":"A","date":"2018-04-13T02:57:58.000Z","volume":500,"label":" ","price":80.6},{"type":"B","date":"2018-04-13T02:57:58.000Z","volume":500,"label":" ","price":80.6},{"type":"B","date":"2018-04-13T02:57:59.000Z","volume":500,"label":" ","price":80.6},{"type":"B","date":"2018-04-13T02:58:09.000Z","volume":500,"label":" ","price":80.6},{"type":"A","date":"2018-04-13T02:58:25.000Z","volume":11000,"label":" ","price":80.65},{"type":"A","date":"2018-04-13T02:58:27.000Z","volume":500,"label":" ","price":80.75},{"type":"A","date":"2018-04-13T02:59:00.000Z","volume":1000,"label":" ","price":80.85},{"type":"B","date":"2018-04-13T02:59:08.000Z","volume":1000,"label":" ","price":80.8},{"type":"A","date":"2018-04-13T02:59:21.000Z","volume":11000,"label":" ","price":80.9},{"type":"U","date":"2018-04-13T02:59:42.000Z","volume":500,"label":"X","price":80.95},{"type":"A","date":"2018-04-13T02:59:51.000Z","volume":9500,"label":" ","price":81},{"type":"A","date":"2018-04-13T02:59:53.000Z","volume":500,"label":" ","price":81.05},{"type":"A","date":"2018-04-13T03:00:08.000Z","volume":1000,"label":" ","price":81.1},{"type":"B","date":"2018-04-13T03:00:14.000Z","volume":3500,"label":" ","price":81.05},{"type":"B","date":"2018-04-13T03:00:14.000Z","volume":2000,"label":" ","price":81},{"type":"A","date":"2018-04-13T03:00:15.000Z","volume":500,"label":" ","price":81},{"type":"A","date":"2018-04-13T03:00:19.000Z","volume":500,"label":" ","price":81},{"type":"A","date":"2018-04-13T03:00:29.000Z","volume":500,"label":" ","price":81},{"type":"B","date":"2018-04-13T03:00:39.000Z","volume":3000,"label":" ","price":80.9},{"type":"B","date":"2018-04-13T03:00:58.000Z","volume":500,"label":" ","price":80.9},{"type":"B","date":"2018-04-13T03:01:04.000Z","volume":500,"label":" ","price":80.85},{"type":"B","date":"2018-04-13T03:01:26.000Z","volume":1000,"label":" ","price":80.85},{"type":"U","date":"2018-04-13T03:01:32.000Z","volume":500,"label":"X","price":80.875},{"type":"B","date":"2018-04-13T03:01:32.000Z","volume":1000,"label":" ","price":80.85},{"type":"A","date":"2018-04-13T03:01:38.000Z","volume":500,"label":" ","price":80.85},{"type":"B","date":"2018-04-13T03:01:48.000Z","volume":2500,"label":" ","price":80.8},{"type":"B","date":"2018-04-13T03:01:48.000Z","volume":500,"label":" ","price":80.75},{"type":"B","date":"2018-04-13T03:01:48.000Z","volume":1000,"label":" ","price":80.7},{"type":"A","date":"2018-04-13T03:01:48.000Z","volume":1000,"label":" ","price":80.7},{"type":"A","date":"2018-04-13T03:01:52.000Z","volume":7000,"label":" ","price":80.7},{"type":"B","date":"2018-04-13T03:01:56.000Z","volume":500,"label":" ","price":80.65},{"type":"A","date":"2018-04-13T03:01:56.000Z","volume":500,"label":" ","price":80.75},{"type":"B","date":"2018-04-13T03:02:22.000Z","volume":1500,"label":" ","price":80.7},{"type":"B","date":"2018-04-13T03:02:30.000Z","volume":2000,"label":" ","price":80.7},{"type":"U","date":"2018-04-13T03:02:34.000Z","volume":500,"label":" ","price":80.7},{"type":"A","date":"2018-04-13T03:02:34.000Z","volume":500,"label":" ","price":80.7},{"type":"U","date":"2018-04-13T03:03:12.000Z","volume":500,"label":"X","price":80.675},{"type":"A","date":"2018-04-13T03:03:15.000Z","volume":500,"label":" ","price":80.7},{"type":"A","date":"2018-04-13T03:03:26.000Z","volume":500,"label":" ","price":80.7},{"type":"A","date":"2018-04-13T03:03:49.000Z","volume":5000,"label":" ","price":80.7},{"type":"B","date":"2018-04-13T03:03:49.000Z","volume":500,"label":" ","price":80.65},{"type":"A","date":"2018-04-13T03:03:54.000Z","volume":500,"label":" ","price":80.7},{"type":"A","date":"2018-04-13T03:03:55.000Z","volume":500,"label":" ","price":80.7},{"type":"A","date":"2018-04-13T03:04:39.000Z","volume":1500,"label":" ","price":80.7},{"type":"B","date":"2018-04-13T03:04:39.000Z","volume":1000,"label":" ","price":80.65},{"type":"A","date":"2018-04-13T03:05:14.000Z","volume":500,"label":" ","price":80.7},{"type":"A","date":"2018-04-13T03:05:45.000Z","volume":500,"label":" ","price":80.7},{"type":"A","date":"2018-04-13T03:05:52.000Z","volume":1000,"label":" ","price":80.7},{"type":"U","date":"2018-04-13T03:06:02.000Z","volume":500,"label":"X","price":80.675},{"type":"A","date":"2018-04-13T03:06:24.000Z","volume":1000,"label":" ","price":80.7},{"type":"A","date":"2018-04-13T03:06:25.000Z","volume":500,"label":" ","price":80.7},{"type":"B","date":"2018-04-13T03:06:37.000Z","volume":500,"label":" ","price":80.65},{"type":"B","date":"2018-04-13T03:06:38.000Z","volume":2000,"label":" ","price":80.65},{"type":"A","date":"2018-04-13T03:06:54.000Z","volume":1000,"label":" ","price":80.7},{"type":"A","date":"2018-04-13T03:07:09.000Z","volume":500,"label":" ","price":80.7},{"type":"B","date":"2018-04-13T03:07:20.000Z","volume":500,"label":"Y","price":80.65},{"type":"A","date":"2018-04-13T03:07:22.000Z","volume":1000,"label":" ","price":80.7},{"type":"A","date":"2018-04-13T03:07:33.000Z","volume":1000,"label":" ","price":80.7},{"type":"A","date":"2018-04-13T03:07:37.000Z","volume":500,"label":" ","price":80.7},{"type":"B","date":"2018-04-13T03:07:48.000Z","volume":2000,"label":" ","price":80.65},{"type":"B","date":"2018-04-13T03:07:59.000Z","volume":1000,"label":" ","price":80.65},{"type":"B","date":"2018-04-13T03:08:00.000Z","volume":500,"label":" ","price":80.65},{"type":"B","date":"2018-04-13T03:08:31.000Z","volume":500,"label":" ","price":80.6},{"type":"B","date":"2018-04-13T03:08:39.000Z","volume":500,"label":" ","price":80.6},{"type":"B","date":"2018-04-13T03:08:41.000Z","volume":4000,"label":" ","price":80.6},{"type":"B","date":"2018-04-13T03:08:41.000Z","volume":1000,"label":" ","price":80.6},{"type":"U","date":"2018-04-13T03:08:42.000Z","volume":500,"label":"X","price":80.625},{"type":"B","date":"2018-04-13T03:08:43.000Z","volume":2500,"label":" ","price":80.6},{"type":"B","date":"2018-04-13T03:08:43.000Z","volume":500,"label":" ","price":80.55},{"type":"B","date":"2018-04-13T03:08:43.000Z","volume":500,"label":" ","price":80.55},{"type":"B","date":"2018-04-13T03:08:43.000Z","volume":13000,"label":" ","price":80.55},{"type":"B","date":"2018-04-13T03:08:53.000Z","volume":15000,"label":" ","price":80.5},{"type":"B","date":"2018-04-13T03:08:53.000Z","volume":2000,"label":" ","price":80.4},{"type":"B","date":"2018-04-13T03:08:53.000Z","volume":2500,"label":" ","price":80.3},{"type":"B","date":"2018-04-13T03:08:54.000Z","volume":5000,"label":" ","price":80.2},{"type":"B","date":"2018-04-13T03:08:54.000Z","volume":1500,"label":" ","price":80.2},{"type":"B","date":"2018-04-13T03:08:54.000Z","volume":500,"label":" ","price":80.2},{"type":"A","date":"2018-04-13T03:08:54.000Z","volume":500,"label":" ","price":80.35},{"type":"B","date":"2018-04-13T03:08:54.000Z","volume":4500,"label":" ","price":80.2},{"type":"A","date":"2018-04-13T03:08:58.000Z","volume":4500,"label":" ","price":80.3},{"type":"B","date":"2018-04-13T03:09:02.000Z","volume":4000,"label":" ","price":80.3},{"type":"B","date":"2018-04-13T03:09:02.000Z","volume":1000,"label":" ","price":80.3},{"type":"A","date":"2018-04-13T03:09:02.000Z","volume":500,"label":" ","price":80.25},{"type":"B","date":"2018-04-13T03:09:03.000Z","volume":500,"label":" ","price":80.15},{"type":"A","date":"2018-04-13T03:09:10.000Z","volume":2000,"label":" ","price":80.2},{"type":"B","date":"2018-04-13T03:09:14.000Z","volume":500,"label":" ","price":80.15},{"type":"A","date":"2018-04-13T03:09:15.000Z","volume":1500,"label":" ","price":80.25},{"type":"B","date":"2018-04-13T03:09:16.000Z","volume":1000,"label":" ","price":80.15},{"type":"A","date":"2018-04-13T03:09:22.000Z","volume":1000,"label":" ","price":80.3},{"type":"B","date":"2018-04-13T03:09:28.000Z","volume":500,"label":" ","price":80.2},{"type":"A","date":"2018-04-13T03:09:52.000Z","volume":500,"label":" ","price":80.35},{"type":"B","date":"2018-04-13T03:09:55.000Z","volume":500,"label":" ","price":80.25},{"type":"A","date":"2018-04-13T03:10:01.000Z","volume":1000,"label":" ","price":80.35},{"type":"A","date":"2018-04-13T03:10:03.000Z","volume":3000,"label":" ","price":80.35},{"type":"B","date":"2018-04-13T03:10:04.000Z","volume":1500,"label":" ","price":80.3},{"type":"B","date":"2018-04-13T03:10:04.000Z","volume":1000,"label":" ","price":80.25},{"type":"B","date":"2018-04-13T03:10:04.000Z","volume":1000,"label":" ","price":80.25},{"type":"B","date":"2018-04-13T03:10:04.000Z","volume":1500,"label":" ","price":80.2},{"type":"A","date":"2018-04-13T03:10:04.000Z","volume":500,"label":" ","price":80.25},{"type":"A","date":"2018-04-13T03:10:07.000Z","volume":1000,"label":" ","price":80.25},{"type":"B","date":"2018-04-13T03:10:10.000Z","volume":1000,"label":"Y","price":80.25},{"type":"B","date":"2018-04-13T03:10:10.000Z","volume":500,"label":" ","price":80.2},{"type":"B","date":"2018-04-13T03:10:23.000Z","volume":3000,"label":" ","price":80.2},{"type":"B","date":"2018-04-13T03:10:24.000Z","volume":4000,"label":" ","price":80.15},{"type":"B","date":"2018-04-13T03:10:24.000Z","volume":1000,"label":" ","price":80.1},{"type":"U","date":"2018-04-13T03:10:35.000Z","volume":500,"label":" ","price":80.2},{"type":"B","date":"2018-04-13T03:10:42.000Z","volume":1000,"label":" ","price":80.1},{"type":"B","date":"2018-04-13T03:10:51.000Z","volume":1500,"label":" ","price":80.1},{"type":"A","date":"2018-04-13T03:10:51.000Z","volume":2000,"label":" ","price":80.1},{"type":"A","date":"2018-04-13T03:10:51.000Z","volume":500,"label":" ","price":80.1},{"type":"B","date":"2018-04-13T03:10:51.000Z","volume":500,"label":" ","price":80.1},{"type":"A","date":"2018-04-13T03:11:00.000Z","volume":500,"label":" ","price":80.15},{"type":"A","date":"2018-04-13T03:11:00.000Z","volume":500,"label":" ","price":80.2},{"type":"B","date":"2018-04-13T03:11:03.000Z","volume":500,"label":" ","price":80.2},{"type":"A","date":"2018-04-13T03:11:03.000Z","volume":2500,"label":" ","price":80.25},{"type":"A","date":"2018-04-13T03:11:04.000Z","volume":500,"label":" ","price":80.3},{"type":"B","date":"2018-04-13T03:11:18.000Z","volume":1500,"label":" ","price":80.25},{"type":"B","date":"2018-04-13T03:11:20.000Z","volume":500,"label":" ","price":80.25},{"type":"A","date":"2018-04-13T03:11:38.000Z","volume":1000,"label":" ","price":80.2},{"type":"B","date":"2018-04-13T03:11:39.000Z","volume":3000,"label":" ","price":80.2},{"type":"B","date":"2018-04-13T03:11:39.000Z","volume":2000,"label":" ","price":80.15},{"type":"B","date":"2018-04-13T03:11:47.000Z","volume":1500,"label":" ","price":80.15},{"type":"U","date":"2018-04-13T03:11:50.000Z","volume":500,"label":" ","price":80.15},{"type":"B","date":"2018-04-13T03:11:53.000Z","volume":1000,"label":" ","price":80.15},{"type":"B","date":"2018-04-13T03:12:13.000Z","volume":500,"label":" ","price":80.2},{"type":"B","date":"2018-04-13T03:12:24.000Z","volume":5000,"label":" ","price":80.2},{"type":"A","date":"2018-04-13T03:12:29.000Z","volume":500,"label":" ","price":80.2},{"type":"B","date":"2018-04-13T03:12:39.000Z","volume":500,"label":"Y","price":80.2},{"type":"B","date":"2018-04-13T03:12:46.000Z","volume":2000,"label":" ","price":80.15},{"type":"B","date":"2018-04-13T03:12:47.000Z","volume":4500,"label":" ","price":80.15},{"type":"A","date":"2018-04-13T03:12:47.000Z","volume":1000,"label":" ","price":80.15},{"type":"A","date":"2018-04-13T03:12:47.000Z","volume":500,"label":" ","price":80.15},{"type":"B","date":"2018-04-13T03:13:00.000Z","volume":1000,"label":" ","price":80.1},{"type":"B","date":"2018-04-13T03:13:04.000Z","volume":500,"label":" ","price":80.1},{"type":"B","date":"2018-04-13T03:13:04.000Z","volume":1500,"label":" ","price":80.1},{"type":"A","date":"2018-04-13T03:13:08.000Z","volume":500,"label":" ","price":80.15},{"type":"B","date":"2018-04-13T03:13:10.000Z","volume":1000,"label":" ","price":80.1},{"type":"A","date":"2018-04-13T03:13:13.000Z","volume":1000,"label":" ","price":80.1},{"type":"B","date":"2018-04-13T03:13:15.000Z","volume":1000,"label":" ","price":80.05},{"type":"B","date":"2018-04-13T03:13:19.000Z","volume":1500,"label":" ","price":80.05},{"type":"B","date":"2018-04-13T03:13:34.000Z","volume":1000,"label":"Y","price":80},{"type":"B","date":"2018-04-13T03:13:34.000Z","volume":11500,"label":" ","price":80},{"type":"B","date":"2018-04-13T03:13:34.000Z","volume":9500,"label":" ","price":80},{"type":"A","date":"2018-04-13T03:13:37.000Z","volume":1000,"label":" ","price":80.05},{"type":"A","date":"2018-04-13T03:13:39.000Z","volume":500,"label":" ","price":80},{"type":"A","date":"2018-04-13T03:13:39.000Z","volume":500,"label":" ","price":80},{"type":"U","date":"2018-04-13T03:13:42.000Z","volume":1000,"label":" ","price":80},{"type":"A","date":"2018-04-13T03:13:44.000Z","volume":500,"label":" ","price":80.05},{"type":"A","date":"2018-04-13T03:13:57.000Z","volume":500,"label":" ","price":80.1},{"type":"B","date":"2018-04-13T03:13:58.000Z","volume":500,"label":" ","price":80.05},{"type":"B","date":"2018-04-13T03:14:11.000Z","volume":500,"label":" ","price":80.05},{"type":"B","date":"2018-04-13T03:14:11.000Z","volume":500,"label":" ","price":80.05},{"type":"B","date":"2018-04-13T03:14:14.000Z","volume":1000,"label":" ","price":80.05},{"type":"A","date":"2018-04-13T03:14:16.000Z","volume":500,"label":" ","price":80.1},{"type":"B","date":"2018-04-13T03:14:25.000Z","volume":10000,"label":" ","price":80},{"type":"U","date":"2018-04-13T03:14:26.000Z","volume":2500,"label":" ","price":80.05},{"type":"A","date":"2018-04-13T03:14:29.000Z","volume":3000,"label":" ","price":80.1},{"type":"A","date":"2018-04-13T03:14:29.000Z","volume":6500,"label":" ","price":80.1},{"type":"A","date":"2018-04-13T03:14:30.000Z","volume":1500,"label":" ","price":80.15},{"type":"B","date":"2018-04-13T03:14:31.000Z","volume":9500,"label":" ","price":80.1},{"type":"B","date":"2018-04-13T03:14:31.000Z","volume":1000,"label":" ","price":80.1},{"type":"A","date":"2018-04-13T03:14:31.000Z","volume":1000,"label":" ","price":80.15},{"type":"A","date":"2018-04-13T03:14:31.000Z","volume":1000,"label":" ","price":80.15},{"type":"B","date":"2018-04-13T03:14:32.000Z","volume":500,"label":" ","price":80.15},{"type":"B","date":"2018-04-13T03:14:46.000Z","volume":1000,"label":" ","price":80.15},{"type":"B","date":"2018-04-13T03:14:47.000Z","volume":1000,"label":" ","price":80.15},{"type":"B","date":"2018-04-13T03:14:47.000Z","volume":12000,"label":" ","price":80.1},{"type":"A","date":"2018-04-13T03:14:48.000Z","volume":500,"label":" ","price":80.15},{"type":"B","date":"2018-04-13T03:14:50.000Z","volume":3000,"label":" ","price":80.05},{"type":"A","date":"2018-04-13T03:15:00.000Z","volume":500,"label":" ","price":80.05},{"type":"B","date":"2018-04-13T03:15:04.000Z","volume":500,"label":" ","price":80},{"type":"U","date":"2018-04-13T03:15:09.000Z","volume":1000,"label":" ","price":80},{"type":"B","date":"2018-04-13T03:15:09.000Z","volume":500,"label":" ","price":80},{"type":"A","date":"2018-04-13T03:15:17.000Z","volume":500,"label":" ","price":80},{"type":"A","date":"2018-04-13T03:15:17.000Z","volume":1000,"label":" ","price":80.05},{"type":"B","date":"2018-04-13T03:15:25.000Z","volume":2500,"label":" ","price":80},{"type":"A","date":"2018-04-13T03:15:25.000Z","volume":500,"label":" ","price":80},{"type":"B","date":"2018-04-13T03:15:28.000Z","volume":4000,"label":" ","price":79.95},{"type":"B","date":"2018-04-13T03:15:28.000Z","volume":500,"label":" ","price":79.95},{"type":"B","date":"2018-04-13T03:15:44.000Z","volume":500,"label":" ","price":79.9},{"type":"B","date":"2018-04-13T03:15:44.000Z","volume":500,"label":" ","price":79.9},{"type":"B","date":"2018-04-13T03:15:56.000Z","volume":1500,"label":" ","price":79.9},{"type":"A","date":"2018-04-13T03:16:00.000Z","volume":3000,"label":" ","price":79.95},{"type":"B","date":"2018-04-13T03:16:03.000Z","volume":14000,"label":" ","price":79.9},{"type":"B","date":"2018-04-13T03:16:03.000Z","volume":6500,"label":" ","price":79.9},{"type":"B","date":"2018-04-13T03:16:03.000Z","volume":2500,"label":" ","price":79.9},{"type":"A","date":"2018-04-13T03:16:04.000Z","volume":500,"label":" ","price":79.95},{"type":"B","date":"2018-04-13T03:16:23.000Z","volume":2000,"label":" ","price":79.85},{"type":"A","date":"2018-04-13T03:16:23.000Z","volume":500,"label":" ","price":79.85},{"type":"A","date":"2018-04-13T03:16:29.000Z","volume":2000,"label":" ","price":79.85},{"type":"B","date":"2018-04-13T03:16:32.000Z","volume":6000,"label":" ","price":79.8},{"type":"B","date":"2018-04-13T03:16:32.000Z","volume":500,"label":" ","price":79.8},{"type":"A","date":"2018-04-13T03:16:32.000Z","volume":500,"label":" ","price":79.85},{"type":"A","date":"2018-04-13T03:16:33.000Z","volume":2000,"label":" ","price":79.85},{"type":"B","date":"2018-04-13T03:16:45.000Z","volume":2500,"label":"Y","price":79.85},{"type":"B","date":"2018-04-13T03:16:45.000Z","volume":1000,"label":" ","price":79.85},{"type":"B","date":"2018-04-13T03:16:55.000Z","volume":500,"label":" ","price":79.8},{"type":"B","date":"2018-04-13T03:16:57.000Z","volume":500,"label":" ","price":79.8},{"type":"B","date":"2018-04-13T03:17:01.000Z","volume":21000,"label":" ","price":79.8},{"type":"B","date":"2018-04-13T03:17:01.000Z","volume":2000,"label":" ","price":79.75},{"type":"B","date":"2018-04-13T03:17:01.000Z","volume":500,"label":" ","price":79.7},{"type":"B","date":"2018-04-13T03:17:01.000Z","volume":500,"label":" ","price":79.65},{"type":"A","date":"2018-04-13T03:17:01.000Z","volume":500,"label":" ","price":79.8},{"type":"B","date":"2018-04-13T03:17:04.000Z","volume":1000,"label":" ","price":79.6},{"type":"B","date":"2018-04-13T03:17:05.000Z","volume":500,"label":" ","price":79.6},{"type":"A","date":"2018-04-13T03:17:07.000Z","volume":500,"label":" ","price":79.75},{"type":"B","date":"2018-04-13T03:17:15.000Z","volume":10000,"label":" ","price":79.6},{"type":"B","date":"2018-04-13T03:17:15.000Z","volume":500,"label":" ","price":79.6},{"type":"A","date":"2018-04-13T03:17:28.000Z","volume":500,"label":" ","price":79.65},{"type":"B","date":"2018-04-13T03:17:33.000Z","volume":500,"label":" ","price":79.6},{"type":"B","date":"2018-04-13T03:17:36.000Z","volume":1000,"label":" ","price":79.6},{"type":"B","date":"2018-04-13T03:17:39.000Z","volume":500,"label":"Y","price":79.55},{"type":"A","date":"2018-04-13T03:17:41.000Z","volume":4500,"label":" ","price":79.6},{"type":"U","date":"2018-04-13T03:17:41.000Z","volume":500,"label":"X","price":79.6},{"type":"B","date":"2018-04-13T03:17:46.000Z","volume":2000,"label":" ","price":79.6},{"type":"A","date":"2018-04-13T03:17:51.000Z","volume":1000,"label":" ","price":79.6},{"type":"A","date":"2018-04-13T03:17:53.000Z","volume":500,"label":" ","price":79.6},{"type":"B","date":"2018-04-13T03:17:57.000Z","volume":500,"label":" ","price":79.55},{"type":"B","date":"2018-04-13T03:18:03.000Z","volume":500,"label":"Y","price":79.55},{"type":"A","date":"2018-04-13T03:18:08.000Z","volume":500,"label":" ","price":79.6},{"type":"B","date":"2018-04-13T03:18:08.000Z","volume":1500,"label":" ","price":79.55},{"type":"A","date":"2018-04-13T03:18:11.000Z","volume":500,"label":" ","price":79.55},{"type":"B","date":"2018-04-13T03:18:11.000Z","volume":500,"label":" ","price":79.55},{"type":"B","date":"2018-04-13T03:18:24.000Z","volume":1000,"label":" ","price":79.5},{"type":"B","date":"2018-04-13T03:18:28.000Z","volume":500,"label":" ","price":79.55},{"type":"B","date":"2018-04-13T03:18:28.000Z","volume":2500,"label":" ","price":79.5},{"type":"B","date":"2018-04-13T03:18:28.000Z","volume":1000,"label":" ","price":79.5},{"type":"B","date":"2018-04-13T03:18:42.000Z","volume":1000,"label":" ","price":79.5},{"type":"A","date":"2018-04-13T03:18:53.000Z","volume":1000,"label":" ","price":79.6},{"type":"B","date":"2018-04-13T03:19:02.000Z","volume":1000,"label":" ","price":79.55},{"type":"B","date":"2018-04-13T03:19:02.000Z","volume":500,"label":" ","price":79.5},{"type":"B","date":"2018-04-13T03:19:17.000Z","volume":3500,"label":" ","price":79.5},{"type":"B","date":"2018-04-13T03:19:17.000Z","volume":6500,"label":" ","price":79.5},{"type":"A","date":"2018-04-13T03:19:18.000Z","volume":500,"label":" ","price":79.55},{"type":"A","date":"2018-04-13T03:19:18.000Z","volume":3000,"label":" ","price":79.55},{"type":"B","date":"2018-04-13T03:19:20.000Z","volume":2500,"label":" ","price":79.5},{"type":"B","date":"2018-04-13T03:19:23.000Z","volume":4000,"label":" ","price":79.5},{"type":"B","date":"2018-04-13T03:19:23.000Z","volume":1000,"label":" ","price":79.45},{"type":"A","date":"2018-04-13T03:19:23.000Z","volume":500,"label":" ","price":79.5},{"type":"B","date":"2018-04-13T03:19:23.000Z","volume":500,"label":" ","price":79.4},{"type":"A","date":"2018-04-13T03:19:24.000Z","volume":1500,"label":" ","price":79.5},{"type":"A","date":"2018-04-13T03:19:29.000Z","volume":1000,"label":" ","price":79.5},{"type":"A","date":"2018-04-13T03:19:34.000Z","volume":1000,"label":" ","price":79.5},{"type":"B","date":"2018-04-13T03:19:53.000Z","volume":1000,"label":" ","price":79.5},{"type":"B","date":"2018-04-13T03:19:53.000Z","volume":500,"label":" ","price":79.4},{"type":"A","date":"2018-04-13T03:19:59.000Z","volume":2500,"label":" ","price":79.4},{"type":"A","date":"2018-04-13T03:20:01.000Z","volume":500,"label":" ","price":79.5},{"type":"B","date":"2018-04-13T03:20:02.000Z","volume":500,"label":" ","price":79.4},{"type":"U","date":"2018-04-13T03:20:03.000Z","volume":500,"label":" ","price":79.45},{"type":"A","date":"2018-04-13T03:20:06.000Z","volume":500,"label":" ","price":79.45},{"type":"A","date":"2018-04-13T03:20:07.000Z","volume":1000,"label":" ","price":79.5},{"type":"B","date":"2018-04-13T03:20:13.000Z","volume":1000,"label":" ","price":79.4},{"type":"B","date":"2018-04-13T03:20:17.000Z","volume":500,"label":" ","price":79.4},{"type":"A","date":"2018-04-13T03:20:23.000Z","volume":5000,"label":" ","price":79.5},{"type":"A","date":"2018-04-13T03:20:23.000Z","volume":500,"label":" ","price":79.55},{"type":"A","date":"2018-04-13T03:20:23.000Z","volume":2000,"label":" ","price":79.65},{"type":"A","date":"2018-04-13T03:20:32.000Z","volume":500,"label":" ","price":79.75},{"type":"A","date":"2018-04-13T03:20:33.000Z","volume":500,"label":" ","price":79.75},{"type":"B","date":"2018-04-13T03:20:36.000Z","volume":1000,"label":" ","price":79.65},{"type":"A","date":"2018-04-13T03:20:54.000Z","volume":2000,"label":" ","price":79.8},{"type":"A","date":"2018-04-13T03:20:54.000Z","volume":2000,"label":" ","price":79.85},{"type":"B","date":"2018-04-13T03:21:06.000Z","volume":3000,"label":" ","price":79.75},{"type":"B","date":"2018-04-13T03:21:06.000Z","volume":1000,"label":" ","price":79.75},{"type":"A","date":"2018-04-13T03:21:06.000Z","volume":5500,"label":" ","price":79.75},{"type":"B","date":"2018-04-13T03:21:08.000Z","volume":5000,"label":" ","price":79.7},{"type":"A","date":"2018-04-13T03:21:13.000Z","volume":500,"label":" ","price":79.75},{"type":"B","date":"2018-04-13T03:21:28.000Z","volume":1000,"label":" ","price":79.7},{"type":"B","date":"2018-04-13T03:21:46.000Z","volume":1000,"label":" ","price":79.75},{"type":"A","date":"2018-04-13T03:22:13.000Z","volume":500,"label":" ","price":79.85},{"type":"A","date":"2018-04-13T03:22:27.000Z","volume":500,"label":" ","price":79.85},{"type":"A","date":"2018-04-13T03:22:39.000Z","volume":1000,"label":" ","price":79.85},{"type":"B","date":"2018-04-13T03:22:49.000Z","volume":1000,"label":" ","price":79.75},{"type":"A","date":"2018-04-13T03:22:59.000Z","volume":1000,"label":" ","price":79.85},{"type":"B","date":"2018-04-13T03:23:01.000Z","volume":3500,"label":" ","price":79.75},{"type":"B","date":"2018-04-13T03:23:01.000Z","volume":500,"label":" ","price":79.7},{"type":"A","date":"2018-04-13T03:23:01.000Z","volume":500,"label":" ","price":79.7},{"type":"B","date":"2018-04-13T03:23:08.000Z","volume":1500,"label":" ","price":79.65},{"type":"A","date":"2018-04-13T03:23:08.000Z","volume":500,"label":" ","price":79.7},{"type":"B","date":"2018-04-13T03:23:14.000Z","volume":500,"label":" ","price":79.6},{"type":"B","date":"2018-04-13T03:23:15.000Z","volume":5000,"label":" ","price":79.6},{"type":"A","date":"2018-04-13T03:23:15.000Z","volume":500,"label":" ","price":79.6},{"type":"B","date":"2018-04-13T03:23:15.000Z","volume":5500,"label":" ","price":79.5},{"type":"B","date":"2018-04-13T03:23:15.000Z","volume":500,"label":" ","price":79.5},{"type":"A","date":"2018-04-13T03:23:21.000Z","volume":1000,"label":" ","price":79.55},{"type":"B","date":"2018-04-13T03:23:25.000Z","volume":1000,"label":" ","price":79.45},{"type":"B","date":"2018-04-13T03:23:25.000Z","volume":1500,"label":" ","price":79.4},{"type":"A","date":"2018-04-13T03:23:42.000Z","volume":500,"label":" ","price":79.55},{"type":"B","date":"2018-04-13T03:23:44.000Z","volume":500,"label":" ","price":79.4},{"type":"B","date":"2018-04-13T03:23:56.000Z","volume":500,"label":"Y","price":79.4},{"type":"A","date":"2018-04-13T03:24:07.000Z","volume":1000,"label":" ","price":79.55},{"type":"A","date":"2018-04-13T03:24:11.000Z","volume":500,"label":" ","price":79.55},{"type":"A","date":"2018-04-13T03:24:31.000Z","volume":500,"label":" ","price":79.55},{"type":"A","date":"2018-04-13T03:24:45.000Z","volume":500,"label":" ","price":79.55},{"type":"A","date":"2018-04-13T03:24:53.000Z","volume":1000,"label":" ","price":79.55},{"type":"B","date":"2018-04-13T03:25:05.000Z","volume":2000,"label":" ","price":79.5},{"type":"B","date":"2018-04-13T03:25:07.000Z","volume":500,"label":" ","price":79.45},{"type":"B","date":"2018-04-13T03:25:10.000Z","volume":2000,"label":" ","price":79.4},{"type":"A","date":"2018-04-13T03:25:29.000Z","volume":500,"label":" ","price":79.5},{"type":"B","date":"2018-04-13T03:25:31.000Z","volume":1500,"label":" ","price":79.3},{"type":"A","date":"2018-04-13T03:25:40.000Z","volume":500,"label":" ","price":79.5},{"type":"A","date":"2018-04-13T03:25:46.000Z","volume":500,"label":" ","price":79.4},{"type":"A","date":"2018-04-13T03:25:48.000Z","volume":500,"label":"Y","price":79.4},{"type":"A","date":"2018-04-13T03:25:48.000Z","volume":2500,"label":" ","price":79.4},{"type":"B","date":"2018-04-13T03:26:10.000Z","volume":3000,"label":" ","price":79.4},{"type":"A","date":"2018-04-13T03:26:32.000Z","volume":1000,"label":" ","price":79.5},{"type":"B","date":"2018-04-13T03:26:46.000Z","volume":500,"label":" ","price":79.4},{"type":"A","date":"2018-04-13T03:26:47.000Z","volume":500,"label":" ","price":79.5},{"type":"B","date":"2018-04-13T03:27:00.000Z","volume":500,"label":"Y","price":79.4},{"type":"A","date":"2018-04-13T03:27:43.000Z","volume":500,"label":" ","price":79.5},{"type":"A","date":"2018-04-13T03:27:43.000Z","volume":13000,"label":" ","price":79.5},{"type":"A","date":"2018-04-13T03:27:47.000Z","volume":3500,"label":" ","price":79.55},{"type":"B","date":"2018-04-13T03:27:50.000Z","volume":500,"label":" ","price":79.45},{"type":"A","date":"2018-04-13T03:28:08.000Z","volume":500,"label":" ","price":79.65},{"type":"A","date":"2018-04-13T03:28:10.000Z","volume":500,"label":" ","price":79.65},{"type":"A","date":"2018-04-13T03:28:18.000Z","volume":500,"label":" ","price":79.7},{"type":"A","date":"2018-04-13T03:28:27.000Z","volume":500,"label":" ","price":79.7},{"type":"A","date":"2018-04-13T03:28:28.000Z","volume":3500,"label":" ","price":79.7},{"type":"A","date":"2018-04-13T03:28:29.000Z","volume":1000,"label":" ","price":79.75},{"type":"A","date":"2018-04-13T03:28:31.000Z","volume":500,"label":" ","price":79.75},{"type":"B","date":"2018-04-13T03:28:33.000Z","volume":1000,"label":" ","price":79.8},{"type":"A","date":"2018-04-13T03:28:33.000Z","volume":500,"label":" ","price":79.9},{"type":"A","date":"2018-04-13T03:28:34.000Z","volume":1000,"label":" ","price":79.9},{"type":"A","date":"2018-04-13T03:28:43.000Z","volume":500,"label":" ","price":80},{"type":"U","date":"2018-04-13T03:28:47.000Z","volume":500,"label":"X","price":79.975},{"type":"B","date":"2018-04-13T03:28:50.000Z","volume":500,"label":" ","price":79.95},{"type":"B","date":"2018-04-13T03:28:56.000Z","volume":500,"label":" ","price":79.95},{"type":"A","date":"2018-04-13T03:29:04.000Z","volume":500,"label":" ","price":80},{"type":"B","date":"2018-04-13T03:29:10.000Z","volume":500,"label":" ","price":79.95},{"type":"A","date":"2018-04-13T03:29:36.000Z","volume":500,"label":" ","price":80},{"type":"B","date":"2018-04-13T03:29:51.000Z","volume":4000,"label":" ","price":79.95},{"type":"A","date":"2018-04-13T03:29:51.000Z","volume":500,"label":" ","price":79.95},{"type":"A","date":"2018-04-13T03:29:52.000Z","volume":1000,"label":" ","price":79.95},{"type":"A","date":"2018-04-13T03:29:52.000Z","volume":2000,"label":" ","price":80},{"type":"A","date":"2018-04-13T03:29:53.000Z","volume":500,"label":" ","price":80},{"type":"A","date":"2018-04-13T03:29:58.000Z","volume":500,"label":" ","price":80},{"type":"B","date":"2018-04-13T03:30:07.000Z","volume":500,"label":" ","price":79.9},{"type":"A","date":"2018-04-13T03:30:11.000Z","volume":500,"label":" ","price":79.95},{"type":"B","date":"2018-04-13T03:30:12.000Z","volume":2000,"label":" ","price":79.9},{"type":"A","date":"2018-04-13T03:30:26.000Z","volume":1000,"label":" ","price":79.9},{"type":"B","date":"2018-04-13T03:30:28.000Z","volume":500,"label":" ","price":79.85},{"type":"A","date":"2018-04-13T03:30:32.000Z","volume":500,"label":" ","price":79.9},{"type":"B","date":"2018-04-13T03:30:40.000Z","volume":500,"label":" ","price":79.85},{"type":"A","date":"2018-04-13T03:30:51.000Z","volume":4500,"label":" ","price":79.9},{"type":"A","date":"2018-04-13T03:30:51.000Z","volume":1000,"label":" ","price":79.95},{"type":"B","date":"2018-04-13T03:30:55.000Z","volume":500,"label":" ","price":79.9},{"type":"A","date":"2018-04-13T03:31:05.000Z","volume":10000,"label":" ","price":80},{"type":"A","date":"2018-04-13T03:31:05.000Z","volume":3500,"label":" ","price":80},{"type":"A","date":"2018-04-13T03:31:14.000Z","volume":1000,"label":" ","price":80},{"type":"U","date":"2018-04-13T03:31:17.000Z","volume":500,"label":"X","price":79.975},{"type":"B","date":"2018-04-13T03:32:29.000Z","volume":500,"label":" ","price":79.95},{"type":"B","date":"2018-04-13T03:32:29.000Z","volume":1500,"label":" ","price":79.95},{"type":"A","date":"2018-04-13T03:32:34.000Z","volume":3000,"label":" ","price":80},{"type":"B","date":"2018-04-13T03:32:55.000Z","volume":500,"label":" ","price":79.95},{"type":"A","date":"2018-04-13T03:32:56.000Z","volume":500,"label":" ","price":80},{"type":"U","date":"2018-04-13T03:33:03.000Z","volume":500,"label":"X","price":79.95},{"type":"A","date":"2018-04-13T03:33:07.000Z","volume":11000,"label":" ","price":80},{"type":"A","date":"2018-04-13T03:33:09.000Z","volume":500,"label":" ","price":80},{"type":"B","date":"2018-04-13T03:33:14.000Z","volume":500,"label":" ","price":79.95},{"type":"A","date":"2018-04-13T03:33:14.000Z","volume":500,"label":" ","price":80},{"type":"B","date":"2018-04-13T03:33:22.000Z","volume":1500,"label":" ","price":80.05},{"type":"U","date":"2018-04-13T03:33:34.000Z","volume":500,"label":"X","price":80.025},{"type":"B","date":"2018-04-13T03:33:42.000Z","volume":7000,"label":" ","price":80},{"type":"B","date":"2018-04-13T03:33:48.000Z","volume":2000,"label":" ","price":79.95},{"type":"U","date":"2018-04-13T03:33:48.000Z","volume":500,"label":"X","price":80},{"type":"B","date":"2018-04-13T03:33:57.000Z","volume":1000,"label":" ","price":79.9},{"type":"A","date":"2018-04-13T03:34:24.000Z","volume":500,"label":" ","price":79.95},{"type":"A","date":"2018-04-13T03:34:26.000Z","volume":1000,"label":" ","price":79.95},{"type":"B","date":"2018-04-13T03:34:28.000Z","volume":1000,"label":" ","price":79.9},{"type":"B","date":"2018-04-13T03:34:28.000Z","volume":500,"label":" ","price":79.85},{"type":"B","date":"2018-04-13T03:34:28.000Z","volume":1500,"label":" ","price":79.8},{"type":"B","date":"2018-04-13T03:34:28.000Z","volume":2000,"label":" ","price":79.75},{"type":"B","date":"2018-04-13T03:34:40.000Z","volume":1000,"label":"Y","price":79.75},{"type":"B","date":"2018-04-13T03:34:40.000Z","volume":1500,"label":" ","price":79.75},{"type":"A","date":"2018-04-13T03:34:48.000Z","volume":2000,"label":" ","price":79.95},{"type":"A","date":"2018-04-13T03:34:48.000Z","volume":1500,"label":"Y","price":80},{"type":"A","date":"2018-04-13T03:34:48.000Z","volume":1500,"label":" ","price":80},{"type":"A","date":"2018-04-13T03:34:48.000Z","volume":2000,"label":" ","price":80},{"type":"B","date":"2018-04-13T03:35:09.000Z","volume":1000,"label":" ","price":79.9},{"type":"B","date":"2018-04-13T03:35:23.000Z","volume":500,"label":" ","price":79.95},{"type":"A","date":"2018-04-13T03:36:01.000Z","volume":500,"label":" ","price":80},{"type":"B","date":"2018-04-13T03:36:02.000Z","volume":1500,"label":" ","price":79.95},{"type":"U","date":"2018-04-13T03:36:13.000Z","volume":500,"label":"X","price":79.925},{"type":"A","date":"2018-04-13T03:36:21.000Z","volume":1000,"label":" ","price":79.95},{"type":"A","date":"2018-04-13T03:36:46.000Z","volume":1000,"label":" ","price":80},{"type":"B","date":"2018-04-13T03:36:46.000Z","volume":500,"label":" ","price":79.9},{"type":"A","date":"2018-04-13T03:37:21.000Z","volume":16000,"label":" ","price":80},{"type":"A","date":"2018-04-13T03:37:21.000Z","volume":500,"label":" ","price":80},{"type":"A","date":"2018-04-13T03:37:24.000Z","volume":500,"label":" ","price":80.05},{"type":"B","date":"2018-04-13T03:37:25.000Z","volume":1000,"label":" ","price":80},{"type":"A","date":"2018-04-13T03:37:26.000Z","volume":500,"label":" ","price":80.05},{"type":"B","date":"2018-04-13T03:37:29.000Z","volume":3000,"label":" ","price":80},{"type":"B","date":"2018-04-13T03:37:29.000Z","volume":1000,"label":" ","price":80},{"type":"B","date":"2018-04-13T03:37:32.000Z","volume":500,"label":"Y","price":79.95},{"type":"B","date":"2018-04-13T03:37:32.000Z","volume":500,"label":" ","price":79.95},{"type":"B","date":"2018-04-13T03:37:34.000Z","volume":500,"label":" ","price":79.95},{"type":"A","date":"2018-04-13T03:37:38.000Z","volume":500,"label":" ","price":80},{"type":"B","date":"2018-04-13T03:37:40.000Z","volume":500,"label":" ","price":79.9},{"type":"A","date":"2018-04-13T03:37:57.000Z","volume":500,"label":" ","price":80},{"type":"A","date":"2018-04-13T03:38:05.000Z","volume":1000,"label":" ","price":80},{"type":"B","date":"2018-04-13T03:38:09.000Z","volume":1000,"label":" ","price":79.9},{"type":"B","date":"2018-04-13T03:38:10.000Z","volume":500,"label":" ","price":79.9},{"type":"A","date":"2018-04-13T03:38:59.000Z","volume":1000,"label":" ","price":80},{"type":"A","date":"2018-04-13T03:39:15.000Z","volume":500,"label":" ","price":80},{"type":"A","date":"2018-04-13T03:39:15.000Z","volume":1000,"label":" ","price":80},{"type":"A","date":"2018-04-13T03:39:15.000Z","volume":7500,"label":" ","price":80},{"type":"B","date":"2018-04-13T03:39:23.000Z","volume":500,"label":" ","price":80},{"type":"B","date":"2018-04-13T03:39:34.000Z","volume":3000,"label":" ","price":80},{"type":"B","date":"2018-04-13T03:39:34.000Z","volume":500,"label":" ","price":80},{"type":"A","date":"2018-04-13T03:39:34.000Z","volume":500,"label":" ","price":80},{"type":"B","date":"2018-04-13T03:39:36.000Z","volume":1000,"label":" ","price":79.95},{"type":"B","date":"2018-04-13T03:39:50.000Z","volume":1000,"label":"Y","price":79.95},{"type":"B","date":"2018-04-13T03:39:50.000Z","volume":11000,"label":" ","price":79.95},{"type":"B","date":"2018-04-13T03:39:50.000Z","volume":1500,"label":" ","price":79.9},{"type":"B","date":"2018-04-13T03:39:59.000Z","volume":1000,"label":" ","price":79.85},{"type":"B","date":"2018-04-13T03:39:59.000Z","volume":3000,"label":" ","price":79.8},{"type":"B","date":"2018-04-13T03:40:03.000Z","volume":3000,"label":" ","price":79.8},{"type":"B","date":"2018-04-13T03:40:07.000Z","volume":500,"label":" ","price":79.85},{"type":"U","date":"2018-04-13T03:40:08.000Z","volume":500,"label":"X","price":79.9},{"type":"A","date":"2018-04-13T03:40:20.000Z","volume":10000,"label":" ","price":80},{"type":"A","date":"2018-04-13T03:40:52.000Z","volume":500,"label":" ","price":80},{"type":"B","date":"2018-04-13T03:41:06.000Z","volume":2500,"label":" ","price":79.9},{"type":"A","date":"2018-04-13T03:41:06.000Z","volume":500,"label":" ","price":79.9},{"type":"B","date":"2018-04-13T03:41:16.000Z","volume":500,"label":" ","price":79.85},{"type":"B","date":"2018-04-13T03:41:16.000Z","volume":500,"label":" ","price":79.85},{"type":"A","date":"2018-04-13T03:41:41.000Z","volume":2000,"label":" ","price":79.9},{"type":"B","date":"2018-04-13T03:41:41.000Z","volume":1500,"label":" ","price":79.85},{"type":"B","date":"2018-04-13T03:41:41.000Z","volume":1000,"label":" ","price":79.8},{"type":"B","date":"2018-04-13T03:41:46.000Z","volume":1500,"label":" ","price":79.85},{"type":"B","date":"2018-04-13T03:42:00.000Z","volume":2000,"label":" ","price":79.8},{"type":"B","date":"2018-04-13T03:42:00.000Z","volume":3500,"label":" ","price":79.75},{"type":"B","date":"2018-04-13T03:42:00.000Z","volume":2500,"label":" ","price":79.75},{"type":"B","date":"2018-04-13T03:42:00.000Z","volume":1000,"label":" ","price":79.75},{"type":"A","date":"2018-04-13T03:42:01.000Z","volume":500,"label":" ","price":79.75},{"type":"B","date":"2018-04-13T03:42:02.000Z","volume":1500,"label":" ","price":79.7},{"type":"B","date":"2018-04-13T03:42:03.000Z","volume":500,"label":" ","price":79.7},{"type":"A","date":"2018-04-13T03:42:05.000Z","volume":500,"label":" ","price":79.75},{"type":"B","date":"2018-04-13T03:42:08.000Z","volume":500,"label":" ","price":79.7},{"type":"B","date":"2018-04-13T03:42:13.000Z","volume":500,"label":" ","price":79.7},{"type":"A","date":"2018-04-13T03:42:27.000Z","volume":11000,"label":" ","price":79.75},{"type":"A","date":"2018-04-13T03:42:27.000Z","volume":10000,"label":" ","price":79.75},{"type":"U","date":"2018-04-13T03:42:27.000Z","volume":500,"label":"X","price":79.8},{"type":"A","date":"2018-04-13T03:42:28.000Z","volume":500,"label":" ","price":79.8},{"type":"A","date":"2018-04-13T03:42:29.000Z","volume":500,"label":" ","price":79.85},{"type":"A","date":"2018-04-13T03:42:58.000Z","volume":500,"label":" ","price":79.9},{"type":"B","date":"2018-04-13T03:43:04.000Z","volume":500,"label":" ","price":79.8},{"type":"A","date":"2018-04-13T03:43:20.000Z","volume":500,"label":" ","price":79.85},{"type":"A","date":"2018-04-13T03:43:28.000Z","volume":3000,"label":" ","price":79.9},{"type":"A","date":"2018-04-13T03:43:30.000Z","volume":1000,"label":" ","price":80},{"type":"A","date":"2018-04-13T03:43:34.000Z","volume":500,"label":" ","price":80},{"type":"B","date":"2018-04-13T03:44:03.000Z","volume":2000,"label":" ","price":79.95},{"type":"A","date":"2018-04-13T03:44:06.000Z","volume":500,"label":" ","price":80.05},{"type":"B","date":"2018-04-13T03:44:18.000Z","volume":1000,"label":" ","price":79.95},{"type":"B","date":"2018-04-13T03:44:49.000Z","volume":6000,"label":" ","price":79.9},{"type":"A","date":"2018-04-13T03:45:43.000Z","volume":500,"label":" ","price":79.95},{"type":"A","date":"2018-04-13T03:45:50.000Z","volume":1000,"label":" ","price":79.95},{"type":"A","date":"2018-04-13T03:45:57.000Z","volume":5000,"label":" ","price":79.95},{"type":"U","date":"2018-04-13T03:46:02.000Z","volume":500,"label":"X","price":79.975},{"type":"A","date":"2018-04-13T03:46:37.000Z","volume":1000,"label":" ","price":80},{"type":"A","date":"2018-04-13T03:46:38.000Z","volume":500,"label":" ","price":80},{"type":"A","date":"2018-04-13T03:46:38.000Z","volume":1000,"label":" ","price":80},{"type":"A","date":"2018-04-13T03:46:38.000Z","volume":1000,"label":" ","price":80},{"type":"A","date":"2018-04-13T03:46:48.000Z","volume":2000,"label":" ","price":80.05},{"type":"A","date":"2018-04-13T03:46:52.000Z","volume":500,"label":" ","price":80.05},{"type":"A","date":"2018-04-13T03:46:57.000Z","volume":500,"label":" ","price":80.05},{"type":"A","date":"2018-04-13T03:47:21.000Z","volume":500,"label":" ","price":80.1},{"type":"A","date":"2018-04-13T03:47:31.000Z","volume":2500,"label":" ","price":80.1},{"type":"A","date":"2018-04-13T03:47:31.000Z","volume":1000,"label":" ","price":80.15},{"type":"B","date":"2018-04-13T03:47:31.000Z","volume":500,"label":" ","price":80.15},{"type":"B","date":"2018-04-13T03:47:35.000Z","volume":500,"label":" ","price":80.15},{"type":"A","date":"2018-04-13T03:48:03.000Z","volume":500,"label":" ","price":80.2},{"type":"B","date":"2018-04-13T03:48:14.000Z","volume":4000,"label":" ","price":80.15},{"type":"B","date":"2018-04-13T03:48:26.000Z","volume":1000,"label":" ","price":80.1},{"type":"B","date":"2018-04-13T03:48:31.000Z","volume":8500,"label":" ","price":80.1}