[{"type":"B","date":"2018-03-19T01:30:01.000Z","volume":1000,"label":" ","price":7.88},{"type":"B","date":"2018-03-19T01:30:02.000Z","volume":500,"label":" ","price":7.87},{"type":"A","date":"2018-03-19T01:30:16.000Z","volume":18500,"label":" ","price":7.88},{"type":"A","date":"2018-03-19T01:30:16.000Z","volume":2500,"label":" ","price":7.89},{"type":"A","date":"2018-03-19T01:30:17.000Z","volume":1500,"label":" ","price":7.89},{"type":"A","date":"2018-03-19T01:30:17.000Z","volume":500,"label":" ","price":7.89},{"type":"A","date":"2018-03-19T01:30:19.000Z","volume":500,"label":" ","price":7.89},{"type":"B","date":"2018-03-19T01:30:24.000Z","volume":500,"label":" ","price":7.87},{"type":"B","date":"2018-03-19T01:30:59.000Z","volume":500,"label":" ","price":7.87},{"type":"B","date":"2018-03-19T01:31:14.000Z","volume":2000,"label":" ","price":7.87},{"type":"B","date":"2018-03-19T01:31:14.000Z","volume":3500,"label":" ","price":7.86},{"type":"B","date":"2018-03-19T01:31:14.000Z","volume":4500,"label":" ","price":7.86},{"type":"A","date":"2018-03-19T01:31:14.000Z","volume":500,"label":" ","price":7.89},{"type":"A","date":"2018-03-19T01:31:55.000Z","volume":1000,"label":" ","price":7.89},{"type":"B","date":"2018-03-19T01:31:58.000Z","volume":500,"label":" ","price":7.87},{"type":"U","date":"2018-03-19T01:32:00.000Z","volume":500,"label":"X","price":7.89},{"type":"B","date":"2018-03-19T01:32:58.000Z","volume":500,"label":" ","price":7.87},{"type":"A","date":"2018-03-19T01:33:38.000Z","volume":12500,"label":" ","price":7.89},{"type":"A","date":"2018-03-19T01:33:38.000Z","volume":1500,"label":" ","price":7.89},{"type":"A","date":"2018-03-19T01:34:20.000Z","volume":500,"label":" ","price":7.89},{"type":"U","date":"2018-03-19T01:34:20.000Z","volume":3000,"label":" ","price":7.88},{"type":"B","date":"2018-03-19T01:34:54.000Z","volume":500,"label":" ","price":7.88},{"type":"A","date":"2018-03-19T01:34:55.000Z","volume":500,"label":" ","price":7.89},{"type":"B","date":"2018-03-19T01:34:57.000Z","volume":1000,"label":" ","price":7.88},{"type":"B","date":"2018-03-19T01:35:56.000Z","volume":500,"label":" ","price":7.88},{"type":"B","date":"2018-03-19T01:36:15.000Z","volume":500,"label":" ","price":7.88},{"type":"B","date":"2018-03-19T01:37:42.000Z","volume":500,"label":" ","price":7.88},{"type":"B","date":"2018-03-19T01:37:55.000Z","volume":500,"label":" ","price":7.88},{"type":"B","date":"2018-03-19T01:38:55.000Z","volume":500,"label":" ","price":7.88},{"type":"A","date":"2018-03-19T01:40:11.000Z","volume":1500,"label":"Y","price":7.88},{"type":"B","date":"2018-03-19T01:40:54.000Z","volume":500,"label":" ","price":7.87},{"type":"B","date":"2018-03-19T01:42:05.000Z","volume":500,"label":"Y","price":7.87},{"type":"B","date":"2018-03-19T01:42:05.000Z","volume":1000,"label":" ","price":7.87},{"type":"B","date":"2018-03-19T01:42:25.000Z","volume":500,"label":" ","price":7.87},{"type":"U","date":"2018-03-19T01:42:47.000Z","volume":500,"label":" ","price":7.87},{"type":"B","date":"2018-03-19T01:42:52.000Z","volume":1000,"label":" ","price":7.86},{"type":"B","date":"2018-03-19T01:43:25.000Z","volume":500,"label":" ","price":7.85},{"type":"B","date":"2018-03-19T01:43:52.000Z","volume":500,"label":" ","price":7.85},{"type":"U","date":"2018-03-19T01:44:41.000Z","volume":500,"label":" ","price":7.87},{"type":"B","date":"2018-03-19T01:44:46.000Z","volume":500,"label":" ","price":7.85},{"type":"B","date":"2018-03-19T01:44:51.000Z","volume":500,"label":" ","price":7.85},{"type":"B","date":"2018-03-19T01:44:51.000Z","volume":5500,"label":" ","price":7.86},{"type":"B","date":"2018-03-19T01:44:52.000Z","volume":500,"label":" ","price":7.86},{"type":"B","date":"2018-03-19T01:44:52.000Z","volume":500,"label":" ","price":7.86},{"type":"B","date":"2018-03-19T01:44:54.000Z","volume":500,"label":"Y","price":7.86},{"type":"B","date":"2018-03-19T01:44:54.000Z","volume":1500,"label":" ","price":7.86},{"type":"A","date":"2018-03-19T01:45:37.000Z","volume":1000,"label":" ","price":7.88},{"type":"B","date":"2018-03-19T01:45:37.000Z","volume":500,"label":"Y","price":7.86},{"type":"B","date":"2018-03-19T01:45:37.000Z","volume":3000,"label":" ","price":7.86},{"type":"B","date":"2018-03-19T01:45:37.000Z","volume":500,"label":" ","price":7.86},{"type":"U","date":"2018-03-19T01:45:42.000Z","volume":500,"label":"X","price":7.88},{"type":"A","date":"2018-03-19T01:45:42.000Z","volume":5000,"label":" ","price":7.88},{"type":"A","date":"2018-03-19T01:45:42.000Z","volume":1000,"label":" ","price":7.88},{"type":"B","date":"2018-03-19T01:45:42.000Z","volume":500,"label":" ","price":7.86},{"type":"B","date":"2018-03-19T01:45:43.000Z","volume":3500,"label":" ","price":7.88},{"type":"B","date":"2018-03-19T01:45:43.000Z","volume":500,"label":"Y","price":7.86},{"type":"B","date":"2018-03-19T01:45:44.000Z","volume":500,"label":" ","price":7.88},{"type":"B","date":"2018-03-19T01:45:44.000Z","volume":2000,"label":" ","price":7.88},{"type":"B","date":"2018-03-19T01:45:45.000Z","volume":1500,"label":" ","price":7.87},{"type":"B","date":"2018-03-19T01:45:45.000Z","volume":500,"label":"Y","price":7.86},{"type":"B","date":"2018-03-19T01:45:46.000Z","volume":1500,"label":" ","price":7.87},{"type":"B","date":"2018-03-19T01:46:02.000Z","volume":500,"label":" ","price":7.87},{"type":"B","date":"2018-03-19T01:46:02.000Z","volume":500,"label":" ","price":7.87},{"type":"B","date":"2018-03-19T01:46:08.000Z","volume":1000,"label":" ","price":7.87},{"type":"B","date":"2018-03-19T01:46:08.000Z","volume":23000,"label":" ","price":7.87},{"type":"A","date":"2018-03-19T01:46:08.000Z","volume":1500,"label":" ","price":7.88},{"type":"A","date":"2018-03-19T01:46:08.000Z","volume":500,"label":" ","price":7.88},{"type":"B","date":"2018-03-19T01:46:08.000Z","volume":500,"label":" ","price":7.87},{"type":"B","date":"2018-03-19T01:46:08.000Z","volume":1500,"label":" ","price":7.87},{"type":"B","date":"2018-03-19T01:46:08.000Z","volume":500,"label":" ","price":7.86},{"type":"B","date":"2018-03-19T01:46:09.000Z","volume":2000,"label":" ","price":7.87},{"type":"B","date":"2018-03-19T01:46:12.000Z","volume":2500,"label":" ","price":7.86},{"type":"B","date":"2018-03-19T01:46:12.000Z","volume":500,"label":" ","price":7.86},{"type":"B","date":"2018-03-19T01:46:13.000Z","volume":3000,"label":" ","price":7.86},{"type":"B","date":"2018-03-19T01:46:13.000Z","volume":4000,"label":" ","price":7.86},{"type":"B","date":"2018-03-19T01:46:13.000Z","volume":500,"label":" ","price":7.86},{"type":"U","date":"2018-03-19T01:46:13.000Z","volume":500,"label":" ","price":7.87},{"type":"U","date":"2018-03-19T01:46:13.000Z","volume":500,"label":" ","price":7.87},{"type":"B","date":"2018-03-19T01:46:14.000Z","volume":1000,"label":"Y","price":7.86},{"type":"B","date":"2018-03-19T01:46:14.000Z","volume":1500,"label":" ","price":7.86},{"type":"B","date":"2018-03-19T01:46:14.000Z","volume":500,"label":" ","price":7.86},{"type":"U","date":"2018-03-19T01:46:58.000Z","volume":500,"label":" ","price":7.87},{"type":"U","date":"2018-03-19T01:46:58.000Z","volume":500,"label":" ","price":7.87},{"type":"U","date":"2018-03-19T01:47:03.000Z","volume":1000,"label":" ","price":7.87},{"type":"U","date":"2018-03-19T01:47:03.000Z","volume":500,"label":" ","price":7.87},{"type":"U","date":"2018-03-19T01:47:03.000Z","volume":500,"label":" ","price":7.87},{"type":"U","date":"2018-03-19T01:47:03.000Z","volume":1000,"label":" ","price":7.87},{"type":"U","date":"2018-03-19T01:47:09.000Z","volume":500,"label":"X","price":7.865},{"type":"B","date":"2018-03-19T01:47:50.000Z","volume":500,"label":" ","price":7.85},{"type":"U","date":"2018-03-19T01:47:53.000Z","volume":1000,"label":" ","price":7.87},{"type":"B","date":"2018-03-19T01:48:49.000Z","volume":1000,"label":" ","price":7.85},{"type":"A","date":"2018-03-19T01:48:49.000Z","volume":500,"label":" ","price":7.87},{"type":"A","date":"2018-03-19T01:49:47.000Z","volume":2000,"label":" ","price":7.87},{"type":"B","date":"2018-03-19T01:49:50.000Z","volume":1000,"label":" ","price":7.85},{"type":"A","date":"2018-03-19T01:49:50.000Z","volume":500,"label":" ","price":7.87},{"type":"A","date":"2018-03-19T01:50:42.000Z","volume":2500,"label":" ","price":7.87},{"type":"U","date":"2018-03-19T01:50:47.000Z","volume":500,"label":"X","price":7.87},{"type":"B","date":"2018-03-19T01:51:16.000Z","volume":12500,"label":" ","price":7.85},{"type":"A","date":"2018-03-19T01:51:16.000Z","volume":500,"label":" ","price":7.86},{"type":"B","date":"2018-03-19T01:52:45.000Z","volume":500,"label":" ","price":7.85},{"type":"B","date":"2018-03-19T01:52:47.000Z","volume":500,"label":" ","price":7.85},{"type":"B","date":"2018-03-19T01:52:47.000Z","volume":1500,"label":" ","price":7.85},{"type":"A","date":"2018-03-19T01:52:48.000Z","volume":500,"label":" ","price":7.86},{"type":"A","date":"2018-03-19T01:52:50.000Z","volume":500,"label":" ","price":7.86},{"type":"A","date":"2018-03-19T01:52:55.000Z","volume":1500,"label":" ","price":7.86},{"type":"B","date":"2018-03-19T01:53:00.000Z","volume":500,"label":" ","price":7.85},{"type":"A","date":"2018-03-19T01:53:00.000Z","volume":2500,"label":" ","price":7.86},{"type":"B","date":"2018-03-19T01:53:47.000Z","volume":500,"label":" ","price":7.85},{"type":"A","date":"2018-03-19T01:53:57.000Z","volume":1500,"label":" ","price":7.87},{"type":"U","date":"2018-03-19T01:53:57.000Z","volume":1500,"label":" ","price":7.86},{"type":"B","date":"2018-03-19T01:53:58.000Z","volume":10500,"label":" ","price":7.86},{"type":"U","date":"2018-03-19T01:54:02.000Z","volume":2000,"label":" ","price":7.86},{"type":"U","date":"2018-03-19T01:54:02.000Z","volume":500,"label":" ","price":7.86},{"type":"B","date":"2018-03-19T01:54:03.000Z","volume":3000,"label":" ","price":7.86},{"type":"B","date":"2018-03-19T01:54:09.000Z","volume":2000,"label":" ","price":7.85},{"type":"U","date":"2018-03-19T01:54:10.000Z","volume":500,"label":" ","price":7.86},{"type":"B","date":"2018-03-19T01:55:02.000Z","volume":500,"label":" ","price":7.86},{"type":"A","date":"2018-03-19T01:56:30.000Z","volume":2000,"label":" ","price":7.87},{"type":"A","date":"2018-03-19T01:56:30.000Z","volume":2000,"label":" ","price":7.87},{"type":"A","date":"2018-03-19T01:56:30.000Z","volume":500,"label":" ","price":7.88},{"type":"A","date":"2018-03-19T01:57:00.000Z","volume":2000,"label":" ","price":7.89},{"type":"A","date":"2018-03-19T01:57:00.000Z","volume":500,"label":" ","price":7.89},{"type":"B","date":"2018-03-19T01:57:49.000Z","volume":500,"label":" ","price":7.87},{"type":"B","date":"2018-03-19T01:58:44.000Z","volume":500,"label":" ","price":7.87},{"type":"B","date":"2018-03-19T01:59:43.000Z","volume":1000,"label":" ","price":7.87},{"type":"B","date":"2018-03-19T02:00:03.000Z","volume":500,"label":" ","price":7.87},{"type":"A","date":"2018-03-19T02:00:26.000Z","volume":2000,"label":" ","price":7.88},{"type":"U","date":"2018-03-19T02:00:33.000Z","volume":500,"label":"X","price":7.875},{"type":"B","date":"2018-03-19T02:00:43.000Z","volume":1000,"label":" ","price":7.87},{"type":"B","date":"2018-03-19T02:01:24.000Z","volume":1000,"label":" ","price":7.87},{"type":"B","date":"2018-03-19T02:02:32.000Z","volume":500,"label":" ","price":7.87},{"type":"B","date":"2018-03-19T02:02:41.000Z","volume":500,"label":" ","price":7.87},{"type":"B","date":"2018-03-19T02:03:41.000Z","volume":500,"label":" ","price":7.87},{"type":"B","date":"2018-03-19T02:04:15.000Z","volume":8000,"label":" ","price":7.87},{"type":"A","date":"2018-03-19T02:05:14.000Z","volume":2000,"label":" ","price":7.88},{"type":"B","date":"2018-03-19T02:05:15.000Z","volume":2000,"label":" ","price":7.87},{"type":"B","date":"2018-03-19T02:05:17.000Z","volume":500,"label":" ","price":7.87},{"type":"B","date":"2018-03-19T02:05:21.000Z","volume":11500,"label":" ","price":7.87},{"type":"A","date":"2018-03-19T02:05:21.000Z","volume":3000,"label":" ","price":7.87},{"type":"U","date":"2018-03-19T02:05:24.000Z","volume":500,"label":"X","price":7.88},{"type":"B","date":"2018-03-19T02:05:50.000Z","volume":500,"label":" ","price":7.86},{"type":"B","date":"2018-03-19T02:06:02.000Z","volume":500,"label":" ","price":7.86},{"type":"A","date":"2018-03-19T02:06:14.000Z","volume":1500,"label":" ","price":7.87},{"type":"B","date":"2018-03-19T02:06:32.000Z","volume":500,"label":" ","price":7.86},{"type":"B","date":"2018-03-19T02:07:01.000Z","volume":500,"label":" ","price":7.86},{"type":"B","date":"2018-03-19T02:07:11.000Z","volume":4000,"label":" ","price":7.86},{"type":"B","date":"2018-03-19T02:07:11.000Z","volume":6000,"label":"Y","price":7.86},{"type":"B","date":"2018-03-19T02:07:11.000Z","volume":4000,"label":" ","price":7.86},{"type":"B","date":"2018-03-19T02:07:11.000Z","volume":500,"label":" ","price":7.86},{"type":"A","date":"2018-03-19T02:07:11.000Z","volume":500,"label":" ","price":7.86},{"type":"B","date":"2018-03-19T02:07:39.000Z","volume":5000,"label":" ","price":7.86},{"type":"B","date":"2018-03-19T02:07:40.000Z","volume":500,"label":" ","price":7.86},{"type":"B","date":"2018-03-19T02:07:55.000Z","volume":4000,"label":" ","price":7.85},{"type":"B","date":"2018-03-19T02:07:55.000Z","volume":7500,"label":" ","price":7.85},{"type":"B","date":"2018-03-19T02:07:55.000Z","volume":1000,"label":" ","price":7.85},{"type":"B","date":"2018-03-19T02:07:55.000Z","volume":500,"label":" ","price":7.85},{"type":"A","date":"2018-03-19T02:07:55.000Z","volume":500,"label":" ","price":7.85},{"type":"A","date":"2018-03-19T02:08:00.000Z","volume":5000,"label":" ","price":7.86},{"type":"A","date":"2018-03-19T02:08:05.000Z","volume":5000,"label":" ","price":7.85},{"type":"A","date":"2018-03-19T02:08:05.000Z","volume":500,"label":" ","price":7.85},{"type":"U","date":"2018-03-19T02:08:05.000Z","volume":500,"label":"X","price":7.85},{"type":"A","date":"2018-03-19T02:08:11.000Z","volume":500,"label":" ","price":7.85},{"type":"B","date":"2018-03-19T02:08:15.000Z","volume":500,"label":" ","price":7.84},{"type":"A","date":"2018-03-19T02:08:22.000Z","volume":1000,"label":" ","price":7.85},{"type":"U","date":"2018-03-19T02:08:27.000Z","volume":500,"label":"X","price":7.845},{"type":"A","date":"2018-03-19T02:09:06.000Z","volume":5500,"label":" ","price":7.85},{"type":"U","date":"2018-03-19T02:09:13.000Z","volume":500,"label":"X","price":7.849},{"type":"U","date":"2018-03-19T02:09:13.000Z","volume":500,"label":"X","price":7.849},{"type":"U","date":"2018-03-19T02:09:15.000Z","volume":500,"label":"X","price":7.845},{"type":"A","date":"2018-03-19T02:09:51.000Z","volume":3500,"label":" ","price":7.85},{"type":"U","date":"2018-03-19T02:10:13.000Z","volume":1500,"label":"X","price":7.85},{"type":"A","date":"2018-03-19T02:11:39.000Z","volume":1000,"label":" ","price":7.85},{"type":"B","date":"2018-03-19T02:12:36.000Z","volume":500,"label":" ","price":7.84},{"type":"B","date":"2018-03-19T02:13:35.000Z","volume":500,"label":" ","price":7.84},{"type":"U","date":"2018-03-19T02:14:10.000Z","volume":500,"label":"X","price":7.85},{"type":"B","date":"2018-03-19T02:14:35.000Z","volume":500,"label":" ","price":7.84},{"type":"U","date":"2018-03-19T02:15:14.000Z","volume":500,"label":" ","price":7.85},{"type":"A","date":"2018-03-19T02:15:15.000Z","volume":2000,"label":" ","price":7.85},{"type":"U","date":"2018-03-19T02:15:33.000Z","volume":500,"label":"X","price":7.85},{"type":"B","date":"2018-03-19T02:16:01.000Z","volume":500,"label":" ","price":7.84},{"type":"B","date":"2018-03-19T02:16:25.000Z","volume":500,"label":" ","price":7.84},{"type":"B","date":"2018-03-19T02:17:02.000Z","volume":500,"label":" ","price":7.84},{"type":"B","date":"2018-03-19T02:17:44.000Z","volume":500,"label":" ","price":7.84},{"type":"A","date":"2018-03-19T02:17:55.000Z","volume":500,"label":" ","price":7.85},{"type":"B","date":"2018-03-19T02:17:55.000Z","volume":500,"label":" ","price":7.85},{"type":"U","date":"2018-03-19T02:18:13.000Z","volume":500,"label":" ","price":7.85},{"type":"A","date":"2018-03-19T02:18:13.000Z","volume":2500,"label":" ","price":7.85},{"type":"U","date":"2018-03-19T02:19:52.000Z","volume":500,"label":" ","price":7.85},{"type":"A","date":"2018-03-19T02:19:52.000Z","volume":1500,"label":" ","price":7.85},{"type":"U","date":"2018-03-19T02:20:03.000Z","volume":500,"label":" ","price":7.85},{"type":"U","date":"2018-03-19T02:20:03.000Z","volume":500,"label":" ","price":7.85},{"type":"A","date":"2018-03-19T02:20:17.000Z","volume":1000,"label":" ","price":7.86},{"type":"A","date":"2018-03-19T02:20:24.000Z","volume":1000,"label":" ","price":7.86},{"type":"A","date":"2018-03-19T02:20:57.000Z","volume":500,"label":" ","price":7.85},{"type":"U","date":"2018-03-19T02:20:57.000Z","volume":500,"label":"X","price":7.85},{"type":"A","date":"2018-03-19T02:20:57.000Z","volume":1000,"label":" ","price":7.85},{"type":"B","date":"2018-03-19T02:22:25.000Z","volume":500,"label":" ","price":7.85},{"type":"B","date":"2018-03-19T02:22:25.000Z","volume":500,"label":" ","price":7.85},{"type":"A","date":"2018-03-19T02:22:55.000Z","volume":1000,"label":" ","price":7.85},{"type":"B","date":"2018-03-19T02:22:55.000Z","volume":500,"label":" ","price":7.85},{"type":"B","date":"2018-03-19T02:22:55.000Z","volume":500,"label":" ","price":7.85},{"type":"A","date":"2018-03-19T02:22:56.000Z","volume":2500,"label":" ","price":7.85},{"type":"U","date":"2018-03-19T02:23:11.000Z","volume":500,"label":" ","price":7.85},{"type":"A","date":"2018-03-19T02:23:11.000Z","volume":500,"label":" ","price":7.85},{"type":"A","date":"2018-03-19T02:23:11.000Z","volume":2000,"label":" ","price":7.85},{"type":"A","date":"2018-03-19T02:23:30.000Z","volume":8500,"label":" ","price":7.86},{"type":"B","date":"2018-03-19T02:24:14.000Z","volume":17000,"label":" ","price":7.84},{"type":"B","date":"2018-03-19T02:24:14.000Z","volume":4500,"label":" ","price":7.83},{"type":"B","date":"2018-03-19T02:24:14.000Z","volume":5000,"label":"Y","price":7.82},{"type":"B","date":"2018-03-19T02:24:14.000Z","volume":6500,"label":" ","price":7.82},{"type":"B","date":"2018-03-19T02:24:14.000Z","volume":4500,"label":" ","price":7.8},{"type":"U","date":"2018-03-19T02:24:34.000Z","volume":2500,"label":" ","price":7.85},{"type":"A","date":"2018-03-19T02:24:34.000Z","volume":1000,"label":" ","price":7.85},{"type":"A","date":"2018-03-19T02:24:34.000Z","volume":500,"label":" ","price":7.86},{"type":"U","date":"2018-03-19T02:24:35.000Z","volume":1000,"label":"X","price":7.85},{"type":"A","date":"2018-03-19T02:24:36.000Z","volume":500,"label":" ","price":7.86},{"type":"A","date":"2018-03-19T02:24:38.000Z","volume":2500,"label":" ","price":7.85},{"type":"A","date":"2018-03-19T02:24:38.000Z","volume":500,"label":" ","price":7.85},{"type":"A","date":"2018-03-19T02:24:38.000Z","volume":500,"label":" ","price":7.86},{"type":"A","date":"2018-03-19T02:24:45.000Z","volume":500,"label":" ","price":7.86},{"type":"A","date":"2018-03-19T02:24:45.000Z","volume":2000,"label":" ","price":7.86},{"type":"A","date":"2018-03-19T02:24:47.000Z","volume":1000,"label":" ","price":7.86},{"type":"A","date":"2018-03-19T02:24:47.000Z","volume":500,"label":" ","price":7.86},{"type":"U","date":"2018-03-19T02:24:49.000Z","volume":1550500,"label":"X","price":7.85},{"type":"U","date":"2018-03-19T02:25:33.000Z","volume":1500,"label":"X","price":7.855},{"type":"A","date":"2018-03-19T02:25:53.000Z","volume":2000,"label":" ","price":7.86},{"type":"A","date":"2018-03-19T02:26:43.000Z","volume":1500,"label":" ","price":7.86},{"type":"U","date":"2018-03-19T02:27:33.000Z","volume":500,"label":"X","price":7.86},{"type":"U","date":"2018-03-19T02:27:33.000Z","volume":500,"label":"X","price":7.86},{"type":"U","date":"2018-03-19T02:27:33.000Z","volume":500,"label":"X","price":7.86},{"type":"A","date":"2018-03-19T02:27:37.000Z","volume":1000,"label":" ","price":7.86},{"type":"A","date":"2018-03-19T02:27:38.000Z","volume":1500,"label":" ","price":7.86},{"type":"B","date":"2018-03-19T02:27:38.000Z","volume":1000,"label":" ","price":7.82},{"type":"A","date":"2018-03-19T02:27:56.000Z","volume":500,"label":" ","price":7.86},{"type":"A","date":"2018-03-19T02:27:56.000Z","volume":500,"label":" ","price":7.86},{"type":"A","date":"2018-03-19T02:28:02.000Z","volume":1500,"label":" ","price":7.86},{"type":"A","date":"2018-03-19T02:28:03.000Z","volume":1500,"label":" ","price":7.86},{"type":"B","date":"2018-03-19T02:28:04.000Z","volume":1000,"label":" ","price":7.83},{"type":"U","date":"2018-03-19T02:28:35.000Z","volume":500,"label":"X","price":7.845},{"type":"U","date":"2018-03-19T02:29:04.000Z","volume":500,"label":"X","price":7.83},{"type":"U","date":"2018-03-19T02:29:06.000Z","volume":500,"label":" ","price":7.85},{"type":"A","date":"2018-03-19T02:29:25.000Z","volume":1000,"label":" ","price":7.85},{"type":"A","date":"2018-03-19T02:29:27.000Z","volume":3500,"label":" ","price":7.85},{"type":"B","date":"2018-03-19T02:29:27.000Z","volume":2500,"label":" ","price":7.85},{"type":"B","date":"2018-03-19T02:29:27.000Z","volume":500,"label":" ","price":7.85},{"type":"B","date":"2018-03-19T02:29:28.000Z","volume":1000,"label":" ","price":7.83},{"type":"A","date":"2018-03-19T02:29:58.000Z","volume":1000,"label":" ","price":7.85},{"type":"U","date":"2018-03-19T02:30:04.000Z","volume":500,"label":"X","price":7.848},{"type":"U","date":"2018-03-19T02:31:07.000Z","volume":500,"label":" ","price":7.85},{"type":"A","date":"2018-03-19T02:31:26.000Z","volume":3000,"label":" ","price":7.85},{"type":"A","date":"2018-03-19T02:32:01.000Z","volume":3000,"label":" ","price":7.85},{"type":"U","date":"2018-03-19T02:32:04.000Z","volume":500,"label":"X","price":7.85},{"type":"B","date":"2018-03-19T02:32:06.000Z","volume":500,"label":" ","price":7.83},{"type":"B","date":"2018-03-19T02:32:11.000Z","volume":500,"label":" ","price":7.83},{"type":"U","date":"2018-03-19T02:33:04.000Z","volume":500,"label":"X","price":7.83},{"type":"U","date":"2018-03-19T02:33:04.000Z","volume":500,"label":"X","price":7.83},{"type":"A","date":"2018-03-19T02:33:13.000Z","volume":4000,"label":" ","price":7.85},{"type":"A","date":"2018-03-19T02:33:13.000Z","volume":2500,"label":" ","price":7.85},{"type":"B","date":"2018-03-19T02:33:13.000Z","volume":3000,"label":" ","price":7.85},{"type":"B","date":"2018-03-19T02:33:13.000Z","volume":500,"label":" ","price":7.85},{"type":"B","date":"2018-03-19T02:33:14.000Z","volume":1000,"label":" ","price":7.84},{"type":"A","date":"2018-03-19T02:33:40.000Z","volume":6500,"label":" ","price":7.85},{"type":"A","date":"2018-03-19T02:33:40.000Z","volume":3500,"label":" ","price":7.86},{"type":"U","date":"2018-03-19T02:33:42.000Z","volume":1500,"label":"X","price":7.85},{"type":"U","date":"2018-03-19T02:34:00.000Z","volume":1500,"label":"X","price":7.85},{"type":"A","date":"2018-03-19T02:34:24.000Z","volume":2000,"label":" ","price":7.85},{"type":"A","date":"2018-03-19T02:35:33.000Z","volume":2500,"label":" ","price":7.85},{"type":"A","date":"2018-03-19T02:35:47.000Z","volume":2000,"label":" ","price":7.85},{"type":"U","date":"2018-03-19T02:35:48.000Z","volume":1000,"label":"X","price":7.85},{"type":"B","date":"2018-03-19T02:36:01.000Z","volume":500,"label":" ","price":7.84},{"type":"B","date":"2018-03-19T02:36:25.000Z","volume":500,"label":" ","price":7.84},{"type":"A","date":"2018-03-19T02:36:47.000Z","volume":2000,"label":" ","price":7.85},{"type":"A","date":"2018-03-19T02:37:24.000Z","volume":2000,"label":" ","price":7.85},{"type":"A","date":"2018-03-19T02:37:36.000Z","volume":2000,"label":" ","price":7.85},{"type":"U","date":"2018-03-19T02:37:38.000Z","volume":1000,"label":"X","price":7.85},{"type":"A","date":"2018-03-19T02:37:38.000Z","volume":500,"label":" ","price":7.85},{"type":"B","date":"2018-03-19T02:37:49.000Z","volume":500,"label":" ","price":7.84},{"type":"B","date":"2018-03-19T02:39:10.000Z","volume":500,"label":" ","price":7.85},{"type":"B","date":"2018-03-19T02:39:29.000Z","volume":500,"label":" ","price":7.84},{"type":"B","date":"2018-03-19T02:39:49.000Z","volume":14500,"label":" ","price":7.84},{"type":"B","date":"2018-03-19T02:39:49.000Z","volume":2500,"label":" ","price":7.83},{"type":"A","date":"2018-03-19T02:39:49.000Z","volume":500,"label":" ","price":7.83},{"type":"A","date":"2018-03-19T02:39:50.000Z","volume":3500,"label":" ","price":7.84},{"type":"B","date":"2018-03-19T02:39:52.000Z","volume":1000,"label":" ","price":7.8},{"type":"A","date":"2018-03-19T02:39:59.000Z","volume":2500,"label":" ","price":7.84},{"type":"A","date":"2018-03-19T02:39:59.000Z","volume":3000,"label":" ","price":7.84},{"type":"B","date":"2018-03-19T02:40:00.000Z","volume":1500,"label":" ","price":7.8},{"type":"A","date":"2018-03-19T02:42:56.000Z","volume":2000,"label":" ","price":7.84},{"type":"A","date":"2018-03-19T02:42:56.000Z","volume":2500,"label":" ","price":7.84},{"type":"B","date":"2018-03-19T02:42:59.000Z","volume":1000,"label":" ","price":7.8},{"type":"B","date":"2018-03-19T02:43:54.000Z","volume":500,"label":" ","price":7.8},{"type":"A","date":"2018-03-19T02:44:44.000Z","volume":1000,"label":" ","price":7.84},{"type":"A","date":"2018-03-19T02:44:44.000Z","volume":3000,"label":" ","price":7.84},{"type":"B","date":"2018-03-19T02:44:47.000Z","volume":1000,"label":" ","price":7.8},{"type":"U","date":"2018-03-19T02:45:08.000Z","volume":1000,"label":"X","price":7.81},{"type":"B","date":"2018-03-19T02:46:06.000Z","volume":15000,"label":" ","price":7.81},{"type":"B","date":"2018-03-19T02:46:06.000Z","volume":500,"label":" ","price":7.81},{"type":"A","date":"2018-03-19T02:46:09.000Z","volume":2000,"label":" ","price":7.84},{"type":"A","date":"2018-03-19T02:46:10.000Z","volume":1500,"label":" ","price":7.84},{"type":"A","date":"2018-03-19T02:46:10.000Z","volume":500,"label":" ","price":7.84},{"type":"U","date":"2018-03-19T02:46:47.000Z","volume":1000,"label":" ","price":7.84},{"type":"B","date":"2018-03-19T02:49:47.000Z","volume":500,"label":" ","price":7.81},{"type":"U","date":"2018-03-19T02:50:05.000Z","volume":1000,"label":" ","price":7.84},{"type":"A","date":"2018-03-19T02:50:05.000Z","volume":7000,"label":" ","price":7.84},{"type":"U","date":"2018-03-19T02:51:09.000Z","volume":500,"label":"X","price":7.839},{"type":"U","date":"2018-03-19T02:51:09.000Z","volume":2000,"label":"X","price":7.839},{"type":"U","date":"2018-03-19T02:51:10.000Z","volume":500,"label":"X","price":7.839},{"type":"A","date":"2018-03-19T02:51:58.000Z","volume":30000,"label":" ","price":7.84},{"type":"U","date":"2018-03-19T02:52:19.000Z","volume":1500,"label":"X","price":7.835},{"type":"B","date":"2018-03-19T02:52:34.000Z","volume":500,"label":" ","price":7.82},{"type":"A","date":"2018-03-19T02:52:58.000Z","volume":1000,"label":" ","price":7.84},{"type":"B","date":"2018-03-19T02:53:25.000Z","volume":1500,"label":" ","price":7.84},{"type":"B","date":"2018-03-19T02:53:55.000Z","volume":500,"label":" ","price":7.83},{"type":"U","date":"2018-03-19T02:54:12.000Z","volume":500,"label":"X","price":7.836},{"type":"U","date":"2018-03-19T02:54:12.000Z","volume":1000,"label":"X","price":7.836},{"type":"B","date":"2018-03-19T02:54:13.000Z","volume":500,"label":" ","price":7.83},{"type":"U","date":"2018-03-19T02:54:49.000Z","volume":1000,"label":" ","price":7.84},{"type":"A","date":"2018-03-19T02:55:05.000Z","volume":10000,"label":" ","price":7.85},{"type":"U","date":"2018-03-19T02:55:12.000Z","volume":500,"label":"X","price":7.848},{"type":"B","date":"2018-03-19T02:55:13.000Z","volume":500,"label":" ","price":7.83},{"type":"B","date":"2018-03-19T02:56:12.000Z","volume":500,"label":" ","price":7.83},{"type":"U","date":"2018-03-19T02:57:12.000Z","volume":500,"label":"X","price":7.83},{"type":"U","date":"2018-03-19T02:57:12.000Z","volume":500,"label":"X","price":7.83},{"type":"A","date":"2018-03-19T02:57:37.000Z","volume":1500,"label":" ","price":7.84},{"type":"U","date":"2018-03-19T02:58:12.000Z","volume":500,"label":"X","price":7.84},{"type":"B","date":"2018-03-19T02:58:26.000Z","volume":500,"label":" ","price":7.83},{"type":"U","date":"2018-03-19T02:58:34.000Z","volume":1000,"label":"X","price":7.84},{"type":"B","date":"2018-03-19T02:58:37.000Z","volume":2500,"label":" ","price":7.84},{"type":"B","date":"2018-03-19T02:58:40.000Z","volume":1000,"label":" ","price":7.84},{"type":"B","date":"2018-03-19T02:59:10.000Z","volume":500,"label":" ","price":7.83},{"type":"B","date":"2018-03-19T03:00:10.000Z","volume":1000,"label":" ","price":7.83},{"type":"U","date":"2018-03-19T03:00:12.000Z","volume":500,"label":"X","price":7.84},{"type":"U","date":"2018-03-19T03:00:12.000Z","volume":500,"label":"X","price":7.836},{"type":"A","date":"2018-03-19T03:00:17.000Z","volume":2000,"label":" ","price":7.84},{"type":"A","date":"2018-03-19T03:00:18.000Z","volume":3000,"label":" ","price":7.84},{"type":"B","date":"2018-03-19T03:00:32.000Z","volume":500,"label":" ","price":7.83},{"type":"B","date":"2018-03-19T03:01:03.000Z","volume":2000,"label":" ","price":7.84},{"type":"B","date":"2018-03-19T03:01:10.000Z","volume":500,"label":" ","price":7.84},{"type":"B","date":"2018-03-19T03:01:30.000Z","volume":1000,"label":" ","price":7.84},{"type":"B","date":"2018-03-19T03:01:35.000Z","volume":29500,"label":" ","price":7.84},{"type":"B","date":"2018-03-19T03:01:37.000Z","volume":2000,"label":"Y","price":7.84},{"type":"B","date":"2018-03-19T03:01:37.000Z","volume":7000,"label":" ","price":7.84},{"type":"U","date":"2018-03-19T03:01:39.000Z","volume":1000,"label":"X","price":7.85},{"type":"B","date":"2018-03-19T03:02:37.000Z","volume":1000,"label":" ","price":7.84},{"type":"U","date":"2018-03-19T03:02:46.000Z","volume":500,"label":"X","price":7.84},{"type":"B","date":"2018-03-19T03:02:56.000Z","volume":500,"label":" ","price":7.84},{"type":"B","date":"2018-03-19T03:03:57.000Z","volume":1500,"label":" ","price":7.84},{"type":"B","date":"2018-03-19T03:04:35.000Z","volume":2500,"label":" ","price":7.84},{"type":"B","date":"2018-03-19T03:04:38.000Z","volume":2500,"label":" ","price":7.84},{"type":"B","date":"2018-03-19T03:04:50.000Z","volume":58500,"label":" ","price":7.84},{"type":"B","date":"2018-03-19T03:04:50.000Z","volume":2500,"label":" ","price":7.84},{"type":"A","date":"2018-03-19T03:04:51.000Z","volume":6500,"label":" ","price":7.84},{"type":"A","date":"2018-03-19T03:04:53.000Z","volume":4500,"label":" ","price":7.84},{"type":"A","date":"2018-03-19T03:04:59.000Z","volume":24000,"label":" ","price":7.85},{"type":"A","date":"2018-03-19T03:05:13.000Z","volume":2000,"label":" ","price":7.85},{"type":"U","date":"2018-03-19T03:05:18.000Z","volume":500,"label":"X","price":7.85},{"type":"A","date":"2018-03-19T03:06:24.000Z","volume":500,"label":" ","price":7.85},{"type":"B","date":"2018-03-19T03:06:31.000Z","volume":1500,"label":" ","price":7.83},{"type":"B","date":"2018-03-19T03:06:48.000Z","volume":500,"label":" ","price":7.83},{"type":"B","date":"2018-03-19T03:10:57.000Z","volume":1500,"label":" ","price":7.84},{"type":"B","date":"2018-03-19T03:11:18.000Z","volume":1000,"label":" ","price":7.84},{"type":"B","date":"2018-03-19T03:11:31.000Z","volume":500,"label":" ","price":7.84},{"type":"B","date":"2018-03-19T03:11:37.000Z","volume":500,"label":" ","price":7.84},{"type":"B","date":"2018-03-19T03:11:57.000Z","volume":500,"label":" ","price":7.84},{"type":"U","date":"2018-03-19T03:12:21.000Z","volume":500,"label":"X","price":7.84},{"type":"U","date":"2018-03-19T03:12:21.000Z","volume":1000,"label":"X","price":7.84},{"type":"U","date":"2018-03-19T03:12:21.000Z","volume":500,"label":"X","price":7.84},{"type":"B","date":"2018-03-19T03:12:37.000Z","volume":500,"label":" ","price":7.84},{"type":"B","date":"2018-03-19T03:13:03.000Z","volume":500,"label":" ","price":7.84},{"type":"B","date":"2018-03-19T03:13:37.000Z","volume":500,"label":" ","price":7.84},{"type":"B","date":"2018-03-19T03:14:03.000Z","volume":5000,"label":" ","price":7.84},{"type":"B","date":"2018-03-19T03:14:57.000Z","volume":500,"label":" ","price":7.84},{"type":"B","date":"2018-03-19T03:15:02.000Z","volume":500,"label":" ","price":7.84},{"type":"B","date":"2018-03-19T03:15:21.000Z","volume":1000,"label":" ","price":7.84},{"type":"B","date":"2018-03-19T03:15:26.000Z","volume":500,"label":" ","price":7.84},{"type":"B","date":"2018-03-19T03:15:37.000Z","volume":500,"label":"Y","price":7.84},{"type":"B","date":"2018-03-19T03:15:57.000Z","volume":500,"label":"Y","price":7.84},{"type":"B","date":"2018-03-19T03:16:06.000Z","volume":5000,"label":" ","price":7.84},{"type":"B","date":"2018-03-19T03:16:06.000Z","volume":5000,"label":" ","price":7.84},{"type":"B","date":"2018-03-19T03:16:06.000Z","volume":5000,"label":" ","price":7.84},{"type":"A","date":"2018-03-19T03:16:15.000Z","volume":10000,"label":" ","price":7.85},{"type":"B","date":"2018-03-19T03:16:30.000Z","volume":2000,"label":" ","price":7.84},{"type":"B","date":"2018-03-19T03:16:30.000Z","volume":2000,"label":" ","price":7.84},{"type":"B","date":"2018-03-19T03:16:30.000Z","volume":2000,"label":" ","price":7.84},{"type":"B","date":"2018-03-19T03:16:30.000Z","volume":2000,"label":" ","price":7.84},{"type":"B","date":"2018-03-19T03:16:30.000Z","volume":2000,"label":" ","price":7.84},{"type":"B","date":"2018-03-19T03:16:30.000Z","volume":2000,"label":" ","price":7.84},{"type":"B","date":"2018-03-19T03:16:30.000Z","volume":2000,"label":" ","price":7.84},{"type":"B","date":"2018-03-19T03:16:30.000Z","volume":2000,"label":" ","price":7.84},{"type":"B","date":"2018-03-19T03:16:30.000Z","volume":2000,"label":" ","price":7.84},{"type":"B","date":"2018-03-19T03:16:30.000Z","volume":5500,"label":" ","price":7.84},{"type":"A","date":"2018-03-19T03:16:30.000Z","volume":500,"label":" ","price":7.84},{"type":"A","date":"2018-03-19T03:16:30.000Z","volume":1000,"label":" ","price":7.84},{"type":"U","date":"2018-03-19T03:16:31.000Z","volume":2000,"label":" ","price":7.84},{"type":"B","date":"2018-03-19T03:17:01.000Z","volume":500,"label":" ","price":7.83},{"type":"U","date":"2018-03-19T03:17:09.000Z","volume":1000,"label":"X","price":7.84},{"type":"U","date":"2018-03-19T03:17:11.000Z","volume":2000,"label":" ","price":7.84},{"type":"A","date":"2018-03-19T03:17:12.000Z","volume":15500,"label":" ","price":7.84},{"type":"B","date":"2018-03-19T03:18:02.000Z","volume":500,"label":" ","price":7.83},{"type":"B","date":"2018-03-19T03:18:40.000Z","volume":500,"label":" ","price":7.83},{"type":"B","date":"2018-03-19T03:18:58.000Z","volume":2000,"label":" ","price":7.83},{"type":"B","date":"2018-03-19T03:18:58.000Z","volume":2000,"label":" ","price":7.83},{"type":"B","date":"2018-03-19T03:18:58.000Z","volume":2000,"label":" ","price":7.83},{"type":"B","date":"2018-03-19T03:18:58.000Z","volume":2000,"label":" ","price":7.83},{"type":"B","date":"2018-03-19T03:18:58.000Z","volume":2000,"label":" ","price":7.83},{"type":"B","date":"2018-03-19T03:18:58.000Z","volume":2000,"label":" ","price":7.83},{"type":"B","date":"2018-03-19T03:18:58.000Z","volume":2000,"label":" ","price":7.83},{"type":"B","date":"2018-03-19T03:18:58.000Z","volume":10500,"label":" ","price":7.83},{"type":"B","date":"2018-03-19T03:18:58.000Z","volume":500,"label":"Y","price":7.83},{"type":"B","date":"2018-03-19T03:18:58.000Z","volume":1500,"label":" ","price":7.83},{"type":"B","date":"2018-03-19T03:18:58.000Z","volume":500,"label":" ","price":7.83},{"type":"B","date":"2018-03-19T03:18:59.000Z","volume":500,"label":" ","price":7.82},{"type":"B","date":"2018-03-19T03:19:26.000Z","volume":500,"label":" ","price":7.82},{"type":"A","date":"2018-03-19T03:19:47.000Z","volume":1000,"label":" ","price":7.83},{"type":"B","date":"2018-03-19T03:19:59.000Z","volume":500,"label":" ","price":7.82},{"type":"U","date":"2018-03-19T03:20:10.000Z","volume":1000,"label":" ","price":7.83},{"type":"A","date":"2018-03-19T03:20:10.000Z","volume":3500,"label":" ","price":7.83},{"type":"B","date":"2018-03-19T03:21:42.000Z","volume":500,"label":" ","price":7.82},{"type":"U","date":"2018-03-19T03:22:13.000Z","volume":1000,"label":"X","price":7.829},{"type":"U","date":"2018-03-19T03:22:13.000Z","volume":1500,"label":"X","price":7.829},{"type":"A","date":"2018-03-19T03:22:17.000Z","volume":1000,"label":" ","price":7.83},{"type":"A","date":"2018-03-19T03:22:17.000Z","volume":2000,"label":" ","price":7.83},{"type":"A","date":"2018-03-19T03:24:17.000Z","volume":1500,"label":" ","price":7.83},{"type":"A","date":"2018-03-19T03:24:18.000Z","volume":3000,"label":" ","price":7.83},{"type":"A","date":"2018-03-19T03:24:32.000Z","volume":2500,"label":" ","price":7.83},{"type":"A","date":"2018-03-19T03:24:34.000Z","volume":500,"label":" ","price":7.83},{"type":"A","date":"2018-03-19T03:24:39.000Z","volume":1500,"label":" ","price":7.83},{"type":"A","date":"2018-03-19T03:24:39.000Z","volume":2500,"label":" ","price":7.83},{"type":"A","date":"2018-03-19T03:24:43.000Z","volume":1000,"label":" ","price":7.83},{"type":"U","date":"2018-03-19T03:24:44.000Z","volume":500,"label":"X","price":7.83},{"type":"A","date":"2018-03-19T03:24:48.000Z","volume":1000,"label":" ","price":7.83},{"type":"A","date":"2018-03-19T03:24:50.000Z","volume":500,"label":" ","price":7.83},{"type":"A","date":"2018-03-19T03:24:51.000Z","volume":500,"label":" ","price":7.83},{"type":"U","date":"2018-03-19T03:24:51.000Z","volume":500,"label":"X","price":7.83},{"type":"A","date":"2018-03-19T03:24:56.000Z","volume":1000,"label":" ","price":7.83},{"type":"A","date":"2018-03-19T03:24:57.000Z","volume":1000,"label":" ","price":7.83},{"type":"B","date":"2018-03-19T03:25:47.000Z","volume":500,"label":" ","price":7.82},{"type":"B","date":"2018-03-19T03:26:12.000Z","volume":2000,"label":" ","price":7.82},{"type":"A","date":"2018-03-19T03:26:17.000Z","volume":2500,"label":" ","price":7.83},{"type":"U","date":"2018-03-19T03:26:55.000Z","volume":1000,"label":" ","price":7.83},{"type":"A","date":"2018-03-19T03:26:55.000Z","volume":3500,"label":" ","price":7.83},{"type":"U","date":"2018-03-19T03:27:17.000Z","volume":500,"label":"X","price":7.83},{"type":"A","date":"2018-03-19T03:28:12.000Z","volume":1000,"label":" ","price":7.84},{"type":"U","date":"2018-03-19T03:28:59.000Z","volume":1000,"label":" ","price":7.83},{"type":"A","date":"2018-03-19T03:29:00.000Z","volume":1000,"label":" ","price":7.83},{"type":"U","date":"2018-03-19T03:29:57.000Z","volume":1000,"label":" ","price":7.83},{"type":"A","date":"2018-03-19T03:29:57.000Z","volume":1500,"label":" ","price":7.83},{"type":"B","date":"2018-03-19T03:30:39.000Z","volume":500,"label":" ","price":7.82},{"type":"U","date":"2018-03-19T03:31:21.000Z","volume":500,"label":"X","price":7.83},{"type":"U","date":"2018-03-19T03:31:50.000Z","volume":1000,"label":"X","price":7.835},{"type":"B","date":"2018-03-19T03:31:50.000Z","volume":500,"label":"Y","price":7.83},{"type":"B","date":"2018-03-19T03:31:50.000Z","volume":3500,"label":" ","price":7.83},{"type":"B","date":"2018-03-19T03:31:50.000Z","volume":500,"label":" ","price":7.83},{"type":"B","date":"2018-03-19T03:31:53.000Z","volume":1000,"label":" ","price":7.83},{"type":"B","date":"2018-03-19T03:31:53.000Z","volume":5000,"label":" ","price":7.83},{"type":"B","date":"2018-03-19T03:31:53.000Z","volume":500,"label":" ","price":7.83},{"type":"A","date":"2018-03-19T03:32:17.000Z","volume":1000,"label":" ","price":7.83},{"type":"A","date":"2018-03-19T03:32:18.000Z","volume":2500,"label":" ","price":7.83},{"type":"A","date":"2018-03-19T03:33:47.000Z","volume":20000,"label":" ","price":7.83},{"type":"A","date":"2018-03-19T03:33:47.000Z","volume":3000,"label":" ","price":7.83},{"type":"U","date":"2018-03-19T03:34:13.000Z","volume":1000,"label":" ","price":7.83},{"type":"A","date":"2018-03-19T03:34:14.000Z","volume":1500,"label":" ","price":7.83},{"type":"B","date":"2018-03-19T03:34:19.000Z","volume":20000,"label":" ","price":7.82},{"type":"A","date":"2018-03-19T03:34:19.000Z","volume":1500,"label":" ","price":7.83},{"type":"A","date":"2018-03-19T03:34:59.000Z","volume":500,"label":" ","price":7.83},{"type":"A","date":"2018-03-19T03:34:59.000Z","volume":3000,"label":" ","price":7.83},{"type":"B","date":"2018-03-19T03:35:20.000Z","volume":500,"label":" ","price":7.82},{"type":"U","date":"2018-03-19T03:37:17.000Z","volume":3000,"label":"X","price":7.827},{"type":"U","date":"2018-03-19T03:37:17.000Z","volume":500,"label":"X","price":7.827},{"type":"A","date":"2018-03-19T03:37:25.000Z","volume":1000,"label":" ","price":7.83},{"type":"A","date":"2018-03-19T03:37:25.000Z","volume":3500,"label":" ","price":7.83},{"type":"B","date":"2018-03-19T03:37:34.000Z","volume":500,"label":" ","price":7.82},{"type":"A","date":"2018-03-19T03:38:26.000Z","volume":2500,"label":" ","price":7.83},{"type":"A","date":"2018-03-19T03:38:27.000Z","volume":2500,"label":" ","price":7.83},{"type":"U","date":"2018-03-19T03:39:07.000Z","volume":3000,"label":" ","price":7.83},{"type":"A","date":"2018-03-19T03:39:07.000Z","volume":1500,"label":" ","price":7.83},{"type":"U","date":"2018-03-19T03:39:17.000Z","volume":500,"label":"X","price":7.83},{"type":"U","date":"2018-03-19T03:39:17.000Z","volume":500,"label":"X","price":7.83},{"type":"A","date":"2018-03-19T03:40:40.000Z","volume":1000,"label":" ","price":7.83},{"type":"A","date":"2018-03-19T03:40:40.000Z","volume":2500,"label":" ","price":7.83},{"type":"A","date":"2018-03-19T03:40:44.000Z","volume":500,"label":" ","price":7.83},{"type":"U","date":"2018-03-19T03:40:45.000Z","volume":500,"label":"X","price":7.83},{"type":"B","date":"2018-03-19T03:40:56.000Z","volume":500,"label":" ","price":7.82},{"type":"A","date":"2018-03-19T03:43:35.000Z","volume":1000,"label":" ","price":7.83},{"type":"A","date":"2018-03-19T03:43:36.000Z","volume":3000,"label":" ","price":7.83},{"type":"A","date":"2018-03-19T03:43:36.000Z","volume":500,"label":" ","price":7.83},{"type":"A","date":"2018-03-19T03:43:36.000Z","volume":500,"label":" ","price":7.83},{"type":"U","date":"2018-03-19T03:43:36.000Z","volume":500,"label":"X","price":7.83},{"type":"U","date":"2018-03-19T03:44:17.000Z","volume":2000,"label":"X","price":7.829},{"type":"U","date":"2018-03-19T03:44:17.000Z","volume":500,"label":"X","price":7.829},{"type":"B","date":"2018-03-19T03:44:17.000Z","volume":3000,"label":"Y","price":7.83},{"type":"B","date":"2018-03-19T03:44:17.000Z","volume":3000,"label":" ","price":7.83},{"type":"B","date":"2018-03-19T03:44:17.000Z","volume":500,"label":" ","price":7.83},{"type":"A","date":"2018-03-19T03:44:31.000Z","volume":3000,"label":" ","price":7.83},{"type":"A","date":"2018-03-19T03:44:32.000Z","volume":2000,"label":" ","price":7.83},{"type":"B","date":"2018-03-19T03:44:42.000Z","volume":500,"label":" ","price":7.82},{"type":"U","date":"2018-03-19T03:45:41.000Z","volume":1000,"label":" ","price":7.83},{"type":"A","date":"2018-03-19T03:45:42.000Z","volume":1000,"label":" ","price":7.83},{"type":"A","date":"2018-03-19T03:46:23.000Z","volume":4000,"label":" ","price":7.83},{"type":"B","date":"2018-03-19T03:47:15.000Z","volume":2000,"label":" ","price":7.83},{"type":"B","date":"2018-03-19T03:49:24.000Z","volume":500,"label":" ","price":7.83},{"type":"B","date":"2018-03-19T03:49:36.000Z","volume":8500,"label":" ","price":7.83},{"type":"A","date":"2018-03-19T03:51:52.000Z","volume":500,"label":" ","price":7.84},{"type":"B","date":"2018-03-19T03:52:01.000Z","volume":1000,"label":" ","price":7.83},{"type":"A","date":"2018-03-19T03:52:34.000Z","volume":500,"label":" ","price":7.84},{"type":"B","date":"2018-03-19T03:53:37.000Z","volume":1000,"label":" ","price":7.83},{"type":"U","date":"2018-03-19T03:53:48.000Z","volume":3000,"label":"X","price":7.83},{"type":"B","date":"2018-03-19T03:53:59.000Z","volume":500,"label":" ","price":7.83},{"type":"B","date":"2018-03-19T03:54:51.000Z","volume":1000,"label":" ","price":7.83},{"type":"B","date":"2018-03-19T03:54:57.000Z","volume":1000,"label":"Y","price":7.83},{"type":"B","date":"2018-03-19T03:55:39.000Z","volume":500,"label":" ","price":7.83},{"type":"A","date":"2018-03-19T03:56:08.000Z","volume":500,"label":" ","price":7.84},{"type":"B","date":"2018-03-19T03:56:39.000Z","volume":500,"label":" ","price":7.83},{"type":"B","date":"2018-03-19T03:56:59.000Z","volume":500,"label":" ","price":7.83},{"type":"B","date":"2018-03-19T03:57:17.000Z","volume":1000,"label":"Y","price":7.83},{"type":"B","date":"2018-03-19T03:57:49.000Z","volume":1000,"label":" ","price":7.83},{"type":"B","date":"2018-03-19T03:58:37.000Z","volume":1000,"label":"Y","price":7.83},{"type":"B","date":"2018-03-19T03:58:38.000Z","volume":500,"label":" ","price":7.83},{"type":"B","date":"2018-03-19T03:59:17.000Z","volume":1500,"label":"Y","price":7.83},{"type":"B","date":"2018-03-19T03:59:37.000Z","volume":1000,"label":" ","price":7.83},{"type":"B","date":"2018-03-19T03:59:37.000Z","volume":500,"label":" ","price":7.83},{"type":"B","date":"2018-03-19T03:59:54.000Z","volume":2000,"label":" ","price":7.83},{"type":"B","date":"2018-03-19T03:59:57.000Z","volume":1500,"label":"Y","price":7.83},{"type":"B","date":"2018-03-19T05:00:00.000Z","volume":6500,"label":" ","price":7.83},{"type":"B","date":"2018-03-19T05:00:00.000Z","volume":2000,"label":" ","price":7.83},{"type":"B","date":"2018-03-19T05:00:01.000Z","volume":500,"label":" ","price":7.82},{"type":"A","date":"2018-03-19T05:00:02.000Z","volume":1000,"label":" ","price":7.83},{"type":"B","date":"2018-03-19T05:00:02.000Z","volume":500,"label":" ","price":7.82},{"type":"U","date":"2018-03-19T05:00:04.000Z","volume":100000,"label":"X","price":7.83},{"type":"B","date":"2018-03-19T05:00:15.000Z","volume":500,"label":" ","price":7.82},{"type":"B","date":"2018-03-19T05:01:00.000Z","volume":1000,"label":" ","price":7.82},{"type":"B","date":"2018-03-19T05:01:00.000Z","volume":500,"label":" ","price":7.82},{"type":"B","date":"2018-03-19T05:02:59.000Z","volume":500,"label":" ","price":7.82},{"type":"B","date":"2018-03-19T05:02:59.000Z","volume":500,"label":" ","price":7.82},{"type":"A","date":"2018-03-19T05:03:05.000Z","volume":2000,"label":" ","price":7.83},{"type":"B","date":"2018-03-19T05:03:06.000Z","volume":500,"label":" ","price":7.82},{"type":"U","date":"2018-03-19T05:03:45.000Z","volume":1000,"label":"X","price":7.82},{"type":"B","date":"2018-03-19T05:04:10.000Z","volume":8500,"label":" ","price":7.82},{"type":"A","date":"2018-03-19T05:04:10.000Z","volume":1500,"label":" ","price":7.82},{"type":"A","date":"2018-03-19T05:04:10.000Z","volume":1500,"label":" ","price":7.82},{"type":"U","date":"2018-03-19T05:04:11.000Z","volume":1000,"label":"X","price":7.83},{"type":"U","date":"2018-03-19T05:04:18.000Z","volume":1000,"label":" ","price":7.82},{"type":"A","date":"2018-03-19T05:04:52.000Z","volume":500,"label":" ","price":7.82},{"type":"A","date":"2018-03-19T05:04:52.000Z","volume":5000,"label":" ","price":7.82},{"type":"A","date":"2018-03-19T05:04:53.000Z","volume":500,"label":" ","price":7.82},{"type":"A","date":"2018-03-19T05:04:53.000Z","volume":500,"label":" ","price":7.82},{"type":"U","date":"2018-03-19T05:05:10.000Z","volume":1000,"label":"X","price":7.81},{"type":"A","date":"2018-03-19T05:05:28.000Z","volume":500,"label":" ","price":7.82},{"type":"A","date":"2018-03-19T05:05:28.000Z","volume":1500,"label":" ","price":7.82},{"type":"A","date":"2018-03-19T05:05:42.000Z","volume":1000,"label":" ","price":7.82},{"type":"U","date":"2018-03-19T05:06:10.000Z","volume":500,"label":"X","price":7.82},{"type":"U","date":"2018-03-19T05:06:10.000Z","volume":1000,"label":"X","price":7.82},{"type":"U","date":"2018-03-19T05:06:10.000Z","volume":1000,"label":"X","price":7.82},{"type":"B","date":"2018-03-19T05:06:40.000Z","volume":6000,"label":" ","price":7.81},{"type":"A","date":"2018-03-19T05:06:40.000Z","volume":14000,"label":" ","price":7.81},{"type":"A","date":"2018-03-19T05:06:40.000Z","volume":2500,"label":" ","price":7.82},{"type":"U","date":"2018-03-19T05:06:57.000Z","volume":1000,"label":" ","price":7.82},{"type":"U","date":"2018-03-19T05:07:01.000Z","volume":500,"label":" ","price":7.82},{"type":"U","date":"2018-03-19T05:07:58.000Z","volume":2000,"label":"X","price":7.82},{"type":"B","date":"2018-03-19T05:08:32.000Z","volume":500,"label":" ","price":7.8},{"type":"A","date":"2018-03-19T05:08:43.000Z","volume":1000,"label":" ","price":7.82},{"type":"A","date":"2018-03-19T05:08:43.000Z","volume":2500,"label":" ","price":7.82},{"type":"A","date":"2018-03-19T05:08:43.000Z","volume":1500,"label":" ","price":7.82},{"type":"U","date":"2018-03-19T05:09:09.000Z","volume":5000,"label":" ","price":7.82},{"type":"U","date":"2018-03-19T05:09:17.000Z","volume":5000,"label":" ","price":7.82},{"type":"A","date":"2018-03-19T05:09:18.000Z","volume":1000,"label":" ","price":7.82},{"type":"A","date":"2018-03-19T05:09:18.000Z","volume":2000,"label":" ","price":7.82},{"type":"A","date":"2018-03-19T05:09:24.000Z","volume":5000,"label":" ","price":7.82},{"type":"A","date":"2018-03-19T05:09:25.000Z","volume":500,"label":" ","price":7.83},{"type":"U","date":"2018-03-19T05:09:25.000Z","volume":500,"label":"X","price":7.83},{"type":"A","date":"2018-03-19T05:09:36.000Z","volume":5000,"label":" ","price":7.82},{"type":"A","date":"2018-03-19T05:09:54.000Z","volume":1000,"label":" ","price":7.82},{"type":"A","date":"2018-03-19T05:09:54.000Z","volume":2500,"label":" ","price":7.82},{"type":"A","date":"2018-03-19T05:09:55.000Z","volume":1500,"label":" ","price":7.82},{"type":"A","date":"2018-03-19T05:09:55.000Z","volume":500,"label":" ","price":7.82},{"type":"A","date":"2018-03-19T05:09:55.000Z","volume":1500,"label":" ","price":7.82},{"type":"A","date":"2018-03-19T05:09:57.000Z","volume":500,"label":" ","price":7.82},{"type":"A","date":"2018-03-19T05:10:06.000Z","volume":5000,"label":" ","price":7.82},{"type":"A","date":"2018-03-19T05:10:08.000Z","volume":500,"label":" ","price":7.83},{"type":"U","date":"2018-03-19T05:10:08.000Z","volume":500,"label":"X","price":7.83},{"type":"A","date":"2018-03-19T05:10:59.000Z","volume":500,"label":" ","price":7.82},{"type":"A","date":"2018-03-19T05:11:00.000Z","volume":2000,"label":" ","price":7.82},{"type":"U","date":"2018-03-19T05:11:34.000Z","volume":1000,"label":"X","price":7.82},{"type":"U","date":"2018-03-19T05:11:34.000Z","volume":500,"label":"X","price":7.82},{"type":"A","date":"2018-03-19T05:12:32.000Z","volume":1000,"label":" ","price":7.82},{"type":"B","date":"2018-03-19T05:13:09.000Z","volume":500,"label":" ","price":7.81},{"type":"U","date":"2018-03-19T05:14:09.000Z","volume":1000,"label":"X","price":7.81},{"type":"U","date":"2018-03-19T05:15:09.000Z","volume":1000,"label":"X","price":7.81},{"type":"U","date":"2018-03-19T05:15:12.000Z","volume":1000,"label":" ","price":7.82},{"type":"U","date":"2018-03-19T05:15:16.000Z","volume":500,"label":"X","price":7.82},{"type":"B","date":"2018-03-19T05:15:25.000Z","volume":3000,"label":" ","price":7.81},{"type":"A","date":"2018-03-19T05:15:26.000Z","volume":17000,"label":" ","price":7.81},{"type":"A","date":"2018-03-19T05:15:26.000Z","volume":1500,"label":" ","price":7.82},{"type":"A","date":"2018-03-19T05:15:38.000Z","volume":1000,"label":" ","price":7.82},{"type":"A","date":"2018-03-19T05:15:39.000Z","volume":5000,"label":" ","price":7.82},{"type":"A","date":"2018-03-19T05:15:41.000Z","volume":2500,"label":" ","price":7.82},{"type":"A","date":"2018-03-19T05:15:41.000Z","volume":1000,"label":" ","price":7.82},{"type":"B","date":"2018-03-19T05:15:45.000Z","volume":500,"label":" ","price":7.8},{"type":"U","date":"2018-03-19T05:15:50.000Z","volume":500,"label":" ","price":7.82},{"type":"U","date":"2018-03-19T05:17:08.000Z","volume":1000,"label":" ","price":7.82},{"type":"A","date":"2018-03-19T05:17:08.000Z","volume":500,"label":" ","price":7.82},{"type":"U","date":"2018-03-19T05:17:37.000Z","volume":500,"label":"X","price":7.819},{"type":"U","date":"2018-03-19T05:17:37.000Z","volume":1000,"label":"X","price":7.819},{"type":"B","date":"2018-03-19T05:19:21.000Z","volume":500,"label":" ","price":7.8},{"type":"U","date":"2018-03-19T05:19:41.000Z","volume":500,"label":"X","price":7.81},{"type":"U","date":"2018-03-19T05:19:41.000Z","volume":500,"label":"X","price":7.81},{"type":"A","date":"2018-03-19T05:20:03.000Z","volume":1000,"label":" ","price":7.81},{"type":"A","date":"2018-03-19T05:21:29.000Z","volume":1000,"label":" ","price":7.81},{"type":"A","date":"2018-03-19T05:22:53.000Z","volume":2500,"label":" ","price":7.81},{"type":"A","date":"2018-03-19T05:22:57.000Z","volume":2500,"label":" ","price":7.81},{"type":"B","date":"2018-03-19T05:22:58.000Z","volume":500,"label":" ","price":7.8},{"type":"A","date":"2018-03-19T05:23:17.000Z","volume":500,"label":" ","price":7.81},{"type":"U","date":"2018-03-19T05:23:30.000Z","volume":500,"label":"X","price":7.81},{"type":"B","date":"2018-03-19T05:24:02.000Z","volume":500,"label":" ","price":7.8},{"type":"A","date":"2018-03-19T05:25:46.000Z","volume":34000,"label":" ","price":7.82},{"type":"U","date":"2018-03-19T05:25:48.000Z","volume":1500,"label":"X","price":7.83},{"type":"U","date":"2018-03-19T05:26:07.000Z","volume":1500,"label":"X","price":7.83},{"type":"B","date":"2018-03-19T05:26:08.000Z","volume":1000,"label":" ","price":7.81},{"type":"U","date":"2018-03-19T05:27:06.000Z","volume":2500,"label":"X","price":7.82},{"type":"U","date":"2018-03-19T05:27:06.000Z","volume":500,"label":"X","price":7.82},{"type":"A","date":"2018-03-19T05:28:27.000Z","volume":500,"label":" ","price":7.82},{"type":"B","date":"2018-03-19T05:29:44.000Z","volume":500,"label":" ","price":7.81},{"type":"B","date":"2018-03-19T05:30:44.000Z","volume":500,"label":" ","price":7.81},{"type":"B","date":"2018-03-19T05:31:43.000Z","volume":500,"label":" ","price":7.81},{"type":"B","date":"2018-03-19T05:33:42.000Z","volume":500,"label":" ","price":7.81},{"type":"B","date":"2018-03-19T05:33:42.000Z","volume":11500,"label":" ","price":7.81},{"type":"B","date":"2018-03-19T05:33:42.000Z","volume":1000,"label":" ","price":7.81},{"type":"B","date":"2018-03-19T05:33:49.000Z","volume":1000,"label":" ","price":7.81},{"type":"B","date":"2018-03-19T05:33:50.000Z","volume":500,"label":" ","price":7.81},{"type":"A","date":"2018-03-19T05:33:51.000Z","volume":1000,"label":" ","price":7.82},{"type":"B","date":"2018-03-19T05:34:41.000Z","volume":500,"label":" ","price":7.81},{"type":"U","date":"2018-03-19T05:35:00.000Z","volume":500,"label":"X","price":7.81},{"type":"U","date":"2018-03-19T05:35:00.000Z","volume":1000,"label":"X","price":7.81},{"type":"U","date":"2018-03-19T05:35:00.000Z","volume":500,"label":"X","price":7.81},{"type":"B","date":"2018-03-19T05:35:41.000Z","volume":500,"label":" ","price":7.81},{"type":"B","date":"2018-03-19T05:35:41.000Z","volume":500,"label":" ","price":7.81},{"type":"B","date":"2018-03-19T05:35:50.000Z","volume":500,"label":" ","price":7.81},{"type":"B","date":"2018-03-19T05:36:40.000Z","volume":1000,"label":" ","price":7.81},{"type":"A","date":"2018-03-19T05:37:01.000Z","volume":1500,"label":" ","price":7.82},{"type":"B","date":"2018-03-19T05:37:02.000Z","volume":500,"label":" ","price":7.81},{"type":"U","date":"2018-03-19T05:37:38.000Z","volume":500,"label":"X","price":7.82},{"type":"B","date":"2018-03-19T05:37:40.000Z","volume":500,"label":" ","price":7.81},{"type":"B","date":"2018-03-19T05:37:53.000Z","volume":5000,"label":" ","price":7.81},{"type":"B","date":"2018-03-19T05:37:53.000Z","volume":2500,"label":" ","price":7.81},{"type":"B","date":"2018-03-19T05:37:53.000Z","volume":3500,"label":" ","price":7.8},{"type":"B","date":"2018-03-19T05:37:53.000Z","volume":6500,"label":" ","price":7.8},{"type":"B","date":"2018-03-19T05:37:53.000Z","volume":6500,"label":" ","price":7.8},{"type":"B","date":"2018-03-19T05:37:53.000Z","volume":6500,"label":" ","price":7.8},{"type":"B","date":"2018-03-19T05:37:53.000Z","volume":6500,"label":" ","price":7.8},{"type":"B","date":"2018-03-19T05:37:53.000Z","volume":6500,"label":" ","price":7.8},{"type":"B","date":"2018-03-19T05:37:53.000Z","volume":5000,"label":" ","price":7.8},{"type":"B","date":"2018-03-19T05:37:53.000Z","volume":6500,"label":" ","price":7.8},{"type":"B","date":"2018-03-19T05:37:53.000Z","volume":6500,"label":" ","price":7.8},{"type":"A","date":"2018-03-19T05:37:53.000Z","volume":500,"label":" ","price":7.81},{"type":"B","date":"2018-03-19T05:37:53.000Z","volume":6000,"label":" ","price":7.8},{"type":"A","date":"2018-03-19T05:37:53.000Z","volume":9500,"label":" ","price":7.81},{"type":"U","date":"2018-03-19T05:37:54.000Z","volume":1000,"label":"X","price":7.82},{"type":"A","date":"2018-03-19T05:37:54.000Z","volume":1500,"label":" ","price":7.82},{"type":"U","date":"2018-03-19T05:37:54.000Z","volume":1000,"label":"X","price":7.82},{"type":"U","date":"2018-03-19T05:37:54.000Z","volume":1000,"label":"X","price":7.82},{"type":"B","date":"2018-03-19T05:37:56.000Z","volume":6500,"label":" ","price":7.81},{"type":"B","date":"2018-03-19T05:37:56.000Z","volume":6500,"label":" ","price":7.81},{"type":"B","date":"2018-03-19T05:37:56.000Z","volume":1000,"label":" ","price":7.81},{"type":"B","date":"2018-03-19T05:37:56.000Z","volume":5500,"label":" ","price":7.8},{"type":"B","date":"2018-03-19T05:37:56.000Z","volume":6500,"label":" ","price":7.8},{"type":"B","date":"2018-03-19T05:37:56.000Z","volume":6500,"label":" ","price":7.8},{"type":"B","date":"2018-03-19T05:37:56.000Z","volume":6500,"label":" ","price":7.8},{"type":"B","date":"2018-03-19T05:37:56.000Z","volume":6500,"label":" ","price":7.8},{"type":"B","date":"2018-03-19T05:37:56.000Z","volume":2000,"label":" ","price":7.8},{"type":"B","date":"2018-03-19T05:38:24.000Z","volume":3500,"label":" ","price":7.81},{"type":"B","date":"2018-03-19T05:38:25.000Z","volume":1500,"label":" ","price":7.81},{"type":"B","date":"2018-03-19T05:38:40.000Z","volume":1500,"label":" ","price":7.81},{"type":"B","date":"2018-03-19T05:38:52.000Z","volume":1000,"label":" ","price":7.81},{"type":"B","date":"2018-03-19T05:39:00.000Z","volume":1000,"label":" ","price":7.81},{"type":"B","date":"2018-03-19T05:39:07.000Z","volume":2000,"label":" ","price":7.81},{"type":"B","date":"2018-03-19T05:39:07.000Z","volume":2000,"label":" ","price":7.81},{"type":"B","date":"2018-03-19T05:39:07.000Z","volume":2000,"label":" ","price":7.81},{"type":"B","date":"2018-03-19T05:39:07.000Z","volume":2000,"label":" ","price":7.81},{"type":"B","date":"2018-03-19T05:39:07.000Z","volume":2000,"label":" ","price":7.81},{"type":"B","date":"2018-03-19T05:39:07.000Z","volume":2000,"label":" ","price":7.81},{"type":"B","date":"2018-03-19T05:39:39.000Z","volume":500,"label":" ","price":7.81},{"type":"B","date":"2018-03-19T05:40:38.000Z","volume":500,"label":" ","price":7.81},{"type":"B","date":"2018-03-19T05:40:40.000Z","volume":5000,"label":" ","price":7.81},{"type":"B","date":"2018-03-19T05:40:43.000Z","volume":1500,"label":" ","price":7.81},{"type":"A","date":"2018-03-19T05:40:43.000Z","volume":1000,"label":" ","price":7.81},{"type":"A","date":"2018-03-19T05:40:43.000Z","volume":500,"label":" ","price":7.81},{"type":"B","date":"2018-03-19T05:40:44.000Z","volume":4500,"label":" ","price":7.81},{"type":"B","date":"2018-03-19T05:40:44.000Z","volume":2000,"label":" ","price":7.81},{"type":"B","date":"2018-03-19T05:40:47.000Z","volume":1000,"label":" ","price":7.81},{"type":"U","date":"2018-03-19T05:40:49.000Z","volume":1000,"label":"X","price":7.81},{"type":"B","date":"2018-03-19T05:41:27.000Z","volume":1000,"label":" ","price":7.81},{"type":"B","date":"2018-03-19T05:41:42.000Z","volume":4500,"label":" ","price":7.81},{"type":"B","date":"2018-03-19T05:41:42.000Z","volume":22500,"label":" ","price":7.81},{"type":"B","date":"2018-03-19T05:41:42.000Z","volume":3500,"label":" ","price":7.81},{"type":"B","date":"2018-03-19T05:41:43.000Z","volume":2000,"label":" ","price":7.81},{"type":"U","date":"2018-03-19T05:41:45.000Z","volume":1500,"label":"X","price":7.81},{"type":"B","date":"2018-03-19T05:42:37.000Z","volume":500,"label":" ","price":7.81},{"type":"U","date":"2018-03-19T05:42:55.000Z","volume":1000,"label":"X","price":7.81},{"type":"B","date":"2018-03-19T05:43:15.000Z","volume":500,"label":" ","price":7.81},{"type":"U","date":"2018-03-19T05:43:15.000Z","volume":500,"label":"X","price":7.81},{"type":"B","date":"2018-03-19T05:43:30.000Z","volume":6000,"label":" ","price":7.81},{"type":"A","date":"2018-03-19T05:43:30.000Z","volume":2000,"label":" ","price":7.81},{"type":"A","date":"2018-03-19T05:43:31.000Z","volume":32500,"label":" ","price":7.81},{"type":"A","date":"2018-03-19T05:43:31.000Z","volume":11000,"label":" ","price":7.81},{"type":"B","date":"2018-03-19T05:43:31.000Z","volume":5500,"label":" ","price":7.8},{"type":"U","date":"2018-03-19T05:43:31.000Z","volume":12000,"label":" ","price":7.81},{"type":"A","date":"2018-03-19T05:43:32.000Z","volume":17000,"label":" ","price":7.81},{"type":"A","date":"2018-03-19T05:43:32.000Z","volume":3000,"label":" ","price":7.81},{"type":"A","date":"2018-03-19T05:43:33.000Z","volume":2500,"label":" ","price":7.82},{"type":"U","date":"2018-03-19T05:43:33.000Z","volume":1000,"label":"X","price":7.82},{"type":"A","date":"2018-03-19T05:43:36.000Z","volume":1500,"label":" ","price":7.82},{"type":"A","date":"2018-03-19T05:43:44.000Z","volume":1000,"label":" ","price":7.82},{"type":"U","date":"2018-03-19T05:43:49.000Z","volume":1000,"label":" ","price":7.81},{"type":"A","date":"2018-03-19T05:43:51.000Z","volume":1500,"label":" ","price":7.82},{"type":"A","date":"2018-03-19T05:43:54.000Z","volume":3500,"label":" ","price":7.82},{"type":"U","date":"2018-03-19T05:45:47.000Z","volume":1000,"label":"X","price":7.818},{"type":"A","date":"2018-03-19T05:50:08.000Z","volume":1000,"label":" ","price":7.81},{"type":"A","date":"2018-03-19T05:50:09.000Z","volume":1000,"label":" ","price":7.81},{"type":"A","date":"2018-03-19T05:50:09.000Z","volume":2000,"label":" ","price":7.81},{"type":"U","date":"2018-03-19T05:50:47.000Z","volume":500,"label":"X","price":7.81},{"type":"U","date":"2018-03-19T05:51:14.000Z","volume":500,"label":" ","price":7.81},{"type":"A","date":"2018-03-19T05:51:14.000Z","volume":3000,"label":" ","price":7.81},{"type":"U","date":"2018-03-19T05:51:49.000Z","volume":500,"label":" ","price":7.81},{"type":"U","date":"2018-03-19T05:51:49.000Z","volume":500,"label":"X","price":7.81},{"type":"B","date":"2018-03-19T05:52:32.000Z","volume":1500,"label":" ","price":7.8},{"type":"U","date":"2018-03-19T05:53:23.000Z","volume":4000,"label":" ","price":7.81},{"type":"A","date":"2018-03-19T05:53:24.000Z","volume":2500,"label":" ","price":7.81},{"type":"B","date":"2018-03-19T05:53:31.000Z","volume":1500,"label":" ","price":7.8},{"type":"B","date":"2018-03-19T05:53:33.000Z","volume":5000,"label":" ","price":7.8},{"type":"U","date":"2018-03-19T05:53:44.000Z","volume":500,"label":"X","price":7.805},{"type":"U","date":"2018-03-19T05:53:44.000Z","volume":500,"label":"X","price":7.805},{"type":"B","date":"2018-03-19T05:53:47.000Z","volume":500,"label":" ","price":7.8},{"type":"U","date":"2018-03-19T05:53:53.000Z","volume":1000,"label":"X","price":7.805},{"type":"B","date":"2018-03-19T05:54:30.000Z","volume":1000,"label":" ","price":7.8},{"type":"B","date":"2018-03-19T05:54:30.000Z","volume":25500,"label":" ","price":7.8},{"type":"B","date":"2018-03-19T05:54:31.000Z","volume":5500,"label":"Y","price":7.8},{"type":"B","date":"2018-03-19T05:54:31.000Z","volume":12000,"label":" ","price":7.8},{"type":"B","date":"2018-03-19T05:54:31.000Z","volume":500,"label":" ","price":7.8},{"type":"U","date":"2018-03-19T05:54:51.000Z","volume":1500,"label":"X","price":7.802},{"type":"U","date":"2018-03-19T05:54:51.000Z","volume":1000,"label":"X","price":7.802},{"type":"B","date":"2018-03-19T05:54:59.000Z","volume":4000,"label":" ","price":7.78},{"type":"B","date":"2018-03-19T05:55:29.000Z","volume":500,"label":" ","price":7.78},{"type":"B","date":"2018-03-19T05:55:30.000Z","volume":1000,"label":" ","price":7.78},{"type":"B","date":"2018-03-19T05:56:02.000Z","volume":500,"label":" ","price":7.77},{"type":"B","date":"2018-03-19T05:56:11.000Z","volume":4000,"label":" ","price":7.77},{"type":"B","date":"2018-03-19T05:56:29.000Z","volume":1000,"label":" ","price":7.77},{"type":"B","date":"2018-03-19T05:56:55.000Z","volume":500,"label":" ","price":7.77},{"type":"B","date":"2018-03-19T05:57:29.000Z","volume":500,"label":" ","price":7.77},{"type":"B","date":"2018-03-19T05:58:26.000Z","volume":1000,"label":" ","price":7.77},{"type":"B","date":"2018-03-19T05:58:28.000Z","volume":1000,"label":" ","price":7.77},{"type":"B","date":"2018-03-19T05:59:28.000Z","volume":500,"label":" ","price":7.77},{"type":"B","date":"2018-03-19T05:59:28.000Z","volume":1000,"label":" ","price":7.77},{"type":"B","date":"2018-03-19T06:00:30.000Z","volume":2500,"label":" ","price":7.77},{"type":"B","date":"2018-03-19T06:01:26.000Z","volume":500,"label":" ","price":7.76},{"type":"B","date":"2018-03-19T06:01:27.000Z","volume":500,"label":" ","price":7.76},{"type":"B","date":"2018-03-19T06:02:26.000Z","volume":500,"label":" ","price":7.76},{"type":"B","date":"2018-03-19T06:03:53.000Z","volume":500,"label":" ","price":7.76},{"type":"B","date":"2018-03-19T06:03:56.000Z","volume":500,"label":" ","price":7.76},{"type":"B","date":"2018-03-19T06:04:20.000Z","volume":500,"label":" ","price":7.76},{"type":"B","date":"2018-03-19T06:04:25.000Z","volume":1000,"label":" ","price":7.76},{"type":"B","date":"2018-03-19T06:04:42.000Z","volume":500,"label":" ","price":7.76},{"type":"B","date":"2018-03-19T06:05:04.000Z","volume":1000,"label":" ","price":7.76},{"type":"B","date":"2018-03-19T06:05:08.000Z","volume":500,"label":" ","price":7.76},{"type":"B","date":"2018-03-19T06:05:24.000Z","volume":500,"label":" ","price":7.76},{"type":"B","date":"2018-03-19T06:05:45.000Z","volume":500,"label":" ","price":7.76},{"type":"B","date":"2018-03-19T06:05:45.000Z","volume":500,"label":" ","price":7.76},{"type":"A","date":"2018-03-19T06:05:56.000Z","volume":500,"label":" ","price":7.77},{"type":"A","date":"2018-03-19T06:06:08.000Z","volume":3000,"label":" ","price":7.77},{"type":"B","date":"2018-03-19T06:06:24.000Z","volume":500,"label":" ","price":7.76},{"type":"B","date":"2018-03-19T06:06:34.000Z","volume":500,"label":" ","price":7.76},{"type":"B","date":"2018-03-19T06:06:35.000Z","volume":500,"label":" ","price":7.76},{"type":"B","date":"2018-03-19T06:07:23.000Z","volume":500,"label":" ","price":7.76},{"type":"B","date":"2018-03-19T06:07:51.000Z","volume":500,"label":" ","price":7.76},{"type":"B","date":"2018-03-19T06:08:16.000Z","volume":1000,"label":" ","price":7.76},{"type":"A","date":"2018-03-19T06:08:36.000Z","volume":13500,"label":" ","price":7.77},{"type":"A","date":"2018-03-19T06:08:36.000Z","volume":1500,"label":" ","price":7.78},{"type":"U","date":"2018-03-19T06:11:17.000Z","volume":1000,"label":"X","price":7.77},{"type":"U","date":"2018-03-19T06:11:17.000Z","volume":2000,"label":"X","price":7.77},{"type":"U","date":"2018-03-19T06:11:17.000Z","volume":1500,"label":"X","price":7.77},{"type":"B","date":"2018-03-19T06:13:18.000Z","volume":500,"label":" ","price":7.76},{"type":"A","date":"2018-03-19T06:13:26.000Z","volume":500,"label":" ","price":7.77},{"type":"B","date":"2018-03-19T06:13:58.000Z","volume":500,"label":" ","price":7.76},{"type":"B","date":"2018-03-19T06:14:07.000Z","volume":7000,"label":" ","price":7.76},{"type":"B","date":"2018-03-19T06:14:08.000Z","volume":500,"label":" ","price":7.76},{"type":"B","date":"2018-03-19T06:14:08.000Z","volume":7500,"label":" ","price":7.76},{"type":"B","date":"2018-03-19T06:14:08.000Z","volume":2500,"label":"Y","price":7.76},{"type":"B","date":"2018-03-19T06:14:08.000Z","volume":4000,"label":" ","price":7.76},{"type":"B","date":"2018-03-19T06:14:08.000Z","volume":500,"label":" ","price":7.76},{"type":"B","date":"2018-03-19T06:14:10.000Z","volume":1000,"label":" ","price":7.75},{"type":"B","date":"2018-03-19T06:14:23.000Z","volume":500,"label":" ","price":7.75},{"type":"B","date":"2018-03-19T06:14:32.000Z","volume":500,"label":" ","price":7.75},{"type":"B","date":"2018-03-19T06:15:06.000Z","volume":500,"label":" ","price":7.75},{"type":"B","date":"2018-03-19T06:15:47.000Z","volume":20000,"label":" ","price":7.75},{"type":"B","date":"2018-03-19T06:15:47.000Z","volume":2000,"label":" ","price":7.75},{"type":"B","date":"2018-03-19T06:15:47.000Z","volume":500,"label":" ","price":7.75},{"type":"B","date":"2018-03-19T06:15:47.000Z","volume":1500,"label":" ","price":7.74},{"type":"B","date":"2018-03-19T06:15:49.000Z","volume":500,"label":" ","price":7.74},{"type":"B","date":"2018-03-19T06:15:50.000Z","volume":500,"label":" ","price":7.74},{"type":"B","date":"2018-03-19T06:15:57.000Z","volume":500,"label":" ","price":7.74},{"type":"B","date":"2018-03-19T06:16:31.000Z","volume":6000,"label":" ","price":7.74},{"type":"B","date":"2018-03-19T06:16:31.000Z","volume":1500,"label":" ","price":7.72},{"type":"B","date":"2018-03-19T06:16:31.000Z","volume":5500,"label":" ","price":7.71},{"type":"B","date":"2018-03-19T06:16:31.000Z","volume":7000,"label":" ","price":7.7},{"type":"B","date":"2018-03-19T06:16:31.000Z","volume":500,"label":" ","price":7.7},{"type":"B","date":"2018-03-19T06:16:32.000Z","volume":1500,"label":" ","price":7.7},{"type":"B","date":"2018-03-19T06:16:34.000Z","volume":500,"label":" ","price":7.7},{"type":"B","date":"2018-03-19T06:16:39.000Z","volume":500,"label":" ","price":7.7},{"type":"U","date":"2018-03-19T06:17:18.000Z","volume":1000,"label":" ","price":7.71},{"type":"B","date":"2018-03-19T06:17:21.000Z","volume":10000,"label":" ","price":7.7},{"type":"B","date":"2018-03-19T06:17:21.000Z","volume":1000,"label":" ","price":7.7},{"type":"B","date":"2018-03-19T06:17:23.000Z","volume":500,"label":" ","price":7.69},{"type":"A","date":"2018-03-19T06:17:23.000Z","volume":2000,"label":" ","price":7.71},{"type":"A","date":"2018-03-19T06:17:26.000Z","volume":5000,"label":" ","price":7.7},{"type":"B","date":"2018-03-19T06:17:26.000Z","volume":500,"label":" ","price":7.69},{"type":"B","date":"2018-03-19T06:18:25.000Z","volume":2000,"label":" ","price":7.69},{"type":"B","date":"2018-03-19T06:18:25.000Z","volume":2000,"label":" ","price":7.69},{"type":"B","date":"2018-03-19T06:18:25.000Z","volume":2000,"label":" ","price":7.69},{"type":"B","date":"2018-03-19T06:18:25.000Z","volume":2000,"label":" ","price":7.69},{"type":"B","date":"2018-03-19T06:18:25.000Z","volume":2000,"label":" ","price":7.69},{"type":"B","date":"2018-03-19T06:18:25.000Z","volume":500,"label":" ","price":7.69},{"type":"B","date":"2018-03-19T06:18:25.000Z","volume":1500,"label":" ","price":7.68},{"type":"B","date":"2018-03-19T06:18:25.000Z","volume":2000,"label":" ","price":7.68},{"type":"B","date":"2018-03-19T06:18:25.000Z","volume":2000,"label":" ","price":7.68},{"type":"B","date":"2018-03-19T06:18:28.000Z","volume":2000,"label":" ","price":7.68},{"type":"B","date":"2018-03-19T06:18:28.000Z","volume":2000,"label":" ","price":7.68},{"type":"B","date":"2018-03-19T06:18:28.000Z","volume":2000,"label":" ","price":7.68},{"type":"B","date":"2018-03-19T06:18:28.000Z","volume":2000,"label":" ","price":7.68},{"type":"B","date":"2018-03-19T06:18:28.000Z","volume":2000,"label":" ","price":7.68},{"type":"B","date":"2018-03-19T06:18:28.000Z","volume":2000,"label":" ","price":7.68},{"type":"B","date":"2018-03-19T06:18:28.000Z","volume":2000,"label":" ","price":7.68},{"type":"B","date":"2018-03-19T06:18:28.000Z","volume":2000,"label":" ","price":7.68},{"type":"B","date":"2018-03-19T06:18:57.000Z","volume":10000,"label":" ","price":7.67},{"type":"A","date":"2018-03-19T06:19:17.000Z","volume":5000,"label":" ","price":7.68},{"type":"B","date":"2018-03-19T06:19:34.000Z","volume":500,"label":" ","price":7.67},{"type":"B","date":"2018-03-19T06:19:41.000Z","volume":3500,"label":" ","price":7.67},{"type":"A","date":"2018-03-19T06:20:38.000Z","volume":5000,"label":" ","price":7.67},{"type":"A","date":"2018-03-19T06:20:39.000Z","volume":8000,"label":" ","price":7.67},{"type":"A","date":"2018-03-19T06:20:39.000Z","volume":2000,"label":"Y","price":7.67},{"type":"A","date":"2018-03-19T06:20:39.000Z","volume":8000,"label":" ","price":7.67},{"type":"A","date":"2018-03-19T06:21:01.000Z","volume":5000,"label":" ","price":7.68},{"type":"A","date":"2018-03-19T06:21:02.000Z","volume":2500,"label":" ","price":7.68},{"type":"A","date":"2018-03-19T06:21:08.000Z","volume":500,"label":"Y","price":7.68},{"type":"A","date":"2018-03-19T06:21:08.000Z","volume":2500,"label":" ","price":7.68},{"type":"A","date":"2018-03-19T06:21:08.000Z","volume":500,"label":" ","price":7.68},{"type":"A","date":"2018-03-19T06:21:11.000Z","volume":1000,"label":" ","price":7.69},{"type":"U","date":"2018-03-19T06:21:31.000Z","volume":2500,"label":"X","price":7.687},{"type":"U","date":"2018-03-19T06:21:31.000Z","volume":1000,"label":"X","price":7.687},{"type":"A","date":"2018-03-19T06:23:33.000Z","volume":2000,"label":" ","price":7.7},{"type":"B","date":"2018-03-19T06:24:38.000Z","volume":500,"label":" ","price":7.69},{"type":"A","date":"2018-03-19T06:24:48.000Z","volume":10000,"label":" ","price":7.7},{"type":"A","date":"2018-03-19T06:26:30.000Z","volume":10000,"label":" ","price":7.7},{"type":"A","date":"2018-03-19T06:26:42.000Z","volume":11500,"label":" ","price":7.7},{"type":"A","date":"2018-03-19T06:26:42.000Z","volume":1000,"label":" ","price":7.7},{"type":"A","date":"2018-03-19T06:26:42.000Z","volume":1000,"label":" ","price":7.7},{"type":"U","date":"2018-03-19T06:26:44.000Z","volume":1000,"label":"X","price":7.71},{"type":"U","date":"2018-03-19T06:26:44.000Z","volume":1000,"label":"X","price":7.71},{"type":"A","date":"2018-03-19T06:26:44.000Z","volume":1000,"label":" ","price":7.71},{"type":"U","date":"2018-03-19T06:26:44.000Z","volume":500,"label":"X","price":7.71},{"type":"U","date":"2018-03-19T06:26:44.000Z","volume":500,"label":"X","price":7.71},{"type":"A","date":"2018-03-19T06:26:46.000Z","volume":1000,"label":" ","price":7.71},{"type":"U","date":"2018-03-19T06:26:54.000Z","volume":500,"label":"X","price":7.71},{"type":"U","date":"2018-03-19T06:27:03.000Z","volume":500,"label":"X","price":7.72},{"type":"A","date":"2018-03-19T06:27:04.000Z","volume":500,"label":" ","price":7.73},{"type":"U","date":"2018-03-19T06:27:04.000Z","volume":500,"label":"X","price":7.73},{"type":"A","date":"2018-03-19T06:27:11.000Z","volume":500,"label":" ","price":7.73},{"type":"U","date":"2018-03-19T06:27:11.000Z","volume":500,"label":"X","price":7.73},{"type":"A","date":"2018-03-19T06:27:18.000Z","volume":500,"label":" ","price":7.73},{"type":"U","date":"2018-03-19T06:27:18.000Z","volume":500,"label":"X","price":7.73},{"type":"A","date":"2018-03-19T06:27:46.000Z","volume":2000,"label":" ","price":7.73},{"type":"A","date":"2018-03-19T06:28:39.000Z","volume":500,"label":" ","price":7.74},{"type":"A","date":"2018-03-19T06:29:20.000Z","volume":1500,"label":" ","price":7.75},{"type":"B","date":"2018-03-19T06:29:46.000Z","volume":5000,"label":" ","price":7.74},{"type":"B","date":"2018-03-19T06:29:46.000Z","volume":5000,"label":" ","price":7.74},{"type":"B","date":"2018-03-19T06:29:46.000Z","volume":2500,"label":" ","price":7.74},{"type":"B","date":"2018-03-19T06:29:46.000Z","volume":500,"label":" ","price":7.73},{"type":"B","date":"2018-03-19T06:29:47.000Z","volume":500,"label":" ","price":7.73},{"type":"B","date":"2018-03-19T06:29:48.000Z","volume":5500,"label":" ","price":7.73},{"type":"B","date":"2018-03-19T06:29:48.000Z","volume":500,"label":" ","price":7.72},{"type":"B","date":"2018-03-19T06:29:59.000Z","volume":4500,"label":" ","price":7.72},{"type":"B","date":"2018-03-19T06:29:59.000Z","volume":6500,"label":" ","price":7.72},{"type":"B","date":"2018-03-19T06:29:59.000Z","volume":500,"label":" ","price":7.72},{"type":"A","date":"2018-03-19T06:29:59.000Z","volume":500,"label":" ","price":7.72},{"type":"B","date":"2018-03-19T06:29:59.000Z","volume":1000,"label":" ","price":7.7},{"type":"B","date":"2018-03-19T06:30:00.000Z","volume":500,"label":" ","price":7.7},{"type":"B","date":"2018-03-19T06:34:03.000Z","volume":500,"label":" ","price":7.71},{"type":"B","date":"2018-03-19T06:34:45.000Z","volume":500,"label":" ","price":7.71},{"type":"A","date":"2018-03-19T06:35:09.000Z","volume":7000,"label":" ","price":7.72},{"type":"A","date":"2018-03-19T06:35:09.000Z","volume":1000,"label":" ","price":7.72},{"type":"B","date":"2018-03-19T06:35:12.000Z","volume":11000,"label":" ","price":7.71},{"type":"B","date":"2018-03-19T06:35:12.000Z","volume":19000,"label":" ","price":7.71},{"type":"B","date":"2018-03-19T06:35:12.000Z","volume":2000,"label":" ","price":7.7},{"type":"A","date":"2018-03-19T06:35:12.000Z","volume":1000,"label":" ","price":7.71},{"type":"A","date":"2018-03-19T06:35:12.000Z","volume":2500,"label":" ","price":7.72},{"type":"B","date":"2018-03-19T06:35:27.000Z","volume":1000,"label":" ","price":7.7},{"type":"B","date":"2018-03-19T06:35:28.000Z","volume":500,"label":" ","price":7.7},{"type":"A","date":"2018-03-19T06:37:15.000Z","volume":500,"label":" ","price":7.72},{"type":"A","date":"2018-03-19T06:37:16.000Z","volume":6500,"label":" ","price":7.72},{"type":"A","date":"2018-03-19T06:37:16.000Z","volume":1500,"label":" ","price":7.72},{"type":"A","date":"2018-03-19T06:37:18.000Z","volume":2000,"label":" ","price":7.72},{"type":"A","date":"2018-03-19T06:37:58.000Z","volume":1000,"label":" ","price":7.72},{"type":"A","date":"2018-03-19T06:38:00.000Z","volume":1500,"label":" ","price":7.72},{"type":"A","date":"2018-03-19T06:38:53.000Z","volume":500,"label":" ","price":7.72},{"type":"A","date":"2018-03-19T06:38:53.000Z","volume":2500,"label":" ","price":7.72},{"type":"A","date":"2018-03-19T06:40:51.000Z","volume":500,"label":" ","price":7.72},{"type":"A","date":"2018-03-19T06:40:52.000Z","volume":4500,"label":" ","price":7.72},{"type":"U","date":"2018-03-19T06:41:50.000Z","volume":1000,"label":" ","price":7.72},{"type":"A","date":"2018-03-19T06:41:50.000Z","volume":2000,"label":" ","price":7.72},{"type":"U","date":"2018-03-19T06:42:33.000Z","volume":500,"label":" ","price":7.72},{"type":"A","date":"2018-03-19T06:42:34.000Z","volume":1000,"label":" ","price":7.72},{"type":"A","date":"2018-03-19T06:44:27.000Z","volume":2000,"label":" ","price":7.73},{"type":"U","date":"2018-03-19T06:45:08.000Z","volume":5000,"label":" ","price":7.72},{"type":"A","date":"2018-03-19T06:45:08.000Z","volume":3500,"label":" ","price":7.72},{"type":"A","date":"2018-03-19T06:45:09.000Z","volume":4000,"label":" ","price":7.72},{"type":"A","date":"2018-03-19T06:45:10.000Z","volume":500,"label":" ","price":7.72},{"type":"A","date":"2018-03-19T06:45:11.000Z","volume":1500,"label":" ","price":7.72},{"type":"U","date":"2018-03-19T06:45:16.000Z","volume":2500,"label":" ","price":7.72},{"type":"A","date":"2018-03-19T06:45:18.000Z","volume":500,"label":" ","price":7.72},{"type":"A","date":"2018-03-19T06:45:20.000Z","volume":2000,"label":" ","price":7.72},{"type":"A","date":"2018-03-19T06:45:27.000Z","volume":5000,"label":" ","price":7.72},{"type":"A","date":"2018-03-19T06:45:29.000Z","volume":1000,"label":" ","price":7.72},{"type":"U","date":"2018-03-19T06:45:32.000Z","volume":1000,"label":" ","price":7.72},{"type":"A","date":"2018-03-19T06:45:33.000Z","volume":1000,"label":" ","price":7.72},{"type":"U","date":"2018-03-19T06:45:36.000Z","volume":5000,"label":" ","price":7.72},{"type":"A","date":"2018-03-19T06:45:36.000Z","volume":2000,"label":" ","price":7.72},{"type":"B","date":"2018-03-19T06:47:39.000Z","volume":500,"label":" ","price":7.72},{"type":"A","date":"2018-03-19T06:48:31.000Z","volume":11000,"label":" ","price":7.73},{"type":"B","date":"2018-03-19T06:48:31.000Z","volume":1500,"label":" ","price":7.73},{"type":"A","date":"2018-03-19T06:49:24.000Z","volume":10500,"label":" ","price":7.74},{"type":"A","date":"2018-03-19T06:49:31.000Z","volume":7500,"label":" ","price":7.75},{"type":"A","date":"2018-03-19T06:49:54.000Z","volume":1000,"label":" ","price":7.75},{"type":"A","date":"2018-03-19T06:50:08.000Z","volume":1500,"label":" ","price":7.76},{"type":"A","date":"2018-03-19T06:50:22.000Z","volume":500,"label":" ","price":7.77},{"type":"A","date":"2018-03-19T06:50:22.000Z","volume":500,"label":" ","price":7.77},{"type":"A","date":"2018-03-19T06:51:23.000Z","volume":2000,"label":" ","price":7.78},{"type":"A","date":"2018-03-19T06:52:04.000Z","volume":500,"label":" ","price":7.78},{"type":"B","date":"2018-03-19T06:52:36.000Z","volume":10500,"label":" ","price":7.77},{"type":"A","date":"2018-03-19T06:52:44.000Z","volume":1000,"label":" ","price":7.78},{"type":"A","date":"2018-03-19T06:52:47.000Z","volume":2000,"label":" ","price":7.78},{"type":"B","date":"2018-03-19T06:52:51.000Z","volume":6000,"label":" ","price":7.77},{"type":"B","date":"2018-03-19T06:52:51.000Z","volume":2000,"label":" ","price":7.77},{"type":"B","date":"2018-03-19T06:52:51.000Z","volume":1000,"label":" ","price":7.75},{"type":"B","date":"2018-03-19T06:52:51.000Z","volume":5000,"label":" ","price":7.77},{"type":"B","date":"2018-03-19T06:53:58.000Z","volume":500,"label":" ","price":7.74},{"type":"B","date":"2018-03-19T06:55:23.000Z","volume":500,"label":" ","price":7.74},{"type":"B","date":"2018-03-19T06:55:57.000Z","volume":5000,"label":" ","price":7.74},{"type":"B","date":"2018-03-19T06:55:57.000Z","volume":7000,"label":" ","price":7.74},{"type":"U","date":"2018-03-19T06:55:58.000Z","volume":2000,"label":" ","price":7.74},{"type":"B","date":"2018-03-19T06:55:58.000Z","volume":1500,"label":" ","price":7.74},{"type":"B","date":"2018-03-19T06:55:58.000Z","volume":500,"label":" ","price":7.74},{"type":"B","date":"2018-03-19T06:55:58.000Z","volume":1000,"label":" ","price":7.71},{"type":"B","date":"2018-03-19T06:55:59.000Z","volume":1000,"label":" ","price":7.74},{"type":"B","date":"2018-03-19T06:56:03.000Z","volume":500,"label":" ","price":7.74},{"type":"B","date":"2018-03-19T06:56:16.000Z","volume":500,"label":" ","price":7.74},{"type":"A","date":"2018-03-19T06:57:16.000Z","volume":1000,"label":" ","price":7.75},{"type":"A","date":"2018-03-19T06:57:16.000Z","volume":7500,"label":" ","price":7.75},{"type":"B","date":"2018-03-19T06:57:46.000Z","volume":500,"label":" ","price":7.74},{"type":"B","date":"2018-03-19T07:00:39.000Z","volume":500,"label":" ","price":7.74},{"type":"A","date":"2018-03-19T07:01:03.000Z","volume":12000,"label":" ","price":7.75},{"type":"A","date":"2018-03-19T07:01:03.000Z","volume":3500,"label":" ","price":7.75},{"type":"A","date":"2018-03-19T07:01:03.000Z","volume":1500,"label":" ","price":7.76},{"type":"A","date":"2018-03-19T07:03:25.000Z","volume":3000,"label":" ","price":7.76},{"type":"B","date":"2018-03-19T07:05:07.000Z","volume":500,"label":" ","price":7.74},{"type":"U","date":"2018-03-19T07:05:10.000Z","volume":500,"label":" ","price":7.75},{"type":"A","date":"2018-03-19T07:05:10.000Z","volume":5500,"label":" ","price":7.75},{"type":"A","date":"2018-03-19T07:05:11.000Z","volume":2000,"label":" ","price":7.75},{"type":"A","date":"2018-03-19T07:05:13.000Z","volume":1000,"label":" ","price":7.75},{"type":"A","date":"2018-03-19T07:05:15.000Z","volume":1000,"label":" ","price":7.76},{"type":"U","date":"2018-03-19T07:06:21.000Z","volume":1000,"label":" ","price":7.75},{"type":"A","date":"2018-03-19T07:06:22.000Z","volume":1000,"label":" ","price":7.75},{"type":"A","date":"2018-03-19T07:06:26.000Z","volume":500,"label":" ","price":7.76},{"type":"A","date":"2018-03-19T07:08:22.000Z","volume":500,"label":" ","price":7.76},{"type":"U","date":"2018-03-19T07:08:27.000Z","volume":500,"label":"X","price":7.76},{"type":"B","date":"2018-03-19T07:10:20.000Z","volume":500,"label":" ","price":7.75},{"type":"B","date":"2018-03-19T07:11:00.000Z","volume":2500,"label":" ","price":7.75},{"type":"B","date":"2018-03-19T07:11:11.000Z","volume":2000,"label":" ","price":7.75},{"type":"B","date":"2018-03-19T07:11:38.000Z","volume":1000,"label":" ","price":7.75},{"type":"B","date":"2018-03-19T07:12:55.000Z","volume":500,"label":" ","price":7.75},{"type":"B","date":"2018-03-19T07:13:27.000Z","volume":500,"label":" ","price":7.75},{"type":"A","date":"2018-03-19T07:14:51.000Z","volume":15500,"label":" ","price":7.76},{"type":"A","date":"2018-03-19T07:14:56.000Z","volume":9500,"label":" ","price":7.76},{"type":"A","date":"2018-03-19T07:15:05.000Z","volume":500,"label":"Y","price":7.77},{"type":"A","date":"2018-03-19T07:15:05.000Z","volume":38000,"label":" ","price":7.77},{"type":"A","date":"2018-03-19T07:15:13.000Z","volume":5000,"label":" ","price":7.77},{"type":"B","date":"2018-03-19T07:17:17.000Z","volume":500,"label":" ","price":7.76},{"type":"B","date":"2018-03-19T07:19:17.000Z","volume":2500,"label":" ","price":7.76},{"type":"B","date":"2018-03-19T07:19:17.000Z","volume":14000,"label":" ","price":7.76},{"type":"B","date":"2018-03-19T07:19:17.000Z","volume":500,"label":" ","price":7.76},{"type":"B","date":"2018-03-19T07:19:19.000Z","volume":500,"label":" ","price":7.75},{"type":"A","date":"2018-03-19T07:19:24.000Z","volume":12500,"label":" ","price":7.77},{"type":"A","date":"2018-03-19T07:19:24.000Z","volume":1500,"label":" ","price":7.77},{"type":"A","date":"2018-03-19T07:21:06.000Z","volume":500,"label":" ","price":7.77},{"type":"A","date":"2018-03-19T07:21:06.000Z","volume":4500,"label":" ","price":7.77},{"type":"A","date":"2018-03-19T07:22:07.000Z","volume":1000,"label":" ","price":7.77},{"type":"A","date":"2018-03-19T07:22:07.000Z","volume":3000,"label":" ","price":7.77},{"type":"U","date":"2018-03-19T07:22:49.000Z","volume":1000,"label":"X","price":7.765},{"type":"B","date":"2018-03-19T07:23:56.000Z","volume":500,"label":" ","price":7.76},{"type":"B","date":"2018-03-19T07:25:47.000Z","volume":1000,"label":" ","price":7.76},{"type":"B","date":"2018-03-19T07:26:06.000Z","volume":500,"label":" ","price":7.76},{"type":"B","date":"2018-03-19T07:27:45.000Z","volume":500,"label":" ","price":7.76},{"type":"B","date":"2018-03-19T07:29:29.000Z","volume":500,"label":" ","price":7.76},{"type":"B","date":"2018-03-19T07:29:38.000Z","volume":500,"label":" ","price":7.76},{"type":"B","date":"2018-03-19T07:30:15.000Z","volume":1000,"label":" ","price":7.76},{"type":"B","date":"2018-03-19T07:30:35.000Z","volume":2500,"label":" ","price":7.76},{"type":"B","date":"2018-03-19T07:30:38.000Z","volume":500,"label":" ","price":7.76},{"type":"U","date":"2018-03-19T07:31:36.000Z","volume":1000000,"label":"X","price":7.765},{"type":"B","date":"2018-03-19T07:32:05.000Z","volume":500,"label":" ","price":7.76},{"type":"B","date":"2018-03-19T07:32:27.000Z","volume":1000,"label":" ","price":7.76},{"type":"B","date":"2018-03-19T07:32:36.000Z","volume":1000,"label":" ","price":7.76},{"type":"B","date":"2018-03-19T07:33:36.000Z","volume":500,"label":" ","price":7.76},{"type":"B","date":"2018-03-19T07:34:12.000Z","volume":500,"label":" ","price":7.76},{"type":"B","date":"2018-03-19T07:34:30.000Z","volume":1000,"label":" ","price":7.76},{"type":"B","date":"2018-03-19T07:34:35.000Z","volume":500,"label":" ","price":7.76},{"type":"B","date":"2018-03-19T07:34:35.000Z","volume":500,"label":" ","price":7.76},{"type":"B","date":"2018-03-19T07:35:35.000Z","volume":500,"label":" ","price":7.76},{"type":"B","date":"2018-03-19T07:36:34.000Z","volume":1500,"label":" ","price":7.76},{"type":"B","date":"2018-03-19T07:36:34.000Z","volume":5000,"label":" ","price":7.76},{"type":"B","date":"2018-03-19T07:36:34.000Z","volume":500,"label":"Y","price":7.76},{"type":"B","date":"2018-03-19T07:36:39.000Z","volume":500,"label":" ","price":7.76},{"type":"B","date":"2018-03-19T07:37:30.000Z","volume":500,"label":" ","price":7.76},{"type":"U","date":"2018-03-19T07:37:33.000Z","volume":500,"label":"X","price":7.76},{"type":"B","date":"2018-03-19T07:37:36.000Z","volume":1000,"label":" ","price":7.76},{"type":"B","date":"2018-03-19T07:37:37.000Z","volume":500,"label":" ","price":7.76},{"type":"U","date":"2018-03-19T07:37:43.000Z","volume":1481000,"label":"X","price":7.765},{"type":"B","date":"2018-03-19T07:38:20.000Z","volume":500,"label":" ","price":7.76},{"type":"B","date":"2018-03-19T07:38:33.000Z","volume":500,"label":"Y","price":7.76},{"type":"B","date":"2018-03-19T07:38:40.000Z","volume":500,"label":" ","price":7.76},{"type":"B","date":"2018-03-19T07:39:03.000Z","volume":1000,"label":" ","price":7.76},{"type":"B","date":"2018-03-19T07:39:20.000Z","volume":500,"label":" ","price":7.76},{"type":"B","date":"2018-03-19T07:39:33.000Z","volume":500,"label":"Y","price":7.76},{"type":"B","date":"2018-03-19T07:39:34.000Z","volume":1000,"label":" ","price":7.76},{"type":"B","date":"2018-03-19T07:39:34.000Z","volume":500,"label":" ","price":7.76},{"type":"B","date":"2018-03-19T07:39:40.000Z","volume":500,"label":" ","price":7.76},{"type":"B","date":"2018-03-19T07:40:13.000Z","volume":500,"label":" ","price":7.76},{"type":"B","date":"2018-03-19T07:40:20.000Z","volume":500,"label":" ","price":7.76},{"type":"B","date":"2018-03-19T07:40:32.000Z","volume":500,"label":"Y","price":7.76},{"type":"B","date":"2018-03-19T07:40:40.000Z","volume":500,"label":" ","price":7.76},{"type":"U","date":"2018-03-19T07:40:40.000Z","volume":500,"label":"X","price":7.77},{"type":"B","date":"2018-03-19T07:40:53.000Z","volume":1000,"label":" ","price":7.76},{"type":"B","date":"2018-03-19T07:41:00.000Z","volume":500,"label":"Y","price":7.76},{"type":"B","date":"2018-03-19T07:41:20.000Z","volume":500,"label":"Y","price":7.76},{"type":"B","date":"2018-03-19T07:41:20.000Z","volume":500,"label":" ","price":7.76},{"type":"B","date":"2018-03-19T07:41:28.000Z","volume":1000,"label":" ","price":7.76},{"type":"B","date":"2018-03-19T07:41:32.000Z","volume":500,"label":" ","price":7.76},{"type":"B","date":"2018-03-19T07:41:34.000Z","volume":1500,"label":" ","price":7.76},{"type":"B","date":"2018-03-19T07:41:40.000Z","volume":500,"label":"Y","price":7.76},{"type":"B","date":"2018-03-19T07:42:20.000Z","volume":500,"label":"Y","price":7.76},{"type":"B","date":"2018-03-19T07:42:21.000Z","volume":80000,"label":" ","price":7.76},{"type":"B","date":"2018-03-19T07:42:22.000Z","volume":500,"label":" ","price":7.76},{"type":"B","date":"2018-03-19T07:42:22.000Z","volume":3000,"label":" ","price":7.76},{"type":"B","date":"2018-03-19T07:42:23.000Z","volume":3500,"label":" ","price":7.75},{"type":"B","date":"2018-03-19T07:42:23.000Z","volume":1000,"label":" ","price":7.75},{"type":"B","date":"2018-03-19T07:42:24.000Z","volume":2000,"label":" ","price":7.75},{"type":"B","date":"2018-03-19T07:42:24.000Z","volume":2000,"label":" ","price":7.74},{"type":"B","date":"2018-03-19T07:42:24.000Z","volume":1500,"label":" ","price":7.74},{"type":"A","date":"2018-03-19T07:42:24.000Z","volume":500,"label":" ","price":7.74},{"type":"A","date":"2018-03-19T07:42:25.000Z","volume":9500,"label":" ","price":7.75},{"type":"A","date":"2018-03-19T07:42:25.000Z","volume":9500,"label":" ","price":7.75},{"type":"B","date":"2018-03-19T07:42:25.000Z","volume":2000,"label":" ","price":7.74},{"type":"B","date":"2018-03-19T07:42:26.000Z","volume":1000,"label":" ","price":7.74},{"type":"B","date":"2018-03-19T07:42:27.000Z","volume":500,"label":" ","price":7.74},{"type":"U","date":"2018-03-19T07:42:31.000Z","volume":500,"label":"X","price":7.75},{"type":"U","date":"2018-03-19T07:42:31.000Z","volume":2500,"label":" ","price":7.75},{"type":"A","date":"2018-03-19T07:42:31.000Z","volume":1500,"label":" ","price":7.76},{"type":"B","date":"2018-03-19T07:42:34.000Z","volume":1000,"label":" ","price":7.74},{"type":"A","date":"2018-03-19T07:42:36.000Z","volume":2500,"label":" ","price":7.75},{"type":"U","date":"2018-03-19T07:42:59.000Z","volume":1000,"label":" ","price":7.75},{"type":"A","date":"2018-03-19T07:43:00.000Z","volume":2000,"label":" ","price":7.75},{"type":"B","date":"2018-03-19T07:43:06.000Z","volume":1000,"label":" ","price":7.74},{"type":"B","date":"2018-03-19T07:43:39.000Z","volume":500,"label":"Y","price":7.74},{"type":"U","date":"2018-03-19T07:43:41.000Z","volume":5000,"label":"X","price":7.75},{"type":"B","date":"2018-03-19T07:44:16.000Z","volume":1000,"label":" ","price":7.75},{"type":"B","date":"2018-03-19T07:44:43.000Z","volume":500,"label":" ","price":7.75},{"type":"B","date":"2018-03-19T07:45:31.000Z","volume":500,"label":" ","price":7.75},{"type":"B","date":"2018-03-19T07:45:59.000Z","volume":1000,"label":" ","price":7.75},{"type":"B","date":"2018-03-19T07:46:20.000Z","volume":500,"label":" ","price":7.75},{"type":"B","date":"2018-03-19T07:46:30.000Z","volume":4000,"label":" ","price":7.75},{"type":"A","date":"2018-03-19T07:46:41.000Z","volume":20000,"label":" ","price":7.76},{"type":"A","date":"2018-03-19T07:47:44.000Z","volume":2000,"label":" ","price":7.76},{"type":"B","date":"2018-03-19T07:48:16.000Z","volume":1000,"label":" ","price":7.75},{"type":"A","date":"2018-03-19T07:49:33.000Z","volume":10000,"label":" ","price":7.76},{"type":"A","date":"2018-03-19T07:49:33.000Z","volume":7000,"label":" ","price":7.76},{"type":"B","date":"2018-03-19T07:51:46.000Z","volume":1000,"label":" ","price":7.75},{"type":"B","date":"2018-03-19T07:52:04.000Z","volume":500,"label":" ","price":7.75},{"type":"B","date":"2018-03-19T07:52:24.000Z","volume":500,"label":" ","price":7.75},{"type":"A","date":"2018-03-19T07:52:31.000Z","volume":20500,"label":" ","price":7.76},{"type":"B","date":"2018-03-19T07:52:31.000Z","volume":3000,"label":" ","price":7.76},{"type":"A","date":"2018-03-19T07:52:35.000Z","volume":1500,"label":" ","price":7.77},{"type":"A","date":"2018-03-19T07:52:56.000Z","volume":1500,"label":" ","price":7.77},{"type":"B","date":"2018-03-19T07:53:08.000Z","volume":2000,"label":" ","price":7.76},{"type":"B","date":"2018-03-19T07:53:36.000Z","volume":4000,"label":" ","price":7.76},{"type":"A","date":"2018-03-19T07:54:57.000Z","volume":500,"label":" ","price":7.77},{"type":"U","date":"2018-03-19T07:55:03.000Z","volume":500,"label":"X","price":7.77},{"type":"B","date":"2018-03-19T07:55:27.000Z","volume":500,"label":" ","price":7.76},{"type":"A","date":"2018-03-19T07:56:01.000Z","volume":1000,"label":" ","price":7.77},{"type":"B","date":"2018-03-19T07:56:08.000Z","volume":500,"label":" ","price":7.76},{"type":"B","date":"2018-03-19T07:56:17.000Z","volume":10000,"label":" ","price":7.76},{"type":"B","date":"2018-03-19T07:56:19.000Z","volume":1000,"label":" ","price":7.76},{"type":"B","date":"2018-03-19T07:56:19.000Z","volume":2500,"label":" ","price":7.76},{"type":"B","date":"2018-03-19T07:56:22.000Z","volume":1000,"label":" ","price":7.75},{"type":"B","date":"2018-03-19T07:56:23.000Z","volume":500,"label":" ","price":7.74},{"type":"A","date":"2018-03-19T07:56:24.000Z","volume":7500,"label":" ","price":7.75},{"type":"A","date":"2018-03-19T07:56:25.000Z","volume":20000,"label":" ","price":7.75},{"type":"B","date":"2018-03-19T07:56:44.000Z","volume":2000,"label":" ","price":7.74},{"type":"A","date":"2018-03-19T07:57:32.000Z","volume":1000,"label":" ","price":7.77},{"type":"B","date":"2018-03-19T07:58:04.000Z","volume":500,"label":" ","price":7.76},{"type":"B","date":"2018-03-19T07:58:22.000Z","volume":500,"label":" ","price":7.76},{"type":"B","date":"2018-03-19T07:58:43.000Z","volume":1500,"label":" ","price":7.76},{"type":"B","date":"2018-03-19T07:58:48.000Z","volume":1000,"label":" ","price":7.76},{"type":"B","date":"2018-03-19T07:58:49.000Z","volume":1000,"label":" ","price":7.76},{"type":"B","date":"2018-03-19T07:58:50.000Z","volume":500,"label":"Y","price":7.76},{"type":"B","date":"2018-03-19T07:58:52.000Z","volume":1000,"label":" ","price":7.76},{"type":"B","date":"2018-03-19T07:58:57.000Z","volume":1000,"label":" ","price":7.76},{"type":"B","date":"2018-03-19T07:59:00.000Z","volume":1000,"label":" ","price":7.76},{"type":"B","date":"2018-03-19T07:59:00.000Z","volume":500,"label":" ","price":7.76},{"type":"B","date":"2018-03-19T07:59:01.000Z","volume":1500,"label":" ","price":7.76},{"type":"B","date":"2018-03-19T07:59:02.000Z","volume":500,"label":" ","price":7.76},{"type":"B","date":"2018-03-19T07:59:02.000Z","volume":500,"label":" ","price":7.76},{"type":"B","date":"2018-03-19T07:59:05.000Z","volume":1000,"label":" ","price":7.75},{"type":"B","date":"2018-03-19T07:59:06.000Z","volume":500,"label":" ","price":7.74},{"type":"B","date":"2018-03-19T07:59:09.000Z","volume":500,"label":" ","price":7.74},{"type":"B","date":"2018-03-19T07:59:09.000Z","volume":500,"label":" ","price":7.74},{"type":"A","date":"2018-03-19T07:59:10.000Z","volume":6000,"label":" ","price":7.76},{"type":"A","date":"2018-03-19T07:59:20.000Z","volume":3000,"label":" ","price":7.77},{"type":"U","date":"2018-03-19T08:08:17.000Z","volume":32000,"label":"U","price":7.78}]