[{"type":"B","date":"2018-04-16T01:48:27.000Z","volume":8000,"label":" ","price":0.93},{"type":"B","date":"2018-04-16T01:49:15.000Z","volume":12000,"label":" ","price":0.91},{"type":"B","date":"2018-04-16T01:49:15.000Z","volume":4000,"label":" ","price":0.9},{"type":"B","date":"2018-04-16T01:49:16.000Z","volume":4000,"label":" ","price":0.9},{"type":"B","date":"2018-04-16T01:49:39.000Z","volume":140000,"label":" ","price":0.9},{"type":"B","date":"2018-04-16T01:49:39.000Z","volume":100000,"label":" ","price":0.89},{"type":"B","date":"2018-04-16T01:50:41.000Z","volume":12000,"label":"Y","price":0.89},{"type":"B","date":"2018-04-16T01:50:41.000Z","volume":8000,"label":" ","price":0.89},{"type":"A","date":"2018-04-16T01:52:21.000Z","volume":12000,"label":" ","price":0.91},{"type":"A","date":"2018-04-16T01:53:09.000Z","volume":4000,"label":" ","price":0.91},{"type":"A","date":"2018-04-16T01:54:03.000Z","volume":48000,"label":" ","price":0.92},{"type":"B","date":"2018-04-16T01:57:16.000Z","volume":32000,"label":" ","price":0.92},{"type":"B","date":"2018-04-16T02:01:30.000Z","volume":4000,"label":" ","price":0.92},{"type":"B","date":"2018-04-16T02:02:01.000Z","volume":12000,"label":" ","price":0.92},{"type":"B","date":"2018-04-16T02:02:01.000Z","volume":12000,"label":" ","price":0.92},{"type":"B","date":"2018-04-16T02:02:33.000Z","volume":100000,"label":" ","price":0.92},{"type":"B","date":"2018-04-16T02:02:41.000Z","volume":44000,"label":" ","price":0.92},{"type":"B","date":"2018-04-16T02:03:41.000Z","volume":12000,"label":" ","price":0.92},{"type":"B","date":"2018-04-16T02:05:18.000Z","volume":40000,"label":" ","price":0.92},{"type":"A","date":"2018-04-16T02:05:18.000Z","volume":16000,"label":" ","price":0.92},{"type":"B","date":"2018-04-16T02:08:32.000Z","volume":8000,"label":" ","price":0.91},{"type":"B","date":"2018-04-16T02:08:37.000Z","volume":60000,"label":"Y","price":0.91},{"type":"B","date":"2018-04-16T02:08:37.000Z","volume":40000,"label":" ","price":0.91},{"type":"B","date":"2018-04-16T02:09:13.000Z","volume":100000,"label":"Y","price":0.91},{"type":"B","date":"2018-04-16T02:09:17.000Z","volume":40000,"label":" ","price":0.91},{"type":"B","date":"2018-04-16T02:10:25.000Z","volume":48000,"label":" ","price":0.9},{"type":"B","date":"2018-04-16T02:10:40.000Z","volume":40000,"label":" ","price":0.9},{"type":"B","date":"2018-04-16T02:10:49.000Z","volume":36000,"label":" ","price":0.9},{"type":"A","date":"2018-04-16T02:10:49.000Z","volume":8000,"label":" ","price":0.9},{"type":"A","date":"2018-04-16T02:15:19.000Z","volume":52000,"label":" ","price":0.9},{"type":"A","date":"2018-04-16T02:15:19.000Z","volume":8000,"label":" ","price":0.9},{"type":"A","date":"2018-04-16T02:16:58.000Z","volume":28000,"label":" ","price":0.91},{"type":"B","date":"2018-04-16T02:19:51.000Z","volume":80000,"label":" ","price":0.91},{"type":"A","date":"2018-04-16T02:24:55.000Z","volume":60000,"label":" ","price":0.92},{"type":"B","date":"2018-04-16T02:37:04.000Z","volume":4000,"label":" ","price":0.92},{"type":"B","date":"2018-04-16T02:37:51.000Z","volume":4000,"label":" ","price":0.92},{"type":"B","date":"2018-04-16T02:49:43.000Z","volume":16000,"label":" ","price":0.92},{"type":"B","date":"2018-04-16T02:49:49.000Z","volume":28000,"label":" ","price":0.92},{"type":"A","date":"2018-04-16T03:05:15.000Z","volume":8000,"label":" ","price":0.92},{"type":"B","date":"2018-04-16T03:12:07.000Z","volume":48000,"label":" ","price":0.91},{"type":"B","date":"2018-04-16T03:13:08.000Z","volume":52000,"label":" ","price":0.91},{"type":"B","date":"2018-04-16T03:13:08.000Z","volume":36000,"label":" ","price":0.91},{"type":"A","date":"2018-04-16T03:14:33.000Z","volume":40000,"label":" ","price":0.91},{"type":"B","date":"2018-04-16T03:17:22.000Z","volume":12000,"label":" ","price":0.91},{"type":"A","date":"2018-04-16T03:21:16.000Z","volume":80000,"label":" ","price":0.92},{"type":"B","date":"2018-04-16T03:22:59.000Z","volume":8000,"label":" ","price":0.92},{"type":"B","date":"2018-04-16T03:28:23.000Z","volume":12000,"label":" ","price":0.92},{"type":"B","date":"2018-04-16T03:28:23.000Z","volume":88000,"label":" ","price":0.91},{"type":"B","date":"2018-04-16T03:42:10.000Z","volume":16000,"label":" ","price":0.91},{"type":"B","date":"2018-04-16T05:02:18.000Z","volume":44000,"label":" ","price":0.91},{"type":"B","date":"2018-04-16T05:03:33.000Z","volume":120000,"label":" ","price":0.91},{"type":"B","date":"2018-04-16T05:05:50.000Z","volume":80000,"label":" ","price":0.9},{"type":"B","date":"2018-04-16T05:07:01.000Z","volume":400000,"label":" ","price":0.9},{"type":"B","date":"2018-04-16T05:07:28.000Z","volume":212000,"label":" ","price":0.9},{"type":"B","date":"2018-04-16T05:07:28.000Z","volume":2388000,"label":" ","price":0.89},{"type":"A","date":"2018-04-16T05:07:30.000Z","volume":8000,"label":" ","price":0.9},{"type":"A","date":"2018-04-16T05:07:30.000Z","volume":36000,"label":" ","price":0.91},{"type":"A","date":"2018-04-16T05:07:43.000Z","volume":20000,"label":" ","price":0.91},{"type":"A","date":"2018-04-16T05:07:44.000Z","volume":12000,"label":" ","price":0.91},{"type":"A","date":"2018-04-16T05:08:07.000Z","volume":4000,"label":" ","price":0.92},{"type":"B","date":"2018-04-16T05:08:50.000Z","volume":20000,"label":" ","price":0.91},{"type":"B","date":"2018-04-16T05:08:55.000Z","volume":348000,"label":" ","price":0.9},{"type":"B","date":"2018-04-16T05:09:17.000Z","volume":3500000,"label":" ","price":0.89},{"type":"B","date":"2018-04-16T05:09:21.000Z","volume":12000,"label":" ","price":0.9},{"type":"B","date":"2018-04-16T05:09:23.000Z","volume":20000,"label":" ","price":0.9},{"type":"B","date":"2018-04-16T05:09:24.000Z","volume":8000,"label":" ","price":0.9},{"type":"B","date":"2018-04-16T05:09:25.000Z","volume":12000,"label":" ","price":0.89},{"type":"B","date":"2018-04-16T05:09:37.000Z","volume":100000,"label":" ","price":0.89},{"type":"A","date":"2018-04-16T05:09:47.000Z","volume":20000,"label":" ","price":0.9},{"type":"B","date":"2018-04-16T05:09:49.000Z","volume":48000,"label":" ","price":0.89},{"type":"A","date":"2018-04-16T05:09:54.000Z","volume":8000,"label":" ","price":0.9},{"type":"A","date":"2018-04-16T05:10:37.000Z","volume":4000,"label":" ","price":0.9},{"type":"B","date":"2018-04-16T05:10:44.000Z","volume":1996000,"label":" ","price":0.9},{"type":"A","date":"2018-04-16T05:11:11.000Z","volume":112000,"label":" ","price":0.9},{"type":"A","date":"2018-04-16T05:11:29.000Z","volume":24000,"label":"Y","price":0.9},{"type":"A","date":"2018-04-16T05:11:29.000Z","volume":4000,"label":" ","price":0.9},{"type":"B","date":"2018-04-16T05:11:42.000Z","volume":2972000,"label":" ","price":0.9},{"type":"A","date":"2018-04-16T05:11:46.000Z","volume":28000,"label":" ","price":0.9},{"type":"B","date":"2018-04-16T05:12:26.000Z","volume":100000,"label":" ","price":0.89},{"type":"A","date":"2018-04-16T05:12:47.000Z","volume":100000,"label":" ","price":0.9},{"type":"B","date":"2018-04-16T05:15:33.000Z","volume":28000,"label":" ","price":0.9},{"type":"B","date":"2018-04-16T05:16:09.000Z","volume":60000,"label":" ","price":0.89},{"type":"A","date":"2018-04-16T05:17:47.000Z","volume":40000,"label":"Y","price":0.9},{"type":"A","date":"2018-04-16T05:17:47.000Z","volume":40000,"label":" ","price":0.9},{"type":"A","date":"2018-04-16T05:20:29.000Z","volume":40000,"label":" ","price":0.9},{"type":"B","date":"2018-04-16T05:21:38.000Z","volume":12000,"label":" ","price":0.9},{"type":"B","date":"2018-04-16T05:21:44.000Z","volume":28000,"label":" ","price":0.9},{"type":"A","date":"2018-04-16T05:24:27.000Z","volume":60000,"label":" ","price":0.9},{"type":"A","date":"2018-04-16T05:25:01.000Z","volume":320000,"label":" ","price":0.91},{"type":"A","date":"2018-04-16T05:31:17.000Z","volume":56000,"label":" ","price":0.91},{"type":"A","date":"2018-04-16T05:31:34.000Z","volume":4000,"label":" ","price":0.91},{"type":"B","date":"2018-04-16T05:37:58.000Z","volume":12000,"label":" ","price":0.91},{"type":"A","date":"2018-04-16T06:17:58.000Z","volume":12000,"label":" ","price":0.91},{"type":"A","date":"2018-04-16T06:21:29.000Z","volume":28000,"label":" ","price":0.91},{"type":"B","date":"2018-04-16T06:22:12.000Z","volume":12000,"label":" ","price":0.91},{"type":"B","date":"2018-04-16T06:25:46.000Z","volume":396000,"label":" ","price":0.9},{"type":"B","date":"2018-04-16T06:25:50.000Z","volume":4000,"label":" ","price":0.9},{"type":"B","date":"2018-04-16T06:29:17.000Z","volume":4000,"label":" ","price":0.89},{"type":"A","date":"2018-04-16T06:31:10.000Z","volume":28000,"label":" ","price":0.9},{"type":"A","date":"2018-04-16T06:31:20.000Z","volume":76000,"label":" ","price":0.9},{"type":"B","date":"2018-04-16T06:31:20.000Z","volume":24000,"label":" ","price":0.9},{"type":"B","date":"2018-04-16T06:55:57.000Z","volume":96000,"label":" ","price":0.89},{"type":"B","date":"2018-04-16T06:59:55.000Z","volume":20000,"label":" ","price":0.89},{"type":"A","date":"2018-04-16T07:02:21.000Z","volume":100000,"label":" ","price":0.9},{"type":"B","date":"2018-04-16T07:16:06.000Z","volume":16000,"label":" ","price":0.9},{"type":"A","date":"2018-04-16T07:17:04.000Z","volume":52000,"label":" ","price":0.91},{"type":"B","date":"2018-04-16T07:19:00.000Z","volume":156000,"label":" ","price":0.9},{"type":"A","date":"2018-04-16T07:21:28.000Z","volume":56000,"label":" ","price":0.91},{"type":"A","date":"2018-04-16T07:26:37.000Z","volume":112000,"label":" ","price":0.91},{"type":"A","date":"2018-04-16T07:55:23.000Z","volume":8000,"label":" ","price":0.91},{"type":"B","date":"2018-04-16T07:55:40.000Z","volume":8000,"label":" ","price":0.9},{"type":"B","date":"2018-04-16T07:57:01.000Z","volume":40000,"label":" ","price":0.9},{"type":"B","date":"2018-04-16T07:57:03.000Z","volume":44000,"label":" ","price":0.9},{"type":"B","date":"2018-04-16T07:57:06.000Z","volume":44000,"label":" ","price":0.9},{"type":"B","date":"2018-04-16T07:58:00.000Z","volume":28000,"label":" ","price":0.9},{"type":"A","date":"2018-04-16T07:58:00.000Z","volume":12000,"label":" ","price":0.9}]