[{"type":"B","date":"2018-04-16T01:30:12.000Z","volume":4000,"label":" ","price":1.11},{"type":"A","date":"2018-04-16T01:50:12.000Z","volume":20000,"label":" ","price":1.12},{"type":"A","date":"2018-04-16T01:50:12.000Z","volume":2000,"label":" ","price":1.13},{"type":"A","date":"2018-04-16T01:52:47.000Z","volume":6000,"label":" ","price":1.13},{"type":"A","date":"2018-04-16T01:55:44.000Z","volume":2000,"label":" ","price":1.13},{"type":"A","date":"2018-04-16T01:56:25.000Z","volume":4000,"label":" ","price":1.14},{"type":"A","date":"2018-04-16T01:56:25.000Z","volume":2000,"label":" ","price":1.15},{"type":"A","date":"2018-04-16T01:56:44.000Z","volume":4000,"label":" ","price":1.14},{"type":"A","date":"2018-04-16T01:56:48.000Z","volume":18000,"label":" ","price":1.15},{"type":"B","date":"2018-04-16T01:57:33.000Z","volume":30000,"label":" ","price":1.15},{"type":"A","date":"2018-04-16T01:57:51.000Z","volume":16000,"label":" ","price":1.15},{"type":"A","date":"2018-04-16T01:57:52.000Z","volume":74000,"label":" ","price":1.15},{"type":"B","date":"2018-04-16T01:57:57.000Z","volume":12000,"label":" ","price":1.14},{"type":"B","date":"2018-04-16T01:57:57.000Z","volume":8000,"label":" ","price":1.14},{"type":"A","date":"2018-04-16T01:58:53.000Z","volume":8000,"label":" ","price":1.17},{"type":"A","date":"2018-04-16T02:01:15.000Z","volume":30000,"label":" ","price":1.18},{"type":"A","date":"2018-04-16T02:01:39.000Z","volume":36000,"label":" ","price":1.19},{"type":"B","date":"2018-04-16T02:01:42.000Z","volume":20000,"label":" ","price":1.19},{"type":"A","date":"2018-04-16T02:01:43.000Z","volume":6000,"label":"Y","price":1.2},{"type":"A","date":"2018-04-16T02:01:43.000Z","volume":8000,"label":" ","price":1.2},{"type":"A","date":"2018-04-16T02:01:59.000Z","volume":20000,"label":" ","price":1.2},{"type":"B","date":"2018-04-16T02:04:02.000Z","volume":18000,"label":" ","price":1.17},{"type":"A","date":"2018-04-16T02:04:13.000Z","volume":50000,"label":" ","price":1.18},{"type":"A","date":"2018-04-16T02:04:13.000Z","volume":10000,"label":" ","price":1.2},{"type":"B","date":"2018-04-16T02:06:20.000Z","volume":26000,"label":" ","price":1.18},{"type":"A","date":"2018-04-16T02:09:37.000Z","volume":2000,"label":" ","price":1.19},{"type":"B","date":"2018-04-16T02:09:42.000Z","volume":6000,"label":" ","price":1.18},{"type":"B","date":"2018-04-16T02:15:47.000Z","volume":4000,"label":" ","price":1.18},{"type":"A","date":"2018-04-16T02:16:18.000Z","volume":2000,"label":" ","price":1.18},{"type":"B","date":"2018-04-16T02:23:44.000Z","volume":2000,"label":" ","price":1.17},{"type":"B","date":"2018-04-16T02:23:59.000Z","volume":12000,"label":" ","price":1.16},{"type":"A","date":"2018-04-16T02:24:05.000Z","volume":8000,"label":" ","price":1.16},{"type":"B","date":"2018-04-16T02:24:36.000Z","volume":2000,"label":" ","price":1.16},{"type":"A","date":"2018-04-16T02:25:02.000Z","volume":20000,"label":" ","price":1.16},{"type":"B","date":"2018-04-16T02:27:33.000Z","volume":20000,"label":" ","price":1.16},{"type":"B","date":"2018-04-16T02:31:33.000Z","volume":22000,"label":" ","price":1.15},{"type":"B","date":"2018-04-16T02:33:02.000Z","volume":6000,"label":" ","price":1.13},{"type":"A","date":"2018-04-16T02:36:26.000Z","volume":2000,"label":" ","price":1.15},{"type":"A","date":"2018-04-16T02:42:06.000Z","volume":2000,"label":" ","price":1.15},{"type":"A","date":"2018-04-16T02:57:15.000Z","volume":2000,"label":" ","price":1.15},{"type":"A","date":"2018-04-16T02:57:27.000Z","volume":2000,"label":" ","price":1.15},{"type":"B","date":"2018-04-16T03:08:02.000Z","volume":2000,"label":" ","price":1.14},{"type":"B","date":"2018-04-16T03:14:32.000Z","volume":4000,"label":" ","price":1.13},{"type":"B","date":"2018-04-16T03:20:19.000Z","volume":2000,"label":" ","price":1.13},{"type":"B","date":"2018-04-16T03:20:22.000Z","volume":2000,"label":" ","price":1.12},{"type":"A","date":"2018-04-16T03:28:06.000Z","volume":2000,"label":" ","price":1.12},{"type":"A","date":"2018-04-16T03:56:13.000Z","volume":4000,"label":" ","price":1.12},{"type":"A","date":"2018-04-16T05:05:31.000Z","volume":72000,"label":" ","price":1.12},{"type":"B","date":"2018-04-16T05:08:21.000Z","volume":28000,"label":" ","price":1.12},{"type":"A","date":"2018-04-16T05:38:18.000Z","volume":10000,"label":" ","price":1.12},{"type":"A","date":"2018-04-16T05:38:21.000Z","volume":10000,"label":" ","price":1.12},{"type":"A","date":"2018-04-16T05:38:21.000Z","volume":12000,"label":" ","price":1.12},{"type":"A","date":"2018-04-16T05:48:03.000Z","volume":4000,"label":" ","price":1.12},{"type":"B","date":"2018-04-16T06:12:48.000Z","volume":10000,"label":"Y","price":1.11},{"type":"B","date":"2018-04-16T06:12:48.000Z","volume":16000,"label":" ","price":1.11},{"type":"B","date":"2018-04-16T06:27:10.000Z","volume":248000,"label":" ","price":1.1},{"type":"A","date":"2018-04-16T06:27:16.000Z","volume":4000,"label":" ","price":1.11},{"type":"A","date":"2018-04-16T07:03:24.000Z","volume":20000,"label":" ","price":1.11},{"type":"B","date":"2018-04-16T07:06:53.000Z","volume":8000,"label":" ","price":1.11},{"type":"A","date":"2018-04-16T07:20:17.000Z","volume":28000,"label":" ","price":1.12},{"type":"B","date":"2018-04-16T07:20:21.000Z","volume":2000,"label":" ","price":1.12},{"type":"A","date":"2018-04-16T07:26:11.000Z","volume":32000,"label":" ","price":1.12},{"type":"A","date":"2018-04-16T07:45:37.000Z","volume":26000,"label":" ","price":1.12}]