[{"type":"U","date":"2018-05-02T01:01:14.000Z","volume":60,"label":"P","price":14.82},{"type":"U","date":"2018-05-02T01:01:49.000Z","volume":100,"label":"P","price":14.82},{"type":"U","date":"2018-05-02T01:06:14.000Z","volume":40,"label":"P","price":14.98},{"type":"U","date":"2018-05-02T01:20:00.000Z","volume":62200,"label":"U","price":14.6},{"type":"A","date":"2018-05-02T01:30:00.000Z","volume":1600,"label":" ","price":14.7},{"type":"A","date":"2018-05-02T01:30:00.000Z","volume":200,"label":" ","price":14.7},{"type":"A","date":"2018-05-02T01:30:00.000Z","volume":200,"label":" ","price":14.7},{"type":"A","date":"2018-05-02T01:30:00.000Z","volume":800,"label":" ","price":14.7},{"type":"A","date":"2018-05-02T01:30:00.000Z","volume":200,"label":" ","price":14.7},{"type":"B","date":"2018-05-02T01:30:01.000Z","volume":4600,"label":" ","price":14.6},{"type":"B","date":"2018-05-02T01:30:01.000Z","volume":21400,"label":" ","price":14.6},{"type":"B","date":"2018-05-02T01:30:01.000Z","volume":400,"label":" ","price":14.6},{"type":"B","date":"2018-05-02T01:30:01.000Z","volume":200,"label":" ","price":14.6},{"type":"B","date":"2018-05-02T01:30:02.000Z","volume":2200,"label":" ","price":14.7},{"type":"A","date":"2018-05-02T01:30:02.000Z","volume":9400,"label":" ","price":14.66},{"type":"A","date":"2018-05-02T01:30:02.000Z","volume":4800,"label":"Y","price":14.66},{"type":"U","date":"2018-05-02T01:30:03.000Z","volume":1000,"label":" ","price":14.7},{"type":"B","date":"2018-05-02T01:30:03.000Z","volume":2800,"label":" ","price":14.64},{"type":"U","date":"2018-05-02T01:30:04.000Z","volume":600,"label":" ","price":14.66},{"type":"U","date":"2018-05-02T01:30:04.000Z","volume":3000,"label":"Y","price":14.66},{"type":"U","date":"2018-05-02T01:30:04.000Z","volume":400,"label":" ","price":14.66},{"type":"A","date":"2018-05-02T01:30:05.000Z","volume":2200,"label":" ","price":14.66},{"type":"A","date":"2018-05-02T01:30:05.000Z","volume":400,"label":" ","price":14.66},{"type":"A","date":"2018-05-02T01:30:05.000Z","volume":200,"label":" ","price":14.66},{"type":"A","date":"2018-05-02T01:30:06.000Z","volume":600,"label":" ","price":14.66},{"type":"A","date":"2018-05-02T01:30:06.000Z","volume":200,"label":" ","price":14.66},{"type":"A","date":"2018-05-02T01:30:06.000Z","volume":41800,"label":" ","price":14.66},{"type":"A","date":"2018-05-02T01:30:06.000Z","volume":1000,"label":" ","price":14.68},{"type":"U","date":"2018-05-02T01:30:06.000Z","volume":1800,"label":" ","price":14.66},{"type":"U","date":"2018-05-02T01:30:06.000Z","volume":2200,"label":" ","price":14.66},{"type":"U","date":"2018-05-02T01:30:07.000Z","volume":600,"label":" ","price":14.66},{"type":"U","date":"2018-05-02T01:30:07.000Z","volume":15800,"label":" ","price":14.66},{"type":"A","date":"2018-05-02T01:30:07.000Z","volume":400,"label":" ","price":14.68},{"type":"A","date":"2018-05-02T01:30:07.000Z","volume":200,"label":" ","price":14.68},{"type":"A","date":"2018-05-02T01:30:07.000Z","volume":400,"label":" ","price":14.7},{"type":"A","date":"2018-05-02T01:30:07.000Z","volume":2000,"label":" ","price":14.7},{"type":"A","date":"2018-05-02T01:30:07.000Z","volume":600,"label":" ","price":14.7},{"type":"U","date":"2018-05-02T01:30:08.000Z","volume":2400,"label":" ","price":14.66},{"type":"U","date":"2018-05-02T01:30:08.000Z","volume":11400,"label":"Y","price":14.66},{"type":"U","date":"2018-05-02T01:30:08.000Z","volume":2600,"label":" ","price":14.66},{"type":"B","date":"2018-05-02T01:30:09.000Z","volume":400,"label":" ","price":14.64},{"type":"A","date":"2018-05-02T01:30:10.000Z","volume":400,"label":" ","price":14.66},{"type":"A","date":"2018-05-02T01:30:10.000Z","volume":1800,"label":" ","price":14.66},{"type":"A","date":"2018-05-02T01:30:10.000Z","volume":200,"label":" ","price":14.66},{"type":"A","date":"2018-05-02T01:30:10.000Z","volume":400,"label":" ","price":14.66},{"type":"A","date":"2018-05-02T01:30:10.000Z","volume":13600,"label":" ","price":14.66},{"type":"A","date":"2018-05-02T01:30:11.000Z","volume":800,"label":" ","price":14.66},{"type":"A","date":"2018-05-02T01:30:11.000Z","volume":1000,"label":" ","price":14.66},{"type":"A","date":"2018-05-02T01:30:12.000Z","volume":600,"label":" ","price":14.66},{"type":"A","date":"2018-05-02T01:30:12.000Z","volume":200,"label":" ","price":14.66},{"type":"A","date":"2018-05-02T01:30:13.000Z","volume":200,"label":" ","price":14.66},{"type":"A","date":"2018-05-02T01:30:13.000Z","volume":400,"label":" ","price":14.66},{"type":"A","date":"2018-05-02T01:30:13.000Z","volume":200,"label":" ","price":14.66},{"type":"A","date":"2018-05-02T01:30:16.000Z","volume":10000,"label":" ","price":14.66},{"type":"A","date":"2018-05-02T01:30:16.000Z","volume":3000,"label":"Y","price":14.66},{"type":"A","date":"2018-05-02T01:30:16.000Z","volume":3000,"label":" ","price":14.66},{"type":"A","date":"2018-05-02T01:30:16.000Z","volume":200,"label":" ","price":14.66},{"type":"A","date":"2018-05-02T01:30:17.000Z","volume":400,"label":" ","price":14.66},{"type":"A","date":"2018-05-02T01:30:17.000Z","volume":800,"label":" ","price":14.66},{"type":"A","date":"2018-05-02T01:30:19.000Z","volume":1600,"label":" ","price":14.66},{"type":"A","date":"2018-05-02T01:30:19.000Z","volume":200,"label":" ","price":14.66},{"type":"A","date":"2018-05-02T01:30:20.000Z","volume":400,"label":" ","price":14.66},{"type":"A","date":"2018-05-02T01:30:20.000Z","volume":600,"label":" ","price":14.66},{"type":"B","date":"2018-05-02T01:30:20.000Z","volume":27400,"label":" ","price":14.64},{"type":"B","date":"2018-05-02T01:30:20.000Z","volume":7800,"label":" ","price":14.62},{"type":"B","date":"2018-05-02T01:30:20.000Z","volume":4200,"label":" ","price":14.6},{"type":"A","date":"2018-05-02T01:30:28.000Z","volume":2000,"label":" ","price":14.6},{"type":"B","date":"2018-05-02T01:30:30.000Z","volume":1800,"label":" ","price":14.58},{"type":"B","date":"2018-05-02T01:30:30.000Z","volume":400,"label":" ","price":14.56},{"type":"B","date":"2018-05-02T01:30:30.000Z","volume":3600,"label":"Y","price":14.54},{"type":"B","date":"2018-05-02T01:30:30.000Z","volume":200,"label":" ","price":14.54},{"type":"B","date":"2018-05-02T01:30:32.000Z","volume":200,"label":" ","price":14.54},{"type":"B","date":"2018-05-02T01:30:32.000Z","volume":2000,"label":" ","price":14.52},{"type":"B","date":"2018-05-02T01:30:32.000Z","volume":1600,"label":" ","price":14.52},{"type":"B","date":"2018-05-02T01:30:40.000Z","volume":1000,"label":" ","price":14.52},{"type":"B","date":"2018-05-02T01:30:41.000Z","volume":1000,"label":" ","price":14.52},{"type":"A","date":"2018-05-02T01:30:43.000Z","volume":200,"label":" ","price":14.54},{"type":"B","date":"2018-05-02T01:30:48.000Z","volume":6000,"label":" ","price":14.5},{"type":"B","date":"2018-05-02T01:30:51.000Z","volume":5000,"label":"Y","price":14.5},{"type":"B","date":"2018-05-02T01:30:51.000Z","volume":1000,"label":" ","price":14.5},{"type":"B","date":"2018-05-02T01:30:53.000Z","volume":2600,"label":" ","price":14.52},{"type":"B","date":"2018-05-02T01:30:54.000Z","volume":6400,"label":" ","price":14.52},{"type":"B","date":"2018-05-02T01:30:54.000Z","volume":5000,"label":"Y","price":14.5},{"type":"B","date":"2018-05-02T01:30:54.000Z","volume":10600,"label":" ","price":14.5},{"type":"B","date":"2018-05-02T01:30:55.000Z","volume":6000,"label":" ","price":14.5},{"type":"B","date":"2018-05-02T01:30:56.000Z","volume":2800,"label":"Y","price":14.5},{"type":"B","date":"2018-05-02T01:30:56.000Z","volume":11000,"label":" ","price":14.5},{"type":"U","date":"2018-05-02T01:30:57.000Z","volume":1400,"label":" ","price":14.5},{"type":"B","date":"2018-05-02T01:31:00.000Z","volume":200,"label":" ","price":14.48},{"type":"B","date":"2018-05-02T01:31:00.000Z","volume":3600,"label":" ","price":14.48},{"type":"B","date":"2018-05-02T01:31:01.000Z","volume":200,"label":" ","price":14.48},{"type":"B","date":"2018-05-02T01:31:01.000Z","volume":5200,"label":" ","price":14.42},{"type":"B","date":"2018-05-02T01:31:01.000Z","volume":600,"label":" ","price":14.4},{"type":"A","date":"2018-05-02T01:31:02.000Z","volume":200,"label":"Y","price":14.4},{"type":"A","date":"2018-05-02T01:31:02.000Z","volume":600,"label":" ","price":14.48},{"type":"A","date":"2018-05-02T01:31:02.000Z","volume":1400,"label":" ","price":14.5},{"type":"B","date":"2018-05-02T01:31:11.000Z","volume":5200,"label":" ","price":14.4},{"type":"B","date":"2018-05-02T01:31:11.000Z","volume":800,"label":" ","price":14.38},{"type":"B","date":"2018-05-02T01:31:15.000Z","volume":1200,"label":" ","price":14.42},{"type":"B","date":"2018-05-02T01:31:15.000Z","volume":4800,"label":" ","price":14.38},{"type":"B","date":"2018-05-02T01:31:24.000Z","volume":3800,"label":" ","price":14.36},{"type":"B","date":"2018-05-02T01:31:24.000Z","volume":600,"label":" ","price":14.34},{"type":"B","date":"2018-05-02T01:31:24.000Z","volume":1600,"label":" ","price":14.32},{"type":"B","date":"2018-05-02T01:31:28.000Z","volume":1400,"label":" ","price":14.34},{"type":"B","date":"2018-05-02T01:31:28.000Z","volume":4600,"label":" ","price":14.3},{"type":"B","date":"2018-05-02T01:31:31.000Z","volume":2800,"label":" ","price":14.36},{"type":"B","date":"2018-05-02T01:31:31.000Z","volume":47200,"label":" ","price":14.3},{"type":"A","date":"2018-05-02T01:31:32.000Z","volume":600,"label":" ","price":14.4},{"type":"B","date":"2018-05-02T01:31:34.000Z","volume":1000,"label":" ","price":14.3},{"type":"A","date":"2018-05-02T01:31:34.000Z","volume":11800,"label":" ","price":14.36},{"type":"U","date":"2018-05-02T01:31:37.000Z","volume":600,"label":" ","price":14.38},{"type":"U","date":"2018-05-02T01:31:39.000Z","volume":4000,"label":" ","price":14.34},{"type":"A","date":"2018-05-02T01:31:42.000Z","volume":2800,"label":" ","price":14.38},{"type":"A","date":"2018-05-02T01:31:42.000Z","volume":600,"label":" ","price":14.4},{"type":"A","date":"2018-05-02T01:31:43.000Z","volume":1400,"label":" ","price":14.38},{"type":"B","date":"2018-05-02T01:31:43.000Z","volume":4200,"label":" ","price":14.36},{"type":"B","date":"2018-05-02T01:31:43.000Z","volume":1800,"label":" ","price":14.32},{"type":"A","date":"2018-05-02T01:31:45.000Z","volume":200,"label":" ","price":14.38},{"type":"A","date":"2018-05-02T01:31:48.000Z","volume":6400,"label":" ","price":14.4},{"type":"U","date":"2018-05-02T01:31:48.000Z","volume":3400,"label":" ","price":14.36},{"type":"B","date":"2018-05-02T01:31:48.000Z","volume":2600,"label":" ","price":14.34},{"type":"B","date":"2018-05-02T01:31:56.000Z","volume":1000,"label":" ","price":14.36},{"type":"B","date":"2018-05-02T01:31:56.000Z","volume":3000,"label":" ","price":14.34},{"type":"B","date":"2018-05-02T01:32:00.000Z","volume":4000,"label":" ","price":14.34},{"type":"U","date":"2018-05-02T01:32:02.000Z","volume":2600,"label":" ","price":14.38},{"type":"B","date":"2018-05-02T01:32:04.000Z","volume":4000,"label":" ","price":14.36},{"type":"B","date":"2018-05-02T01:32:04.000Z","volume":2000,"label":" ","price":14.36},{"type":"U","date":"2018-05-02T01:32:04.000Z","volume":1600,"label":" ","price":14.38},{"type":"B","date":"2018-05-02T01:32:11.000Z","volume":2400,"label":" ","price":14.34},{"type":"B","date":"2018-05-02T01:32:11.000Z","volume":1600,"label":" ","price":14.32},{"type":"U","date":"2018-05-02T01:32:14.000Z","volume":400,"label":" ","price":14.36},{"type":"B","date":"2018-05-02T01:32:17.000Z","volume":3000,"label":" ","price":14.34},{"type":"B","date":"2018-05-02T01:32:17.000Z","volume":1000,"label":" ","price":14.32},{"type":"A","date":"2018-05-02T01:32:17.000Z","volume":200,"label":" ","price":14.4},{"type":"B","date":"2018-05-02T01:32:23.000Z","volume":8800,"label":" ","price":14.32},{"type":"B","date":"2018-05-02T01:32:23.000Z","volume":200,"label":" ","price":14.32},{"type":"B","date":"2018-05-02T01:32:23.000Z","volume":3000,"label":" ","price":14.3},{"type":"A","date":"2018-05-02T01:32:23.000Z","volume":1600,"label":" ","price":14.32},{"type":"A","date":"2018-05-02T01:32:23.000Z","volume":200,"label":" ","price":14.32},{"type":"B","date":"2018-05-02T01:32:33.000Z","volume":13200,"label":" ","price":14.32},{"type":"B","date":"2018-05-02T01:32:33.000Z","volume":5000,"label":" ","price":14.32},{"type":"B","date":"2018-05-02T01:32:33.000Z","volume":200,"label":" ","price":14.32},{"type":"B","date":"2018-05-02T01:32:33.000Z","volume":1800,"label":" ","price":14.32},{"type":"B","date":"2018-05-02T01:32:33.000Z","volume":200,"label":" ","price":14.32},{"type":"A","date":"2018-05-02T01:32:35.000Z","volume":200,"label":"Y","price":14.38},{"type":"B","date":"2018-05-02T01:32:36.000Z","volume":800,"label":" ","price":14.32},{"type":"B","date":"2018-05-02T01:32:36.000Z","volume":3200,"label":" ","price":14.3},{"type":"A","date":"2018-05-02T01:32:42.000Z","volume":3200,"label":" ","price":14.3},{"type":"A","date":"2018-05-02T01:32:42.000Z","volume":3600,"label":" ","price":14.3},{"type":"B","date":"2018-05-02T01:32:43.000Z","volume":4000,"label":" ","price":14.3},{"type":"B","date":"2018-05-02T01:32:43.000Z","volume":2400,"label":" ","price":14.3},{"type":"B","date":"2018-05-02T01:32:43.000Z","volume":4400,"label":" ","price":14.28},{"type":"B","date":"2018-05-02T01:32:43.000Z","volume":200,"label":" ","price":14.28},{"type":"B","date":"2018-05-02T01:32:44.000Z","volume":1400,"label":" ","price":14.28},{"type":"B","date":"2018-05-02T01:32:46.000Z","volume":2400,"label":" ","price":14.26},{"type":"B","date":"2018-05-02T01:32:46.000Z","volume":1400,"label":" ","price":14.22},{"type":"B","date":"2018-05-02T01:32:48.000Z","volume":3000,"label":" ","price":14.2},{"type":"B","date":"2018-05-02T01:32:50.000Z","volume":200,"label":" ","price":14.2},{"type":"A","date":"2018-05-02T01:32:50.000Z","volume":8000,"label":" ","price":14.32},{"type":"A","date":"2018-05-02T01:32:53.000Z","volume":2200,"label":" ","price":14.28},{"type":"B","date":"2018-05-02T01:32:58.000Z","volume":1000,"label":" ","price":14.3},{"type":"B","date":"2018-05-02T01:33:01.000Z","volume":2400,"label":" ","price":14.22},{"type":"B","date":"2018-05-02T01:33:01.000Z","volume":11200,"label":" ","price":14.2},{"type":"B","date":"2018-05-02T01:33:02.000Z","volume":2800,"label":" ","price":14.2},{"type":"A","date":"2018-05-02T01:33:02.000Z","volume":1800,"label":"Y","price":14.3},{"type":"B","date":"2018-05-02T01:33:03.000Z","volume":4000,"label":" ","price":14.2},{"type":"U","date":"2018-05-02T01:33:03.000Z","volume":4800,"label":" ","price":14.22},{"type":"U","date":"2018-05-02T01:33:03.000Z","volume":4800,"label":" ","price":14.28},{"type":"U","date":"2018-05-02T01:33:04.000Z","volume":400,"label":" ","price":14.28},{"type":"A","date":"2018-05-02T01:33:05.000Z","volume":18200,"label":" ","price":14.3},{"type":"A","date":"2018-05-02T01:33:07.000Z","volume":800,"label":" ","price":14.32},{"type":"B","date":"2018-05-02T01:33:09.000Z","volume":800,"label":" ","price":14.24},{"type":"B","date":"2018-05-02T01:33:09.000Z","volume":3200,"label":" ","price":14.22},{"type":"A","date":"2018-05-02T01:33:09.000Z","volume":1800,"label":" ","price":14.34},{"type":"A","date":"2018-05-02T01:33:10.000Z","volume":3600,"label":" ","price":14.36},{"type":"U","date":"2018-05-02T01:33:12.000Z","volume":8000,"label":" ","price":14.28},{"type":"U","date":"2018-05-02T01:33:14.000Z","volume":200,"label":" ","price":14.34},{"type":"U","date":"2018-05-02T01:33:15.000Z","volume":12000,"label":" ","price":14.28},{"type":"U","date":"2018-05-02T01:33:16.000Z","volume":4000,"label":" ","price":14.32},{"type":"B","date":"2018-05-02T01:33:16.000Z","volume":2000,"label":" ","price":14.22},{"type":"U","date":"2018-05-02T01:33:17.000Z","volume":200,"label":" ","price":14.34},{"type":"U","date":"2018-05-02T01:33:18.000Z","volume":6200,"label":" ","price":14.34},{"type":"U","date":"2018-05-02T01:33:20.000Z","volume":3400,"label":" ","price":14.34},{"type":"U","date":"2018-05-02T01:33:23.000Z","volume":600,"label":" ","price":14.34},{"type":"B","date":"2018-05-02T01:33:24.000Z","volume":3000,"label":" ","price":14.22},{"type":"U","date":"2018-05-02T01:33:24.000Z","volume":20000,"label":" ","price":14.3},{"type":"U","date":"2018-05-02T01:33:25.000Z","volume":200,"label":" ","price":14.32},{"type":"U","date":"2018-05-02T01:33:25.000Z","volume":200,"label":" ","price":14.32},{"type":"U","date":"2018-05-02T01:33:27.000Z","volume":400,"label":" ","price":14.32},{"type":"U","date":"2018-05-02T01:33:33.000Z","volume":10000,"label":" ","price":14.28},{"type":"B","date":"2018-05-02T01:33:35.000Z","volume":1000,"label":" ","price":14.24},{"type":"B","date":"2018-05-02T01:33:35.000Z","volume":1000,"label":" ","price":14.22},{"type":"U","date":"2018-05-02T01:33:36.000Z","volume":5200,"label":" ","price":14.28},{"type":"B","date":"2018-05-02T01:33:40.000Z","volume":2000,"label":" ","price":14.22},{"type":"B","date":"2018-05-02T01:33:42.000Z","volume":800,"label":" ","price":14.24},{"type":"B","date":"2018-05-02T01:33:42.000Z","volume":1200,"label":" ","price":14.22},{"type":"A","date":"2018-05-02T01:33:42.000Z","volume":800,"label":" ","price":14.28},{"type":"B","date":"2018-05-02T01:33:45.000Z","volume":2000,"label":" ","price":14.22},{"type":"B","date":"2018-05-02T01:33:49.000Z","volume":2000,"label":" ","price":14.22},{"type":"B","date":"2018-05-02T01:33:52.000Z","volume":400,"label":" ","price":14.24},{"type":"B","date":"2018-05-02T01:33:52.000Z","volume":1600,"label":" ","price":14.22},{"type":"B","date":"2018-05-02T01:33:55.000Z","volume":1000,"label":" ","price":14.22},{"type":"B","date":"2018-05-02T01:33:55.000Z","volume":1000,"label":" ","price":14.2},{"type":"A","date":"2018-05-02T01:33:57.000Z","volume":3600,"label":" ","price":14.26},{"type":"B","date":"2018-05-02T01:33:57.000Z","volume":2000,"label":" ","price":14.2},{"type":"B","date":"2018-05-02T01:34:00.000Z","volume":2000,"label":" ","price":14.2},{"type":"U","date":"2018-05-02T01:34:01.000Z","volume":400,"label":" ","price":14.24},{"type":"B","date":"2018-05-02T01:34:02.000Z","volume":2000,"label":" ","price":14.2},{"type":"A","date":"2018-05-02T01:34:03.000Z","volume":2600,"label":" ","price":14.26},{"type":"A","date":"2018-05-02T01:34:03.000Z","volume":17400,"label":" ","price":14.26},{"type":"U","date":"2018-05-02T01:34:04.000Z","volume":1200,"label":" ","price":14.26},{"type":"B","date":"2018-05-02T01:34:04.000Z","volume":2000,"label":" ","price":14.22},{"type":"U","date":"2018-05-02T01:34:06.000Z","volume":1800,"label":" ","price":14.26},{"type":"B","date":"2018-05-02T01:34:06.000Z","volume":3000,"label":" ","price":14.22},{"type":"B","date":"2018-05-02T01:34:06.000Z","volume":74200,"label":" ","price":14.2},{"type":"B","date":"2018-05-02T01:34:07.000Z","volume":600,"label":" ","price":14.18},{"type":"B","date":"2018-05-02T01:34:07.000Z","volume":600,"label":" ","price":14.16},{"type":"B","date":"2018-05-02T01:34:07.000Z","volume":800,"label":" ","price":14.16},{"type":"B","date":"2018-05-02T01:34:07.000Z","volume":2400,"label":" ","price":14.12},{"type":"B","date":"2018-05-02T01:34:09.000Z","volume":1200,"label":" ","price":14.1},{"type":"U","date":"2018-05-02T01:34:12.000Z","volume":200,"label":" ","price":14.12},{"type":"U","date":"2018-05-02T01:34:12.000Z","volume":1800,"label":" ","price":14.12},{"type":"A","date":"2018-05-02T01:34:13.000Z","volume":2400,"label":" ","price":14.18},{"type":"A","date":"2018-05-02T01:34:13.000Z","volume":12800,"label":"Y","price":14.2},{"type":"A","date":"2018-05-02T01:34:13.000Z","volume":1400,"label":" ","price":14.2},{"type":"A","date":"2018-05-02T01:34:13.000Z","volume":200,"label":" ","price":14.22},{"type":"A","date":"2018-05-02T01:34:13.000Z","volume":200,"label":"Y","price":14.28},{"type":"A","date":"2018-05-02T01:34:13.000Z","volume":7400,"label":" ","price":14.28},{"type":"A","date":"2018-05-02T01:34:13.000Z","volume":5600,"label":"Y","price":14.3},{"type":"U","date":"2018-05-02T01:34:14.000Z","volume":2000,"label":" ","price":14.2},{"type":"B","date":"2018-05-02T01:34:19.000Z","volume":800,"label":" ","price":14.14},{"type":"B","date":"2018-05-02T01:34:19.000Z","volume":400,"label":" ","price":14.12},{"type":"B","date":"2018-05-02T01:34:19.000Z","volume":800,"label":"Y","price":14.1},{"type":"U","date":"2018-05-02T01:34:20.000Z","volume":30000,"label":" ","price":14.24},{"type":"B","date":"2018-05-02T01:34:22.000Z","volume":2000,"label":" ","price":14.12},{"type":"B","date":"2018-05-02T01:34:27.000Z","volume":400,"label":" ","price":14.12},{"type":"B","date":"2018-05-02T01:34:27.000Z","volume":1000,"label":" ","price":14.12},{"type":"B","date":"2018-05-02T01:34:28.000Z","volume":1200,"label":" ","price":14.14},{"type":"A","date":"2018-05-02T01:34:29.000Z","volume":200,"label":" ","price":14.22},{"type":"B","date":"2018-05-02T01:34:29.000Z","volume":2000,"label":" ","price":14.14},{"type":"B","date":"2018-05-02T01:34:33.000Z","volume":2000,"label":" ","price":14.14},{"type":"B","date":"2018-05-02T01:34:36.000Z","volume":800,"label":" ","price":14.14},{"type":"B","date":"2018-05-02T01:34:36.000Z","volume":1200,"label":" ","price":14.12},{"type":"A","date":"2018-05-02T01:34:36.000Z","volume":1000,"label":" ","price":14.18},{"type":"B","date":"2018-05-02T01:34:37.000Z","volume":6800,"label":" ","price":14.18},{"type":"B","date":"2018-05-02T01:34:40.000Z","volume":2000,"label":" ","price":14.12},{"type":"U","date":"2018-05-02T01:34:41.000Z","volume":10000,"label":" ","price":14.18},{"type":"B","date":"2018-05-02T01:34:44.000Z","volume":800,"label":" ","price":14.18},{"type":"B","date":"2018-05-02T01:34:44.000Z","volume":1200,"label":" ","price":14.14},{"type":"U","date":"2018-05-02T01:34:46.000Z","volume":200,"label":" ","price":14.18},{"type":"B","date":"2018-05-02T01:34:46.000Z","volume":2000,"label":" ","price":14.14},{"type":"U","date":"2018-05-02T01:34:48.000Z","volume":400,"label":" ","price":14.18},{"type":"U","date":"2018-05-02T01:34:50.000Z","volume":200,"label":" ","price":14.18},{"type":"B","date":"2018-05-02T01:34:52.000Z","volume":1600,"label":" ","price":14.14},{"type":"B","date":"2018-05-02T01:34:52.000Z","volume":5400,"label":" ","price":14.14},{"type":"U","date":"2018-05-02T01:34:52.000Z","volume":600,"label":" ","price":14.18},{"type":"A","date":"2018-05-02T01:34:53.000Z","volume":14000,"label":" ","price":14.2},{"type":"B","date":"2018-05-02T01:34:54.000Z","volume":1200,"label":" ","price":14.18},{"type":"U","date":"2018-05-02T01:34:55.000Z","volume":3000,"label":" ","price":14.2},{"type":"B","date":"2018-05-02T01:34:57.000Z","volume":400,"label":"Y","price":14.2},{"type":"B","date":"2018-05-02T01:34:57.000Z","volume":2600,"label":" ","price":14.2},{"type":"B","date":"2018-05-02T01:34:57.000Z","volume":200,"label":" ","price":14.18},{"type":"A","date":"2018-05-02T01:35:03.000Z","volume":2400,"label":"Y","price":14.2},{"type":"A","date":"2018-05-02T01:35:08.000Z","volume":14600,"label":"Y","price":14.2},{"type":"A","date":"2018-05-02T01:35:08.000Z","volume":5400,"label":" ","price":14.2},{"type":"A","date":"2018-05-02T01:35:08.000Z","volume":1600,"label":" ","price":14.22},{"type":"A","date":"2018-05-02T01:35:09.000Z","volume":3400,"label":" ","price":14.24},{"type":"B","date":"2018-05-02T01:35:10.000Z","volume":200,"label":" ","price":14.22},{"type":"B","date":"2018-05-02T01:35:12.000Z","volume":1400,"label":" ","price":14.22},{"type":"B","date":"2018-05-02T01:35:12.000Z","volume":1400,"label":" ","price":14.22},{"type":"U","date":"2018-05-02T01:35:14.000Z","volume":200,"label":" ","price":14.22},{"type":"B","date":"2018-05-02T01:35:15.000Z","volume":1800,"label":" ","price":14.24},{"type":"B","date":"2018-05-02T01:35:15.000Z","volume":38200,"label":"Y","price":14.2},{"type":"B","date":"2018-05-02T01:35:15.000Z","volume":18800,"label":" ","price":14.2},{"type":"B","date":"2018-05-02T01:35:16.000Z","volume":600,"label":" ","price":14.2},{"type":"B","date":"2018-05-02T01:35:16.000Z","volume":2000,"label":"Y","price":14.2},{"type":"B","date":"2018-05-02T01:35:21.000Z","volume":2000,"label":"Y","price":14.2},{"type":"B","date":"2018-05-02T01:35:22.000Z","volume":8600,"label":" ","price":14.2},{"type":"B","date":"2018-05-02T01:35:22.000Z","volume":1400,"label":" ","price":14.2},{"type":"B","date":"2018-05-02T01:35:24.000Z","volume":2000,"label":" ","price":14.18},{"type":"B","date":"2018-05-02T01:35:25.000Z","volume":200,"label":" ","price":14.2},{"type":"A","date":"2018-05-02T01:35:26.000Z","volume":2400,"label":" ","price":14.22},{"type":"B","date":"2018-05-02T01:35:28.000Z","volume":2000,"label":" ","price":14.18},{"type":"A","date":"2018-05-02T01:35:28.000Z","volume":8200,"label":" ","price":14.22},{"type":"A","date":"2018-05-02T01:35:28.000Z","volume":1800,"label":" ","price":14.24},{"type":"A","date":"2018-05-02T01:35:29.000Z","volume":1800,"label":" ","price":14.22},{"type":"B","date":"2018-05-02T01:35:31.000Z","volume":1000,"label":" ","price":14.22},{"type":"B","date":"2018-05-02T01:35:31.000Z","volume":1000,"label":" ","price":14.2},{"type":"B","date":"2018-05-02T01:35:35.000Z","volume":2000,"label":" ","price":14.2},{"type":"A","date":"2018-05-02T01:35:35.000Z","volume":200,"label":" ","price":14.24},{"type":"B","date":"2018-05-02T01:35:39.000Z","volume":2000,"label":" ","price":14.2},{"type":"A","date":"2018-05-02T01:35:41.000Z","volume":9400,"label":" ","price":14.24},{"type":"B","date":"2018-05-02T01:35:41.000Z","volume":2000,"label":" ","price":14.2},{"type":"B","date":"2018-05-02T01:35:44.000Z","volume":2000,"label":" ","price":14.22},{"type":"B","date":"2018-05-02T01:35:45.000Z","volume":1400,"label":" ","price":14.22},{"type":"B","date":"2018-05-02T01:35:45.000Z","volume":6000,"label":" ","price":14.22},{"type":"B","date":"2018-05-02T01:35:48.000Z","volume":2000,"label":" ","price":14.2},{"type":"B","date":"2018-05-02T01:35:50.000Z","volume":2000,"label":" ","price":14.2},{"type":"B","date":"2018-05-02T01:35:52.000Z","volume":2000,"label":" ","price":14.2},{"type":"B","date":"2018-05-02T01:35:53.000Z","volume":10000,"label":" ","price":14.22},{"type":"A","date":"2018-05-02T01:35:53.000Z","volume":1200,"label":"Y","price":14.24},{"type":"A","date":"2018-05-02T01:35:53.000Z","volume":800,"label":" ","price":14.24},{"type":"A","date":"2018-05-02T01:35:53.000Z","volume":1200,"label":" ","price":14.24},{"type":"U","date":"2018-05-02T01:35:56.000Z","volume":1600,"label":" ","price":14.22},{"type":"A","date":"2018-05-02T01:35:56.000Z","volume":2800,"label":" ","price":14.24},{"type":"B","date":"2018-05-02T01:36:01.000Z","volume":4000,"label":" ","price":14.2},{"type":"B","date":"2018-05-02T01:36:02.000Z","volume":1600,"label":" ","price":14.2},{"type":"A","date":"2018-05-02T01:36:03.000Z","volume":600,"label":" ","price":14.24},{"type":"A","date":"2018-05-02T01:36:03.000Z","volume":2000,"label":" ","price":14.24},{"type":"A","date":"2018-05-02T01:36:06.000Z","volume":1800,"label":" ","price":14.24},{"type":"B","date":"2018-05-02T01:36:09.000Z","volume":3800,"label":" ","price":14.22},{"type":"B","date":"2018-05-02T01:36:10.000Z","volume":13600,"label":" ","price":14.2},{"type":"A","date":"2018-05-02T01:36:19.000Z","volume":2000,"label":" ","price":14.2},{"type":"A","date":"2018-05-02T01:36:19.000Z","volume":2200,"label":" ","price":14.2},{"type":"B","date":"2018-05-02T01:36:21.000Z","volume":10000,"label":" ","price":14.16},{"type":"B","date":"2018-05-02T01:36:21.000Z","volume":800,"label":" ","price":14.16},{"type":"B","date":"2018-05-02T01:36:27.000Z","volume":2000,"label":" ","price":14.16},{"type":"B","date":"2018-05-02T01:36:31.000Z","volume":2000,"label":" ","price":14.18},{"type":"B","date":"2018-05-02T01:36:32.000Z","volume":800,"label":" ","price":14.18},{"type":"B","date":"2018-05-02T01:36:34.000Z","volume":2000,"label":" ","price":14.16},{"type":"B","date":"2018-05-02T01:36:36.000Z","volume":7600,"label":" ","price":14.16},{"type":"B","date":"2018-05-02T01:36:36.000Z","volume":2000,"label":" ","price":14.16},{"type":"B","date":"2018-05-02T01:36:37.000Z","volume":600,"label":" ","price":14.16},{"type":"B","date":"2018-05-02T01:36:39.000Z","volume":2000,"label":" ","price":14.16},{"type":"B","date":"2018-05-02T01:36:42.000Z","volume":15600,"label":" ","price":14.16},{"type":"B","date":"2018-05-02T01:36:42.000Z","volume":2000,"label":" ","price":14.14},{"type":"B","date":"2018-05-02T01:36:42.000Z","volume":600,"label":" ","price":14.14},{"type":"B","date":"2018-05-02T01:36:45.000Z","volume":1400,"label":" ","price":14.12},{"type":"B","date":"2018-05-02T01:36:45.000Z","volume":600,"label":"Y","price":14.1},{"type":"U","date":"2018-05-02T01:36:50.000Z","volume":200,"label":" ","price":14.12},{"type":"A","date":"2018-05-02T01:36:50.000Z","volume":400,"label":" ","price":14.12},{"type":"B","date":"2018-05-02T01:36:51.000Z","volume":7600,"label":" ","price":14.1},{"type":"B","date":"2018-05-02T01:36:53.000Z","volume":2000,"label":" ","price":14.1},{"type":"B","date":"2018-05-02T01:36:56.000Z","volume":2000,"label":" ","price":14.1},{"type":"B","date":"2018-05-02T01:37:00.000Z","volume":2000,"label":" ","price":14.1},{"type":"A","date":"2018-05-02T01:37:01.000Z","volume":2200,"label":" ","price":14.12},{"type":"B","date":"2018-05-02T01:37:01.000Z","volume":3400,"label":" ","price":14.1},{"type":"A","date":"2018-05-02T01:37:02.000Z","volume":200,"label":" ","price":14.12},{"type":"B","date":"2018-05-02T01:37:02.000Z","volume":2000,"label":" ","price":14.1},{"type":"A","date":"2018-05-02T01:37:03.000Z","volume":2600,"label":" ","price":14.12},{"type":"B","date":"2018-05-02T01:37:03.000Z","volume":600,"label":" ","price":14.12},{"type":"A","date":"2018-05-02T01:37:05.000Z","volume":4400,"label":" ","price":14.14},{"type":"B","date":"2018-05-02T01:37:06.000Z","volume":2000,"label":" ","price":14.1},{"type":"B","date":"2018-05-02T01:37:10.000Z","volume":2000,"label":" ","price":14.1},{"type":"B","date":"2018-05-02T01:37:12.000Z","volume":200,"label":" ","price":14.12},{"type":"A","date":"2018-05-02T01:37:12.000Z","volume":1000,"label":" ","price":14.12},{"type":"B","date":"2018-05-02T01:37:14.000Z","volume":4000,"label":" ","price":14.1},{"type":"B","date":"2018-05-02T01:37:17.000Z","volume":6000,"label":" ","price":14.1},{"type":"A","date":"2018-05-02T01:37:19.000Z","volume":200,"label":" ","price":14.14},{"type":"B","date":"2018-05-02T01:37:27.000Z","volume":7600,"label":" ","price":14.1},{"type":"B","date":"2018-05-02T01:37:28.000Z","volume":2000,"label":" ","price":14.1},{"type":"B","date":"2018-05-02T01:37:29.000Z","volume":400,"label":" ","price":14.1},{"type":"B","date":"2018-05-02T01:37:30.000Z","volume":2000,"label":" ","price":14.1},{"type":"B","date":"2018-05-02T01:37:33.000Z","volume":2000,"label":" ","price":14.1},{"type":"B","date":"2018-05-02T01:37:35.000Z","volume":2000,"label":" ","price":14.1},{"type":"B","date":"2018-05-02T01:37:37.000Z","volume":2000,"label":" ","price":14.1},{"type":"B","date":"2018-05-02T01:37:37.000Z","volume":5000,"label":" ","price":14.1},{"type":"B","date":"2018-05-02T01:37:39.000Z","volume":2000,"label":" ","price":14.1},{"type":"B","date":"2018-05-02T01:37:40.000Z","volume":2000,"label":" ","price":14.1},{"type":"A","date":"2018-05-02T01:37:41.000Z","volume":3000,"label":" ","price":14.12},{"type":"B","date":"2018-05-02T01:37:42.000Z","volume":2000,"label":" ","price":14.1},{"type":"B","date":"2018-05-02T01:37:43.000Z","volume":2000,"label":" ","price":14.1},{"type":"B","date":"2018-05-02T01:37:44.000Z","volume":2400,"label":" ","price":14.1},{"type":"B","date":"2018-05-02T01:37:46.000Z","volume":2000,"label":" ","price":14.08},{"type":"B","date":"2018-05-02T01:37:46.000Z","volume":3600,"label":" ","price":14.08},{"type":"B","date":"2018-05-02T01:37:46.000Z","volume":5600,"label":" ","price":14.04},{"type":"B","date":"2018-05-02T01:37:46.000Z","volume":4400,"label":" ","price":14.04},{"type":"A","date":"2018-05-02T01:37:47.000Z","volume":9800,"label":" ","price":14.12},{"type":"B","date":"2018-05-02T01:37:47.000Z","volume":20200,"label":" ","price":14.12},{"type":"B","date":"2018-05-02T01:37:48.000Z","volume":1400,"label":" ","price":14.04},{"type":"B","date":"2018-05-02T01:37:48.000Z","volume":600,"label":" ","price":14.02},{"type":"B","date":"2018-05-02T01:37:50.000Z","volume":2000,"label":" ","price":14.02},{"type":"B","date":"2018-05-02T01:37:52.000Z","volume":2000,"label":" ","price":14.02},{"type":"B","date":"2018-05-02T01:37:54.000Z","volume":6400,"label":" ","price":14.02},{"type":"B","date":"2018-05-02T01:37:54.000Z","volume":23600,"label":" ","price":14},{"type":"U","date":"2018-05-02T01:37:57.000Z","volume":1000,"label":" ","price":14.02},{"type":"U","date":"2018-05-02T01:38:02.000Z","volume":200,"label":" ","price":14.02},{"type":"A","date":"2018-05-02T01:38:03.000Z","volume":5000,"label":" ","price":14.08},{"type":"A","date":"2018-05-02T01:38:04.000Z","volume":1800,"label":" ","price":14.1},{"type":"B","date":"2018-05-02T01:38:05.000Z","volume":3000,"label":" ","price":14},{"type":"B","date":"2018-05-02T01:38:05.000Z","volume":3600,"label":" ","price":14},{"type":"A","date":"2018-05-02T01:38:15.000Z","volume":13200,"label":" ","price":14.08},{"type":"B","date":"2018-05-02T01:38:19.000Z","volume":2000,"label":"Y","price":14.08},{"type":"B","date":"2018-05-02T01:38:22.000Z","volume":1800,"label":"Y","price":14.08},{"type":"B","date":"2018-05-02T01:38:22.000Z","volume":200,"label":" ","price":14.08},{"type":"B","date":"2018-05-02T01:38:24.000Z","volume":800,"label":" ","price":14.08},{"type":"B","date":"2018-05-02T01:38:24.000Z","volume":1200,"label":"Y","price":14.06},{"type":"A","date":"2018-05-02T01:38:25.000Z","volume":2200,"label":" ","price":14.1},{"type":"B","date":"2018-05-02T01:38:26.000Z","volume":2000,"label":" ","price":14.08},{"type":"B","date":"2018-05-02T01:38:27.000Z","volume":1200,"label":" ","price":14.08},{"type":"B","date":"2018-05-02T01:38:28.000Z","volume":2000,"label":"Y","price":14.06},{"type":"B","date":"2018-05-02T01:38:30.000Z","volume":11000,"label":" ","price":14.06},{"type":"B","date":"2018-05-02T01:38:30.000Z","volume":1600,"label":" ","price":14.04},{"type":"B","date":"2018-05-02T01:38:30.000Z","volume":400,"label":" ","price":14.02},{"type":"B","date":"2018-05-02T01:38:32.000Z","volume":2000,"label":" ","price":14.06},{"type":"B","date":"2018-05-02T01:38:34.000Z","volume":2000,"label":" ","price":14.06},{"type":"B","date":"2018-05-02T01:38:35.000Z","volume":400,"label":" ","price":14.06},{"type":"B","date":"2018-05-02T01:38:35.000Z","volume":200,"label":" ","price":14.06},{"type":"B","date":"2018-05-02T01:38:36.000Z","volume":2000,"label":" ","price":14.04},{"type":"A","date":"2018-05-02T01:38:38.000Z","volume":2000,"label":" ","price":14.06},{"type":"B","date":"2018-05-02T01:38:39.000Z","volume":2000,"label":" ","price":14},{"type":"B","date":"2018-05-02T01:38:42.000Z","volume":9800,"label":" ","price":14},{"type":"B","date":"2018-05-02T01:38:44.000Z","volume":2000,"label":" ","price":14},{"type":"A","date":"2018-05-02T01:38:47.000Z","volume":4800,"label":" ","price":14.04},{"type":"A","date":"2018-05-02T01:38:47.000Z","volume":200,"label":" ","price":14.06},{"type":"B","date":"2018-05-02T01:38:47.000Z","volume":2000,"label":" ","price":14},{"type":"B","date":"2018-05-02T01:38:49.000Z","volume":2000,"label":" ","price":14},{"type":"B","date":"2018-05-02T01:38:52.000Z","volume":1600,"label":" ","price":14},{"type":"B","date":"2018-05-02T01:38:52.000Z","volume":400,"label":" ","price":13.98},{"type":"U","date":"2018-05-02T01:38:58.000Z","volume":8000,"label":" ","price":14},{"type":"B","date":"2018-05-02T01:38:59.000Z","volume":1000,"label":" ","price":13.98},{"type":"B","date":"2018-05-02T01:38:59.000Z","volume":1200,"label":" ","price":13.98},{"type":"B","date":"2018-05-02T01:38:59.000Z","volume":600,"label":" ","price":13.98},{"type":"B","date":"2018-05-02T01:38:59.000Z","volume":200,"label":" ","price":13.98},{"type":"B","date":"2018-05-02T01:39:01.000Z","volume":1000,"label":" ","price":14},{"type":"B","date":"2018-05-02T01:39:04.000Z","volume":1000,"label":" ","price":14},{"type":"A","date":"2018-05-02T01:39:05.000Z","volume":2200,"label":" ","price":14.04},{"type":"A","date":"2018-05-02T01:39:06.000Z","volume":1000,"label":" ","price":14.04},{"type":"B","date":"2018-05-02T01:39:06.000Z","volume":1000,"label":" ","price":14.02},{"type":"B","date":"2018-05-02T01:39:08.000Z","volume":800,"label":" ","price":14.02},{"type":"B","date":"2018-05-02T01:39:08.000Z","volume":200,"label":" ","price":14},{"type":"U","date":"2018-05-02T01:39:09.000Z","volume":5000,"label":" ","price":14.02},{"type":"A","date":"2018-05-02T01:39:10.000Z","volume":6800,"label":" ","price":14.04},{"type":"A","date":"2018-05-02T01:39:10.000Z","volume":2800,"label":" ","price":14.04},{"type":"B","date":"2018-05-02T01:39:11.000Z","volume":1000,"label":" ","price":14.02},{"type":"B","date":"2018-05-02T01:39:12.000Z","volume":4400,"label":" ","price":14.04},{"type":"B","date":"2018-05-02T01:39:12.000Z","volume":6000,"label":" ","price":14.02},{"type":"B","date":"2018-05-02T01:39:13.000Z","volume":1000,"label":" ","price":14.02},{"type":"B","date":"2018-05-02T01:39:15.000Z","volume":9800,"label":" ","price":14.02},{"type":"B","date":"2018-05-02T01:39:15.000Z","volume":10200,"label":" ","price":14.02},{"type":"B","date":"2018-05-02T01:39:17.000Z","volume":200,"label":" ","price":14.02},{"type":"B","date":"2018-05-02T01:39:17.000Z","volume":800,"label":" ","price":14},{"type":"B","date":"2018-05-02T01:39:18.000Z","volume":800,"label":" ","price":14.02},{"type":"B","date":"2018-05-02T01:39:18.000Z","volume":1400,"label":" ","price":14},{"type":"B","date":"2018-05-02T01:39:20.000Z","volume":1000,"label":" ","price":14},{"type":"A","date":"2018-05-02T01:39:21.000Z","volume":2000,"label":"Y","price":14.04},{"type":"B","date":"2018-05-02T01:39:22.000Z","volume":8000,"label":" ","price":14.04},{"type":"B","date":"2018-05-02T01:39:22.000Z","volume":2600,"label":" ","price":14.02},{"type":"B","date":"2018-05-02T01:39:22.000Z","volume":22000,"label":" ","price":14},{"type":"B","date":"2018-05-02T01:39:22.000Z","volume":7400,"label":" ","price":13.98},{"type":"B","date":"2018-05-02T01:39:25.000Z","volume":1000,"label":"Y","price":13.98},{"type":"U","date":"2018-05-02T01:39:26.000Z","volume":400,"label":" ","price":14.02},{"type":"B","date":"2018-05-02T01:39:29.000Z","volume":1000,"label":"Y","price":13.98},{"type":"A","date":"2018-05-02T01:39:29.000Z","volume":1200,"label":" ","price":14.04},{"type":"U","date":"2018-05-02T01:39:31.000Z","volume":1000,"label":" ","price":14.04},{"type":"B","date":"2018-05-02T01:39:31.000Z","volume":1000,"label":"Y","price":14},{"type":"B","date":"2018-05-02T01:39:34.000Z","volume":8000,"label":"Y","price":14},{"type":"B","date":"2018-05-02T01:39:34.000Z","volume":1000,"label":"Y","price":14},{"type":"B","date":"2018-05-02T01:39:36.000Z","volume":1000,"label":"Y","price":14},{"type":"A","date":"2018-05-02T01:39:37.000Z","volume":1000,"label":" ","price":14.04},{"type":"B","date":"2018-05-02T01:39:39.000Z","volume":1000,"label":"Y","price":14},{"type":"B","date":"2018-05-02T01:39:40.000Z","volume":7600,"label":" ","price":14},{"type":"A","date":"2018-05-02T01:39:41.000Z","volume":10000,"label":" ","price":14.04},{"type":"B","date":"2018-05-02T01:39:42.000Z","volume":1000,"label":"Y","price":14},{"type":"B","date":"2018-05-02T01:39:44.000Z","volume":1000,"label":" ","price":14.02},{"type":"B","date":"2018-05-02T01:39:46.000Z","volume":1000,"label":" ","price":14.02},{"type":"B","date":"2018-05-02T01:39:48.000Z","volume":1000,"label":" ","price":14.02},{"type":"B","date":"2018-05-02T01:39:51.000Z","volume":1000,"label":" ","price":14.02},{"type":"B","date":"2018-05-02T01:39:54.000Z","volume":1000,"label":" ","price":14.02},{"type":"B","date":"2018-05-02T01:39:57.000Z","volume":3000,"label":" ","price":14.02},{"type":"A","date":"2018-05-02T01:39:58.000Z","volume":200,"label":" ","price":14.04},{"type":"B","date":"2018-05-02T01:40:00.000Z","volume":1000,"label":" ","price":14.02},{"type":"B","date":"2018-05-02T01:40:01.000Z","volume":8000,"label":" ","price":14.02},{"type":"B","date":"2018-05-02T01:40:03.000Z","volume":1000,"label":" ","price":14.02},{"type":"A","date":"2018-05-02T01:40:05.000Z","volume":2400,"label":" ","price":14.04},{"type":"B","date":"2018-05-02T01:40:05.000Z","volume":1000,"label":" ","price":14.02},{"type":"A","date":"2018-05-02T01:40:06.000Z","volume":200,"label":" ","price":14.04},{"type":"B","date":"2018-05-02T01:40:08.000Z","volume":1000,"label":" ","price":14.02},{"type":"A","date":"2018-05-02T01:40:09.000Z","volume":9800,"label":" ","price":14.04},{"type":"B","date":"2018-05-02T01:40:13.000Z","volume":5400,"label":" ","price":14.02},{"type":"B","date":"2018-05-02T01:40:14.000Z","volume":9000,"label":" ","price":14},{"type":"A","date":"2018-05-02T01:40:14.000Z","volume":200,"label":" ","price":14.02},{"type":"A","date":"2018-05-02T01:40:16.000Z","volume":16800,"label":"Y","price":14.04},{"type":"A","date":"2018-05-02T01:40:16.000Z","volume":3200,"label":" ","price":14.04},{"type":"A","date":"2018-05-02T01:40:16.000Z","volume":8600,"label":" ","price":14.04},{"type":"A","date":"2018-05-02T01:40:19.000Z","volume":30000,"label":" ","price":14.04},{"type":"A","date":"2018-05-02T01:40:25.000Z","volume":3000,"label":" ","price":14.06},{"type":"B","date":"2018-05-02T01:40:31.000Z","volume":1000,"label":"Y","price":14.04},{"type":"B","date":"2018-05-02T01:40:32.000Z","volume":10000,"label":" ","price":14.04},{"type":"B","date":"2018-05-02T01:40:34.000Z","volume":1000,"label":"Y","price":14.04},{"type":"A","date":"2018-05-02T01:40:35.000Z","volume":18200,"label":"Y","price":14.06},{"type":"A","date":"2018-05-02T01:40:35.000Z","volume":11800,"label":" ","price":14.06},{"type":"A","date":"2018-05-02T01:40:35.000Z","volume":4200,"label":" ","price":14.06},{"type":"A","date":"2018-05-02T01:40:36.000Z","volume":200,"label":" ","price":14.06},{"type":"B","date":"2018-05-02T01:40:36.000Z","volume":1000,"label":"Y","price":14.04},{"type":"A","date":"2018-05-02T01:40:36.000Z","volume":200,"label":" ","price":14.06},{"type":"B","date":"2018-05-02T01:40:37.000Z","volume":1000,"label":"Y","price":14.06},{"type":"B","date":"2018-05-02T01:40:39.000Z","volume":1000,"label":"Y","price":14.06},{"type":"B","date":"2018-05-02T01:40:41.000Z","volume":1000,"label":"Y","price":14.06},{"type":"B","date":"2018-05-02T01:40:43.000Z","volume":1000,"label":"Y","price":14.06},{"type":"A","date":"2018-05-02T01:40:45.000Z","volume":20000,"label":"Y","price":14.08},{"type":"A","date":"2018-05-02T01:40:45.000Z","volume":8600,"label":" ","price":14.08},{"type":"B","date":"2018-05-02T01:40:45.000Z","volume":1000,"label":"Y","price":14.08},{"type":"B","date":"2018-05-02T01:40:47.000Z","volume":4600,"label":" ","price":14.08},{"type":"B","date":"2018-05-02T01:40:47.000Z","volume":800,"label":" ","price":14.08},{"type":"B","date":"2018-05-02T01:40:47.000Z","volume":1000,"label":"Y","price":14.06},{"type":"B","date":"2018-05-02T01:40:48.000Z","volume":1400,"label":" ","price":14.06},{"type":"B","date":"2018-05-02T01:40:49.000Z","volume":1000,"label":" ","price":14.08},{"type":"B","date":"2018-05-02T01:40:52.000Z","volume":1000,"label":" ","price":14.08},{"type":"B","date":"2018-05-02T01:40:54.000Z","volume":1000,"label":" ","price":14.08},{"type":"B","date":"2018-05-02T01:40:56.000Z","volume":400,"label":" ","price":14.08},{"type":"B","date":"2018-05-02T01:40:56.000Z","volume":400,"label":"Y","price":14.06},{"type":"B","date":"2018-05-02T01:40:56.000Z","volume":200,"label":" ","price":14.06},{"type":"B","date":"2018-05-02T01:40:57.000Z","volume":2600,"label":" ","price":14.06},{"type":"A","date":"2018-05-02T01:40:57.000Z","volume":200,"label":" ","price":14.06},{"type":"B","date":"2018-05-02T01:40:58.000Z","volume":1000,"label":"Y","price":14.04},{"type":"B","date":"2018-05-02T01:41:00.000Z","volume":1000,"label":"Y","price":14.04},{"type":"B","date":"2018-05-02T01:41:02.000Z","volume":1000,"label":"Y","price":14.04},{"type":"A","date":"2018-05-02T01:41:03.000Z","volume":2800,"label":" ","price":14.06},{"type":"B","date":"2018-05-02T01:41:03.000Z","volume":18400,"label":" ","price":14.04},{"type":"B","date":"2018-05-02T01:41:03.000Z","volume":20000,"label":" ","price":14.04},{"type":"B","date":"2018-05-02T01:41:03.000Z","volume":4000,"label":" ","price":14.02},{"type":"B","date":"2018-05-02T01:41:03.000Z","volume":3800,"label":" ","price":14},{"type":"A","date":"2018-05-02T01:41:03.000Z","volume":6400,"label":" ","price":14.06},{"type":"B","date":"2018-05-02T01:41:04.000Z","volume":1000,"label":"Y","price":14},{"type":"A","date":"2018-05-02T01:41:05.000Z","volume":3000,"label":" ","price":14.06},{"type":"B","date":"2018-05-02T01:41:09.000Z","volume":1000,"label":" ","price":14.02},{"type":"B","date":"2018-05-02T01:41:12.000Z","volume":1000,"label":" ","price":14.02},{"type":"B","date":"2018-05-02T01:41:15.000Z","volume":1000,"label":" ","price":14.04},{"type":"A","date":"2018-05-02T01:41:15.000Z","volume":200,"label":" ","price":14.06},{"type":"B","date":"2018-05-02T01:41:18.000Z","volume":1200,"label":" ","price":14.04},{"type":"B","date":"2018-05-02T01:41:19.000Z","volume":8800,"label":" ","price":14.02},{"type":"B","date":"2018-05-02T01:41:19.000Z","volume":200,"label":" ","price":14.02},{"type":"A","date":"2018-05-02T01:41:19.000Z","volume":400,"label":" ","price":14.04},{"type":"A","date":"2018-05-02T01:41:19.000Z","volume":400,"label":" ","price":14.06},{"type":"A","date":"2018-05-02T01:41:23.000Z","volume":5000,"label":" ","price":14.04},{"type":"A","date":"2018-05-02T01:41:23.000Z","volume":7000,"label":" ","price":14.04},{"type":"B","date":"2018-05-02T01:41:23.000Z","volume":1000,"label":" ","price":14.08},{"type":"B","date":"2018-05-02T01:41:30.000Z","volume":2600,"label":" ","price":14.02},{"type":"A","date":"2018-05-02T01:41:31.000Z","volume":400,"label":" ","price":14.08},{"type":"A","date":"2018-05-02T01:41:36.000Z","volume":20600,"label":" ","price":14.04},{"type":"A","date":"2018-05-02T01:41:37.000Z","volume":1800,"label":" ","price":14.08},{"type":"A","date":"2018-05-02T01:41:37.000Z","volume":1600,"label":" ","price":14.08},{"type":"B","date":"2018-05-02T01:41:39.000Z","volume":10000,"label":"Y","price":14.06},{"type":"B","date":"2018-05-02T01:41:49.000Z","volume":10000,"label":"Y","price":14.06},{"type":"B","date":"2018-05-02T01:41:53.000Z","volume":10000,"label":"Y","price":14.06},{"type":"B","date":"2018-05-02T01:41:53.000Z","volume":1200,"label":" ","price":14.06},{"type":"A","date":"2018-05-02T01:41:53.000Z","volume":200,"label":" ","price":14.08},{"type":"B","date":"2018-05-02T01:41:55.000Z","volume":13800,"label":" ","price":14.06},{"type":"A","date":"2018-05-02T01:41:55.000Z","volume":1000,"label":" ","price":14.08},{"type":"A","date":"2018-05-02T01:41:55.000Z","volume":1200,"label":" ","price":14.08},{"type":"B","date":"2018-05-02T01:41:56.000Z","volume":3400,"label":"Y","price":14.06},{"type":"B","date":"2018-05-02T01:41:56.000Z","volume":6600,"label":" ","price":14.06},{"type":"A","date":"2018-05-02T01:41:56.000Z","volume":600,"label":" ","price":14.08},{"type":"A","date":"2018-05-02T01:41:56.000Z","volume":400,"label":" ","price":14.08},{"type":"A","date":"2018-05-02T01:41:56.000Z","volume":200,"label":" ","price":14.08},{"type":"B","date":"2018-05-02T01:41:57.000Z","volume":2000,"label":" ","price":14.06},{"type":"B","date":"2018-05-02T01:41:57.000Z","volume":600,"label":" ","price":14.06},{"type":"A","date":"2018-05-02T01:41:57.000Z","volume":200,"label":" ","price":14.08},{"type":"B","date":"2018-05-02T01:41:57.000Z","volume":200,"label":"Y","price":14.02},{"type":"B","date":"2018-05-02T01:41:57.000Z","volume":24000,"label":" ","price":14.02},{"type":"B","date":"2018-05-02T01:41:57.000Z","volume":1400,"label":"Y","price":14},{"type":"B","date":"2018-05-02T01:41:57.000Z","volume":124400,"label":" ","price":14},{"type":"A","date":"2018-05-02T01:41:58.000Z","volume":9600,"label":" ","price":14.08},{"type":"A","date":"2018-05-02T01:41:58.000Z","volume":13000,"label":" ","price":14.08},{"type":"A","date":"2018-05-02T01:41:58.000Z","volume":800,"label":" ","price":14.08},{"type":"A","date":"2018-05-02T01:41:58.000Z","volume":800,"label":" ","price":14.08},{"type":"A","date":"2018-05-02T01:41:58.000Z","volume":200,"label":" ","price":14.08},{"type":"B","date":"2018-05-02T01:42:03.000Z","volume":10000,"label":" ","price":14},{"type":"A","date":"2018-05-02T01:42:03.000Z","volume":800,"label":" ","price":14.08},{"type":"A","date":"2018-05-02T01:42:03.000Z","volume":600,"label":" ","price":14.08},{"type":"A","date":"2018-05-02T01:42:03.000Z","volume":200,"label":" ","price":14.08},{"type":"A","date":"2018-05-02T01:42:03.000Z","volume":200,"label":" ","price":14.08},{"type":"A","date":"2018-05-02T01:42:05.000Z","volume":3200,"label":" ","price":14.08},{"type":"A","date":"2018-05-02T01:42:06.000Z","volume":200,"label":" ","price":14.08},{"type":"A","date":"2018-05-02T01:42:06.000Z","volume":1400,"label":" ","price":14.08},{"type":"A","date":"2018-05-02T01:42:06.000Z","volume":400,"label":" ","price":14.08},{"type":"B","date":"2018-05-02T01:42:07.000Z","volume":10000,"label":"Y","price":14.06},{"type":"B","date":"2018-05-02T01:42:10.000Z","volume":1200,"label":" ","price":14.06},{"type":"A","date":"2018-05-02T01:42:10.000Z","volume":1600,"label":" ","price":14.08},{"type":"B","date":"2018-05-02T01:42:12.000Z","volume":10000,"label":"Y","price":14.08},{"type":"B","date":"2018-05-02T01:42:16.000Z","volume":10000,"label":"Y","price":14.08},{"type":"B","date":"2018-05-02T01:42:18.000Z","volume":2000,"label":" ","price":14.08},{"type":"B","date":"2018-05-02T01:42:21.000Z","volume":3200,"label":"Y","price":14.08},{"type":"B","date":"2018-05-02T01:42:21.000Z","volume":4000,"label":" ","price":14.08},{"type":"B","date":"2018-05-02T01:42:21.000Z","volume":2800,"label":"Y","price":14.06},{"type":"B","date":"2018-05-02T01:42:23.000Z","volume":800,"label":" ","price":14.08},{"type":"B","date":"2018-05-02T01:42:24.000Z","volume":8600,"label":" ","price":14.06},{"type":"A","date":"2018-05-02T01:42:24.000Z","volume":400,"label":" ","price":14.08},{"type":"A","date":"2018-05-02T01:42:24.000Z","volume":600,"label":" ","price":14.08},{"type":"A","date":"2018-05-02T01:42:24.000Z","volume":800,"label":" ","price":14.08},{"type":"A","date":"2018-05-02T01:42:25.000Z","volume":400,"label":" ","price":14.08},{"type":"A","date":"2018-05-02T01:42:25.000Z","volume":200,"label":" ","price":14.08},{"type":"A","date":"2018-05-02T01:42:25.000Z","volume":200,"label":" ","price":14.08},{"type":"B","date":"2018-05-02T01:42:27.000Z","volume":10000,"label":" ","price":14.02},{"type":"A","date":"2018-05-02T01:42:28.000Z","volume":800,"label":" ","price":14.06},{"type":"A","date":"2018-05-02T01:42:28.000Z","volume":600,"label":" ","price":14.06},{"type":"A","date":"2018-05-02T01:42:28.000Z","volume":400,"label":" ","price":14.06},{"type":"A","date":"2018-05-02T01:42:28.000Z","volume":200,"label":" ","price":14.06},{"type":"A","date":"2018-05-02T01:42:28.000Z","volume":200,"label":" ","price":14.06},{"type":"B","date":"2018-05-02T01:42:30.000Z","volume":11600,"label":" ","price":14},{"type":"A","date":"2018-05-02T01:42:30.000Z","volume":800,"label":" ","price":14},{"type":"A","date":"2018-05-02T01:42:30.000Z","volume":400,"label":" ","price":14},{"type":"A","date":"2018-05-02T01:42:30.000Z","volume":1000,"label":" ","price":14},{"type":"B","date":"2018-05-02T01:42:31.000Z","volume":7000,"label":" ","price":13.98},{"type":"B","date":"2018-05-02T01:42:31.000Z","volume":1600,"label":" ","price":13.98},{"type":"B","date":"2018-05-02T01:42:31.000Z","volume":200,"label":" ","price":13.98},{"type":"A","date":"2018-05-02T01:42:31.000Z","volume":400,"label":" ","price":13.98},{"type":"A","date":"2018-05-02T01:42:31.000Z","volume":600,"label":" ","price":13.98},{"type":"A","date":"2018-05-02T01:42:31.000Z","volume":800,"label":" ","price":13.98},{"type":"A","date":"2018-05-02T01:42:32.000Z","volume":200,"label":" ","price":13.98},{"type":"A","date":"2018-05-02T01:42:32.000Z","volume":4800,"label":" ","price":13.98},{"type":"A","date":"2018-05-02T01:42:32.000Z","volume":5200,"label":" ","price":14},{"type":"A","date":"2018-05-02T01:42:32.000Z","volume":200,"label":" ","price":14},{"type":"A","date":"2018-05-02T01:42:32.000Z","volume":1000,"label":" ","price":14},{"type":"A","date":"2018-05-02T01:42:32.000Z","volume":400,"label":" ","price":14},{"type":"A","date":"2018-05-02T01:42:32.000Z","volume":600,"label":" ","price":14},{"type":"U","date":"2018-05-02T01:42:41.000Z","volume":8000,"label":" ","price":13.94},{"type":"A","date":"2018-05-02T01:42:41.000Z","volume":800,"label":"Y","price":13.96},{"type":"A","date":"2018-05-02T01:42:41.000Z","volume":11200,"label":" ","price":13.96},{"type":"A","date":"2018-05-02T01:42:41.000Z","volume":200,"label":" ","price":14},{"type":"A","date":"2018-05-02T01:42:41.000Z","volume":400,"label":" ","price":14.08},{"type":"A","date":"2018-05-02T01:42:42.000Z","volume":400,"label":" ","price":14.06},{"type":"A","date":"2018-05-02T01:42:42.000Z","volume":400,"label":" ","price":14.06},{"type":"A","date":"2018-05-02T01:42:42.000Z","volume":600,"label":" ","price":14.08},{"type":"A","date":"2018-05-02T01:42:42.000Z","volume":1000,"label":" ","price":14.08},{"type":"A","date":"2018-05-02T01:42:42.000Z","volume":600,"label":" ","price":14.08},{"type":"A","date":"2018-05-02T01:42:42.000Z","volume":400,"label":" ","price":14.08},{"type":"A","date":"2018-05-02T01:42:42.000Z","volume":200,"label":" ","price":14.08},{"type":"A","date":"2018-05-02T01:42:42.000Z","volume":200,"label":" ","price":14.08},{"type":"A","date":"2018-05-02T01:42:42.000Z","volume":200,"label":" ","price":14.06},{"type":"A","date":"2018-05-02T01:42:43.000Z","volume":200,"label":" ","price":14.06},{"type":"A","date":"2018-05-02T01:42:43.000Z","volume":200,"label":" ","price":14.06},{"type":"B","date":"2018-05-02T01:42:49.000Z","volume":2000,"label":" ","price":13.92},{"type":"A","date":"2018-05-02T01:42:49.000Z","volume":200,"label":" ","price":14.04},{"type":"B","date":"2018-05-02T01:42:52.000Z","volume":2000,"label":" ","price":13.92},{"type":"A","date":"2018-05-02T01:42:52.000Z","volume":200,"label":" ","price":14.04},{"type":"A","date":"2018-05-02T01:42:52.000Z","volume":200,"label":" ","price":14.04},{"type":"A","date":"2018-05-02T01:42:52.000Z","volume":200,"label":" ","price":14.04},{"type":"A","date":"2018-05-02T01:42:52.000Z","volume":200,"label":" ","price":14.04},{"type":"B","date":"2018-05-02T01:42:54.000Z","volume":2000,"label":" ","price":13.92},{"type":"A","date":"2018-05-02T01:42:54.000Z","volume":200,"label":" ","price":14.02},{"type":"A","date":"2018-05-02T01:42:54.000Z","volume":200,"label":" ","price":14.02},{"type":"B","date":"2018-05-02T01:42:56.000Z","volume":2000,"label":" ","price":13.92},{"type":"A","date":"2018-05-02T01:42:57.000Z","volume":200,"label":" ","price":14},{"type":"A","date":"2018-05-02T01:42:57.000Z","volume":200,"label":" ","price":14},{"type":"A","date":"2018-05-02T01:42:57.000Z","volume":200,"label":" ","price":14},{"type":"A","date":"2018-05-02T01:42:57.000Z","volume":200,"label":" ","price":14},{"type":"B","date":"2018-05-02T01:43:01.000Z","volume":2000,"label":" ","price":13.92},{"type":"A","date":"2018-05-02T01:43:01.000Z","volume":200,"label":" ","price":14},{"type":"A","date":"2018-05-02T01:43:01.000Z","volume":200,"label":" ","price":14},{"type":"B","date":"2018-05-02T01:43:02.000Z","volume":23800,"label":" ","price":13.98},{"type":"A","date":"2018-05-02T01:43:03.000Z","volume":600,"label":"Y","price":14},{"type":"A","date":"2018-05-02T01:43:03.000Z","volume":400,"label":" ","price":14},{"type":"A","date":"2018-05-02T01:43:03.000Z","volume":1800,"label":"Y","price":14},{"type":"A","date":"2018-05-02T01:43:03.000Z","volume":200,"label":" ","price":14},{"type":"B","date":"2018-05-02T01:43:03.000Z","volume":2000,"label":"Y","price":13.98},{"type":"A","date":"2018-05-02T01:43:03.000Z","volume":1200,"label":" ","price":14},{"type":"A","date":"2018-05-02T01:43:03.000Z","volume":800,"label":" ","price":14},{"type":"A","date":"2018-05-02T01:43:03.000Z","volume":800,"label":"Y","price":14.04},{"type":"A","date":"2018-05-02T01:43:04.000Z","volume":200,"label":"Y","price":14.04},{"type":"A","date":"2018-05-02T01:43:04.000Z","volume":200,"label":"Y","price":14.04},{"type":"B","date":"2018-05-02T01:43:05.000Z","volume":2000,"label":"Y","price":13.98},{"type":"B","date":"2018-05-02T01:43:07.000Z","volume":2000,"label":"Y","price":14},{"type":"A","date":"2018-05-02T01:43:11.000Z","volume":3600,"label":" ","price":14.04},{"type":"A","date":"2018-05-02T01:43:11.000Z","volume":200,"label":"Y","price":14.04},{"type":"A","date":"2018-05-02T01:43:11.000Z","volume":200,"label":"Y","price":14.04},{"type":"A","date":"2018-05-02T01:43:11.000Z","volume":200,"label":"Y","price":14.04},{"type":"B","date":"2018-05-02T01:43:13.000Z","volume":1000,"label":"Y","price":14},{"type":"B","date":"2018-05-02T01:43:13.000Z","volume":4400,"label":" ","price":14},{"type":"B","date":"2018-05-02T01:43:13.000Z","volume":4600,"label":"Y","price":13.98},{"type":"A","date":"2018-05-02T01:43:14.000Z","volume":200,"label":"Y","price":14.04},{"type":"A","date":"2018-05-02T01:43:14.000Z","volume":400,"label":"Y","price":14.04},{"type":"A","date":"2018-05-02T01:43:14.000Z","volume":400,"label":"Y","price":14.04},{"type":"A","date":"2018-05-02T01:43:14.000Z","volume":200,"label":"Y","price":14.04},{"type":"B","date":"2018-05-02T01:43:19.000Z","volume":30000,"label":"Y","price":13.98},{"type":"B","date":"2018-05-02T01:43:19.000Z","volume":10000,"label":"Y","price":13.98},{"type":"B","date":"2018-05-02T01:43:20.000Z","volume":17200,"label":" ","price":13.98},{"type":"A","date":"2018-05-02T01:43:20.000Z","volume":1400,"label":" ","price":14.02},{"type":"A","date":"2018-05-02T01:43:20.000Z","volume":800,"label":" ","price":14.02},{"type":"A","date":"2018-05-02T01:43:20.000Z","volume":1000,"label":"Y","price":14.04},{"type":"A","date":"2018-05-02T01:43:20.000Z","volume":1000,"label":"Y","price":14.04},{"type":"A","date":"2018-05-02T01:43:20.000Z","volume":200,"label":"Y","price":14.04},{"type":"A","date":"2018-05-02T01:43:20.000Z","volume":200,"label":"Y","price":14.04},{"type":"A","date":"2018-05-02T01:43:22.000Z","volume":11000,"label":"Y","price":14.04},{"type":"A","date":"2018-05-02T01:43:22.000Z","volume":6000,"label":" ","price":14.04},{"type":"A","date":"2018-05-02T01:43:22.000Z","volume":400,"label":" ","price":14.04},{"type":"A","date":"2018-05-02T01:43:22.000Z","volume":400,"label":" ","price":14.04},{"type":"A","date":"2018-05-02T01:43:22.000Z","volume":200,"label":" ","price":14.04},{"type":"A","date":"2018-05-02T01:43:22.000Z","volume":200,"label":" ","price":14.04},{"type":"B","date":"2018-05-02T01:43:22.000Z","volume":1000,"label":" ","price":14},{"type":"B","date":"2018-05-02T01:43:22.000Z","volume":9000,"label":"Y","price":13.98},{"type":"A","date":"2018-05-02T01:43:22.000Z","volume":200,"label":" ","price":14.04},{"type":"A","date":"2018-05-02T01:43:22.000Z","volume":200,"label":" ","price":14.04},{"type":"A","date":"2018-05-02T01:43:22.000Z","volume":200,"label":" ","price":14.04},{"type":"B","date":"2018-05-02T01:43:26.000Z","volume":7800,"label":"Y","price":13.98},{"type":"B","date":"2018-05-02T01:43:26.000Z","volume":2200,"label":" ","price":13.98},{"type":"A","date":"2018-05-02T01:43:26.000Z","volume":200,"label":" ","price":14.02},{"type":"A","date":"2018-05-02T01:43:26.000Z","volume":200,"label":" ","price":14.02},{"type":"A","date":"2018-05-02T01:43:26.000Z","volume":200,"label":" ","price":14.02},{"type":"B","date":"2018-05-02T01:43:29.000Z","volume":1400,"label":" ","price":13.98},{"type":"B","date":"2018-05-02T01:43:29.000Z","volume":1200,"label":" ","price":13.96},{"type":"B","date":"2018-05-02T01:43:29.000Z","volume":1000,"label":" ","price":13.94},{"type":"B","date":"2018-05-02T01:43:29.000Z","volume":6400,"label":" ","price":13.92},{"type":"A","date":"2018-05-02T01:43:29.000Z","volume":1000,"label":" ","price":14.02},{"type":"A","date":"2018-05-02T01:43:29.000Z","volume":600,"label":" ","price":14.02},{"type":"A","date":"2018-05-02T01:43:29.000Z","volume":600,"label":" ","price":14.02},{"type":"A","date":"2018-05-02T01:43:29.000Z","volume":400,"label":" ","price":14.02},{"type":"A","date":"2018-05-02T01:43:30.000Z","volume":200,"label":" ","price":14.02},{"type":"A","date":"2018-05-02T01:43:30.000Z","volume":200,"label":" ","price":14.02},{"type":"A","date":"2018-05-02T01:43:36.000Z","volume":2000,"label":" ","price":14},{"type":"B","date":"2018-05-02T01:43:36.000Z","volume":5800,"label":" ","price":13.92},{"type":"B","date":"2018-05-02T01:43:36.000Z","volume":4200,"label":" ","price":13.9},{"type":"B","date":"2018-05-02T01:43:36.000Z","volume":11000,"label":" ","price":13.9},{"type":"U","date":"2018-05-02T01:43:36.000Z","volume":200,"label":" ","price":13.98},{"type":"A","date":"2018-05-02T01:43:36.000Z","volume":200,"label":" ","price":13.98},{"type":"A","date":"2018-05-02T01:43:36.000Z","volume":800,"label":" ","price":13.98},{"type":"A","date":"2018-05-02T01:43:36.000Z","volume":400,"label":" ","price":14},{"type":"A","date":"2018-05-02T01:43:36.000Z","volume":400,"label":" ","price":14},{"type":"A","date":"2018-05-02T01:43:36.000Z","volume":600,"label":" ","price":14},{"type":"A","date":"2018-05-02T01:43:36.000Z","volume":600,"label":" ","price":14},{"type":"A","date":"2018-05-02T01:43:36.000Z","volume":400,"label":" ","price":14.02},{"type":"A","date":"2018-05-02T01:43:36.000Z","volume":400,"label":"Y","price":14.04},{"type":"A","date":"2018-05-02T01:43:36.000Z","volume":200,"label":" ","price":14.04},{"type":"A","date":"2018-05-02T01:43:36.000Z","volume":800,"label":" ","price":14.02},{"type":"A","date":"2018-05-02T01:43:37.000Z","volume":600,"label":" ","price":14.02},{"type":"A","date":"2018-05-02T01:43:37.000Z","volume":200,"label":" ","price":14.02},{"type":"A","date":"2018-05-02T01:43:37.000Z","volume":200,"label":" ","price":14.02},{"type":"A","date":"2018-05-02T01:43:37.000Z","volume":200,"label":" ","price":14.02},{"type":"A","date":"2018-05-02T01:43:37.000Z","volume":200,"label":" ","price":14.02},{"type":"A","date":"2018-05-02T01:43:37.000Z","volume":200,"label":" ","price":14.02},{"type":"A","date":"2018-05-02T01:43:37.000Z","volume":200,"label":" ","price":14.02},{"type":"A","date":"2018-05-02T01:43:37.000Z","volume":200,"label":" ","price":14.02},{"type":"B","date":"2018-05-02T01:43:42.000Z","volume":200,"label":"Y","price":13.92},{"type":"B","date":"2018-05-02T01:43:42.000Z","volume":200,"label":" ","price":13.92},{"type":"A","date":"2018-05-02T01:43:42.000Z","volume":1600,"label":" ","price":13.92},{"type":"A","date":"2018-05-02T01:43:42.000Z","volume":200,"label":" ","price":14},{"type":"A","date":"2018-05-02T01:43:42.000Z","volume":3200,"label":" ","price":14},{"type":"A","date":"2018-05-02T01:43:42.000Z","volume":400,"label":" ","price":14.02},{"type":"A","date":"2018-05-02T01:43:42.000Z","volume":36800,"label":" ","price":14},{"type":"A","date":"2018-05-02T01:43:42.000Z","volume":200,"label":" ","price":14.02},{"type":"A","date":"2018-05-02T01:43:42.000Z","volume":200,"label":" ","price":14.02},{"type":"A","date":"2018-05-02T01:43:42.000Z","volume":200,"label":" ","price":14.02},{"type":"A","date":"2018-05-02T01:43:42.000Z","volume":200,"label":" ","price":14.02},{"type":"A","date":"2018-05-02T01:43:42.000Z","volume":3200,"label":" ","price":14.02},{"type":"A","date":"2018-05-02T01:43:42.000Z","volume":1600,"label":" ","price":14.02},{"type":"A","date":"2018-05-02T01:43:42.000Z","volume":2400,"label":" ","price":14.02},{"type":"A","date":"2018-05-02T01:43:42.000Z","volume":2000,"label":" ","price":14.02},{"type":"A","date":"2018-05-02T01:43:43.000Z","volume":400,"label":" ","price":14.02},{"type":"A","date":"2018-05-02T01:43:43.000Z","volume":200,"label":" ","price":14.02},{"type":"A","date":"2018-05-02T01:43:43.000Z","volume":200,"label":" ","price":14.02},{"type":"A","date":"2018-05-02T01:43:43.000Z","volume":200,"label":" ","price":14.02},{"type":"A","date":"2018-05-02T01:43:43.000Z","volume":200,"label":" ","price":14.02},{"type":"A","date":"2018-05-02T01:43:43.000Z","volume":200,"label":" ","price":14.02},{"type":"A","date":"2018-05-02T01:43:43.000Z","volume":200,"label":" ","price":14.02},{"type":"A","date":"2018-05-02T01:43:43.000Z","volume":200,"label":" ","price":14.02},{"type":"A","date":"2018-05-02T01:43:43.000Z","volume":200,"label":" ","price":14.02},{"type":"A","date":"2018-05-02T01:43:43.000Z","volume":200,"label":" ","price":14.02},{"type":"B","date":"2018-05-02T01:43:48.000Z","volume":8800,"label":" ","price":13.9},{"type":"A","date":"2018-05-02T01:43:48.000Z","volume":800,"label":" ","price":14.02},{"type":"A","date":"2018-05-02T01:43:48.000Z","volume":600,"label":" ","price":14.02},{"type":"A","date":"2018-05-02T01:43:48.000Z","volume":600,"label":" ","price":14.02},{"type":"A","date":"2018-05-02T01:43:48.000Z","volume":400,"label":"Y","price":14.04},{"type":"A","date":"2018-05-02T01:44:07.000Z","volume":3000,"label":" ","price":14.02},{"type":"A","date":"2018-05-02T01:44:07.000Z","volume":200,"label":" ","price":14.02},{"type":"A","date":"2018-05-02T01:44:07.000Z","volume":400,"label":" ","price":14.02},{"type":"A","date":"2018-05-02T01:44:07.000Z","volume":200,"label":" ","price":14.02},{"type":"A","date":"2018-05-02T01:44:07.000Z","volume":200,"label":" ","price":14.02},{"type":"A","date":"2018-05-02T01:44:07.000Z","volume":200,"label":"Y","price":13.96},{"type":"B","date":"2018-05-02T01:44:08.000Z","volume":10600,"label":" ","price":13.9},{"type":"A","date":"2018-05-02T01:44:09.000Z","volume":600,"label":" ","price":13.9},{"type":"A","date":"2018-05-02T01:44:09.000Z","volume":600,"label":" ","price":13.9},{"type":"A","date":"2018-05-02T01:44:09.000Z","volume":1000,"label":" ","price":13.9},{"type":"A","date":"2018-05-02T01:44:09.000Z","volume":400,"label":" ","price":13.9},{"type":"A","date":"2018-05-02T01:44:09.000Z","volume":200,"label":" ","price":13.9},{"type":"B","date":"2018-05-02T01:44:10.000Z","volume":10800,"label":" ","price":13.88},{"type":"A","date":"2018-05-02T01:44:11.000Z","volume":600,"label":" ","price":13.9},{"type":"A","date":"2018-05-02T01:44:11.000Z","volume":400,"label":" ","price":13.9},{"type":"A","date":"2018-05-02T01:44:11.000Z","volume":600,"label":" ","price":13.92},{"type":"A","date":"2018-05-02T01:44:11.000Z","volume":400,"label":" ","price":13.92},{"type":"A","date":"2018-05-02T01:44:11.000Z","volume":200,"label":"Y","price":13.96},{"type":"A","date":"2018-05-02T01:44:11.000Z","volume":600,"label":"Y","price":13.96},{"type":"A","date":"2018-05-02T01:44:11.000Z","volume":200,"label":"Y","price":13.96},{"type":"A","date":"2018-05-02T01:44:19.000Z","volume":12400,"label":" ","price":13.94},{"type":"A","date":"2018-05-02T01:44:19.000Z","volume":600,"label":" ","price":13.96},{"type":"A","date":"2018-05-02T01:44:19.000Z","volume":600,"label":"Y","price":13.96},{"type":"A","date":"2018-05-02T01:44:19.000Z","volume":800,"label":"Y","price":13.96},{"type":"A","date":"2018-05-02T01:44:19.000Z","volume":1200,"label":"Y","price":13.96},{"type":"A","date":"2018-05-02T01:44:19.000Z","volume":600,"label":"Y","price":13.96},{"type":"B","date":"2018-05-02T01:44:23.000Z","volume":19600,"label":" ","price":13.94},{"type":"A","date":"2018-05-02T01:44:23.000Z","volume":800,"label":" ","price":13.94},{"type":"A","date":"2018-05-02T01:44:23.000Z","volume":1400,"label":"Y","price":13.96},{"type":"A","date":"2018-05-02T01:44:23.000Z","volume":1000,"label":" ","price":13.96},{"type":"A","date":"2018-05-02T01:44:23.000Z","volume":1000,"label":"Y","price":13.96},{"type":"A","date":"2018-05-02T01:44:23.000Z","volume":1600,"label":"Y","price":13.96},{"type":"B","date":"2018-05-02T01:44:31.000Z","volume":400,"label":" ","price":13.94},{"type":"B","date":"2018-05-02T01:44:31.000Z","volume":800,"label":" ","price":13.92},{"type":"B","date":"2018-05-02T01:44:31.000Z","volume":2800,"label":" ","price":13.9},{"type":"B","date":"2018-05-02T01:44:31.000Z","volume":12400,"label":" ","price":13.88},{"type":"B","date":"2018-05-02T01:44:31.000Z","volume":3000,"label":" ","price":13.86},{"type":"B","date":"2018-05-02T01:44:31.000Z","volume":5200,"label":" ","price":13.84},{"type":"A","date":"2018-05-02T01:44:31.000Z","volume":1600,"label":"Y","price":13.96},{"type":"A","date":"2018-05-02T01:44:31.000Z","volume":400,"label":"Y","price":13.96},{"type":"A","date":"2018-05-02T01:44:31.000Z","volume":1800,"label":" ","price":13.96},{"type":"A","date":"2018-05-02T01:44:31.000Z","volume":1000,"label":" ","price":13.96},{"type":"A","date":"2018-05-02T01:44:31.000Z","volume":200,"label":" ","price":14.02},{"type":"B","date":"2018-05-02T01:44:39.000Z","volume":3200,"label":" ","price":14},{"type":"B","date":"2018-05-02T01:44:41.000Z","volume":1400,"label":" ","price":13.98},{"type":"B","date":"2018-05-02T01:44:57.000Z","volume":1400,"label":" ","price":13.98},{"type":"A","date":"2018-05-02T01:44:58.000Z","volume":200,"label":" ","price":13.98},{"type":"A","date":"2018-05-02T01:44:58.000Z","volume":200,"label":" ","price":13.98},{"type":"A","date":"2018-05-02T01:44:58.000Z","volume":200,"label":" ","price":13.98},{"type":"A","date":"2018-05-02T01:44:58.000Z","volume":200,"label":" ","price":13.98},{"type":"B","date":"2018-05-02T01:44:58.000Z","volume":200,"label":" ","price":13.96},{"type":"A","date":"2018-05-02T01:45:07.000Z","volume":2000,"label":" ","price":13.96},{"type":"A","date":"2018-05-02T01:45:07.000Z","volume":200,"label":" ","price":13.96},{"type":"A","date":"2018-05-02T01:45:07.000Z","volume":200,"label":" ","price":13.96},{"type":"A","date":"2018-05-02T01:45:08.000Z","volume":200,"label":" ","price":13.96},{"type":"B","date":"2018-05-02T01:45:13.000Z","volume":30400,"label":" ","price":13.94},{"type":"A","date":"2018-05-02T01:45:14.000Z","volume":800,"label":" ","price":13.94},{"type":"A","date":"2018-05-02T01:45:14.000Z","volume":400,"label":" ","price":13.96},{"type":"A","date":"2018-05-02T01:45:14.000Z","volume":2000,"label":" ","price":13.96},{"type":"A","date":"2018-05-02T01:45:14.000Z","volume":1400,"label":" ","price":13.96},{"type":"A","date":"2018-05-02T01:45:14.000Z","volume":1600,"label":" ","price":13.96},{"type":"A","date":"2018-05-02T01:45:14.000Z","volume":2600,"label":" ","price":13.96},{"type":"A","date":"2018-05-02T01:45:14.000Z","volume":600,"label":" ","price":13.96},{"type":"A","date":"2018-05-02T01:45:14.000Z","volume":200,"label":" ","price":13.96},{"type":"A","date":"2018-05-02T01:45:14.000Z","volume":200,"label":" ","price":13.96},{"type":"A","date":"2018-05-02T01:45:14.000Z","volume":400,"label":" ","price":13.96},{"type":"A","date":"2018-05-02T01:45:14.000Z","volume":200,"label":" ","price":13.96},{"type":"A","date":"2018-05-02T01:45:15.000Z","volume":200,"label":" ","price":13.96},{"type":"U","date":"2018-05-02T01:45:15.000Z","volume":200,"label":" ","price":13.98},{"type":"A","date":"2018-05-02T01:45:19.000Z","volume":11400,"label":" ","price":13.96},{"type":"A","date":"2018-05-02T01:45:19.000Z","volume":2000,"label":"Y","price":14.02},{"type":"A","date":"2018-05-02T01:45:19.000Z","volume":17800,"label":" ","price":14.02},{"type":"A","date":"2018-05-02T01:45:19.000Z","volume":6800,"label":"Y","price":14.04},{"type":"B","date":"2018-05-02T01:45:30.000Z","volume":6800,"label":" ","price":13.98},{"type":"A","date":"2018-05-02T01:45:30.000Z","volume":400,"label":" ","price":13.98},{"type":"A","date":"2018-05-02T01:45:30.000Z","volume":200,"label":" ","price":13.98},{"type":"A","date":"2018-05-02T01:45:30.000Z","volume":200,"label":" ","price":13.98},{"type":"A","date":"2018-05-02T01:45:31.000Z","volume":800,"label":" ","price":13.98},{"type":"B","date":"2018-05-02T01:45:31.000Z","volume":200,"label":" ","price":13.96},{"type":"A","date":"2018-05-02T01:45:38.000Z","volume":8000,"label":" ","price":14},{"type":"B","date":"2018-05-02T01:45:50.000Z","volume":11400,"label":" ","price":14},{"type":"A","date":"2018-05-02T01:45:50.000Z","volume":200,"label":" ","price":14},{"type":"B","date":"2018-05-02T01:45:51.000Z","volume":2600,"label":" ","price":13.98},{"type":"B","date":"2018-05-02T01:45:57.000Z","volume":2000,"label":" ","price":13.98},{"type":"U","date":"2018-05-02T01:46:06.000Z","volume":3600,"label":" ","price":14},{"type":"A","date":"2018-05-02T01:46:06.000Z","volume":16400,"label":" ","price":14.02},{"type":"A","date":"2018-05-02T01:46:07.000Z","volume":2400,"label":"Y","price":14.02},{"type":"B","date":"2018-05-02T01:46:07.000Z","volume":6800,"label":" ","price":13.98},{"type":"A","date":"2018-05-02T01:46:07.000Z","volume":200,"label":" ","price":13.98},{"type":"A","date":"2018-05-02T01:46:07.000Z","volume":400,"label":" ","price":13.98},{"type":"A","date":"2018-05-02T01:46:07.000Z","volume":200,"label":" ","price":13.98},{"type":"A","date":"2018-05-02T01:46:08.000Z","volume":200,"label":" ","price":13.98},{"type":"A","date":"2018-05-02T01:46:08.000Z","volume":200,"label":" ","price":13.98},{"type":"A","date":"2018-05-02T01:46:08.000Z","volume":600,"label":" ","price":13.98},{"type":"A","date":"2018-05-02T01:46:27.000Z","volume":2800,"label":"Y","price":14.02},{"type":"A","date":"2018-05-02T01:46:27.000Z","volume":7200,"label":" ","price":14.02},{"type":"B","date":"2018-05-02T01:46:28.000Z","volume":2400,"label":" ","price":13.98},{"type":"A","date":"2018-05-02T01:46:29.000Z","volume":200,"label":" ","price":13.98},{"type":"A","date":"2018-05-02T01:46:29.000Z","volume":200,"label":" ","price":13.98},{"type":"A","date":"2018-05-02T01:46:29.000Z","volume":600,"label":" ","price":13.98},{"type":"A","date":"2018-05-02T01:46:40.000Z","volume":16400,"label":" ","price":14.02},{"type":"A","date":"2018-05-02T01:46:40.000Z","volume":39600,"label":" ","price":14.04},{"type":"B","date":"2018-05-02T01:46:43.000Z","volume":24000,"label":" ","price":14.02},{"type":"A","date":"2018-05-02T01:46:45.000Z","volume":3600,"label":" ","price":14.04},{"type":"B","date":"2018-05-02T01:46:51.000Z","volume":7200,"label":" ","price":14.02},{"type":"A","date":"2018-05-02T01:46:59.000Z","volume":10200,"label":" ","price":14.04},{"type":"A","date":"2018-05-02T01:46:59.000Z","volume":19800,"label":" ","price":14.06},{"type":"A","date":"2018-05-02T01:46:59.000Z","volume":400,"label":" ","price":14.06},{"type":"B","date":"2018-05-02T01:47:00.000Z","volume":10800,"label":" ","price":13.98},{"type":"A","date":"2018-05-02T01:47:07.000Z","volume":2400,"label":" ","price":14.06},{"type":"B","date":"2018-05-02T01:47:14.000Z","volume":14200,"label":" ","price":14.04},{"type":"A","date":"2018-05-02T01:47:30.000Z","volume":9000,"label":" ","price":14.06},{"type":"B","date":"2018-05-02T01:47:34.000Z","volume":12800,"label":" ","price":14.04},{"type":"A","date":"2018-05-02T01:47:34.000Z","volume":1600,"label":" ","price":14.06},{"type":"A","date":"2018-05-02T01:47:34.000Z","volume":7000,"label":" ","price":14.08},{"type":"A","date":"2018-05-02T01:47:34.000Z","volume":21400,"label":" ","price":14.1},{"type":"A","date":"2018-05-02T01:47:47.000Z","volume":27800,"label":" ","price":14.1},{"type":"A","date":"2018-05-02T01:47:47.000Z","volume":12200,"label":" ","price":14.12},{"type":"B","date":"2018-05-02T01:47:55.000Z","volume":9200,"label":" ","price":14.1},{"type":"A","date":"2018-05-02T01:47:56.000Z","volume":1400,"label":" ","price":14.12},{"type":"A","date":"2018-05-02T01:48:03.000Z","volume":3000,"label":" ","price":14.12},{"type":"A","date":"2018-05-02T01:48:04.000Z","volume":400,"label":" ","price":14.12},{"type":"A","date":"2018-05-02T01:48:05.000Z","volume":800,"label":" ","price":14.12},{"type":"A","date":"2018-05-02T01:48:07.000Z","volume":2200,"label":"Y","price":14.12},{"type":"A","date":"2018-05-02T01:48:07.000Z","volume":200,"label":" ","price":14.12},{"type":"A","date":"2018-05-02T01:48:08.000Z","volume":200,"label":" ","price":14.12},{"type":"A","date":"2018-05-02T01:48:14.000Z","volume":11000,"label":" ","price":14.12},{"type":"B","date":"2018-05-02T01:48:16.000Z","volume":11800,"label":" ","price":14.12},{"type":"A","date":"2018-05-02T01:48:21.000Z","volume":200,"label":" ","price":14.14},{"type":"U","date":"2018-05-02T01:48:24.000Z","volume":600,"label":"X","price":14.12},{"type":"B","date":"2018-05-02T01:48:25.000Z","volume":600,"label":" ","price":14.12},{"type":"B","date":"2018-05-02T01:48:25.000Z","volume":4800,"label":" ","price":14.12},{"type":"B","date":"2018-05-02T01:48:25.000Z","volume":13800,"label":" ","price":14.12},{"type":"B","date":"2018-05-02T01:48:25.000Z","volume":600,"label":" ","price":14.1},{"type":"B","date":"2018-05-02T01:48:26.000Z","volume":16400,"label":" ","price":14.1},{"type":"B","date":"2018-05-02T01:48:32.000Z","volume":16200,"label":" ","price":14.1},{"type":"A","date":"2018-05-02T01:48:41.000Z","volume":5000,"label":" ","price":14.12},{"type":"A","date":"2018-05-02T01:48:46.000Z","volume":4800,"label":" ","price":14.12},{"type":"A","date":"2018-05-02T01:48:47.000Z","volume":1800,"label":" ","price":14.12},{"type":"A","date":"2018-05-02T01:48:47.000Z","volume":18200,"label":"Y","price":14.14},{"type":"A","date":"2018-05-02T01:48:52.000Z","volume":3200,"label":" ","price":14.14},{"type":"B","date":"2018-05-02T01:48:52.000Z","volume":11200,"label":" ","price":14.14},{"type":"B","date":"2018-05-02T01:48:52.000Z","volume":6000,"label":" ","price":14.14},{"type":"A","date":"2018-05-02T01:49:02.000Z","volume":5000,"label":"Y","price":14.16},{"type":"A","date":"2018-05-02T01:49:07.000Z","volume":25400,"label":"Y","price":14.16},{"type":"A","date":"2018-05-02T01:49:07.000Z","volume":17600,"label":" ","price":14.16},{"type":"B","date":"2018-05-02T01:49:29.000Z","volume":2000,"label":" ","price":14.16},{"type":"B","date":"2018-05-02T01:49:33.000Z","volume":9000,"label":" ","price":14.16},{"type":"A","date":"2018-05-02T01:49:34.000Z","volume":1000,"label":" ","price":14.16},{"type":"B","date":"2018-05-02T01:49:35.000Z","volume":1800,"label":" ","price":14.16},{"type":"B","date":"2018-05-02T01:49:35.000Z","volume":2000,"label":" ","price":14.16},{"type":"A","date":"2018-05-02T01:49:35.000Z","volume":2000,"label":" ","price":14.16},{"type":"A","date":"2018-05-02T01:49:39.000Z","volume":14600,"label":" ","price":14.16},{"type":"A","date":"2018-05-02T01:49:39.000Z","volume":3400,"label":"Y","price":14.18},{"type":"A","date":"2018-05-02T01:49:39.000Z","volume":6400,"label":" ","price":14.18},{"type":"A","date":"2018-05-02T01:49:39.000Z","volume":1000,"label":" ","price":14.18},{"type":"A","date":"2018-05-02T01:49:40.000Z","volume":5000,"label":" ","price":14.18},{"type":"A","date":"2018-05-02T01:49:49.000Z","volume":5000,"label":" ","price":14.18},{"type":"A","date":"2018-05-02T01:49:52.000Z","volume":7200,"label":" ","price":14.18},{"type":"B","date":"2018-05-02T01:49:58.000Z","volume":3200,"label":" ","price":14.18},{"type":"A","date":"2018-05-02T01:50:09.000Z","volume":2800,"label":" ","price":14.2},{"type":"A","date":"2018-05-02T01:50:10.000Z","volume":2000,"label":"Y","price":14.2},{"type":"A","date":"2018-05-02T01:50:10.000Z","volume":18000,"label":" ","price":14.2},{"type":"A","date":"2018-05-02T01:50:11.000Z","volume":5000,"label":" ","price":14.2},{"type":"B","date":"2018-05-02T01:50:32.000Z","volume":12000,"label":" ","price":14.18},{"type":"A","date":"2018-05-02T01:50:34.000Z","volume":600,"label":"Y","price":14.18},{"type":"B","date":"2018-05-02T01:50:35.000Z","volume":6000,"label":" ","price":14.16},{"type":"B","date":"2018-05-02T01:50:35.000Z","volume":4000,"label":" ","price":14.16},{"type":"B","date":"2018-05-02T01:50:49.000Z","volume":200,"label":" ","price":14.12},{"type":"A","date":"2018-05-02T01:50:50.000Z","volume":17400,"label":" ","price":14.16},{"type":"A","date":"2018-05-02T01:50:50.000Z","volume":9800,"label":"Y","price":14.18},{"type":"A","date":"2018-05-02T01:50:50.000Z","volume":2800,"label":" ","price":14.18},{"type":"A","date":"2018-05-02T01:50:55.000Z","volume":200,"label":" ","price":14.18},{"type":"A","date":"2018-05-02T01:50:59.000Z","volume":21400,"label":" ","price":14.18},{"type":"A","date":"2018-05-02T01:50:59.000Z","volume":29000,"label":" ","price":14.2},{"type":"A","date":"2018-05-02T01:51:09.000Z","volume":1000,"label":"Y","price":14.2},{"type":"A","date":"2018-05-02T01:51:09.000Z","volume":1000,"label":" ","price":14.2},{"type":"A","date":"2018-05-02T01:51:12.000Z","volume":1200,"label":" ","price":14.2},{"type":"A","date":"2018-05-02T01:51:12.000Z","volume":8800,"label":" ","price":14.2},{"type":"B","date":"2018-05-02T01:51:12.000Z","volume":400,"label":" ","price":14.2},{"type":"A","date":"2018-05-02T01:51:12.000Z","volume":600,"label":" ","price":14.2},{"type":"A","date":"2018-05-02T01:51:13.000Z","volume":4400,"label":" ","price":14.2},{"type":"A","date":"2018-05-02T01:51:13.000Z","volume":45600,"label":" ","price":14.22},{"type":"B","date":"2018-05-02T01:51:42.000Z","volume":2000,"label":" ","price":14.2},{"type":"B","date":"2018-05-02T01:51:42.000Z","volume":6800,"label":" ","price":14.2},{"type":"B","date":"2018-05-02T01:51:57.000Z","volume":3000,"label":" ","price":14.16},{"type":"A","date":"2018-05-02T01:52:05.000Z","volume":2000,"label":" ","price":14.18},{"type":"A","date":"2018-05-02T01:52:09.000Z","volume":2200,"label":" ","price":14.18},{"type":"A","date":"2018-05-02T01:52:27.000Z","volume":6800,"label":" ","price":14.18},{"type":"A","date":"2018-05-02T01:52:48.000Z","volume":200,"label":" ","price":14.18},{"type":"A","date":"2018-05-02T01:53:05.000Z","volume":400,"label":" ","price":14.18},{"type":"A","date":"2018-05-02T01:53:05.000Z","volume":5800,"label":" ","price":14.18},{"type":"A","date":"2018-05-02T01:53:05.000Z","volume":400,"label":" ","price":14.18},{"type":"A","date":"2018-05-02T01:53:09.000Z","volume":2000,"label":" ","price":14.18},{"type":"B","date":"2018-05-02T01:53:09.000Z","volume":400,"label":" ","price":14.18},{"type":"B","date":"2018-05-02T01:53:09.000Z","volume":400,"label":" ","price":14.18},{"type":"A","date":"2018-05-02T01:53:15.000Z","volume":200,"label":" ","price":14.2},{"type":"B","date":"2018-05-02T01:53:25.000Z","volume":7800,"label":" ","price":14.18},{"type":"B","date":"2018-05-02T01:53:25.000Z","volume":2600,"label":" ","price":14.18},{"type":"B","date":"2018-05-02T01:53:33.000Z","volume":6000,"label":" ","price":14.16},{"type":"B","date":"2018-05-02T01:53:33.000Z","volume":2000,"label":" ","price":14.14},{"type":"B","date":"2018-05-02T01:53:45.000Z","volume":4800,"label":" ","price":14.14},{"type":"B","date":"2018-05-02T01:53:50.000Z","volume":200,"label":" ","price":14.14},{"type":"A","date":"2018-05-02T01:54:08.000Z","volume":200,"label":" ","price":14.16},{"type":"A","date":"2018-05-02T01:54:09.000Z","volume":4400,"label":" ","price":14.16},{"type":"A","date":"2018-05-02T01:54:09.000Z","volume":3000,"label":" ","price":14.18},{"type":"A","date":"2018-05-02T01:54:09.000Z","volume":2000,"label":"Y","price":14.18},{"type":"A","date":"2018-05-02T01:54:09.000Z","volume":5400,"label":"Y","price":14.2},{"type":"B","date":"2018-05-02T01:54:21.000Z","volume":2000,"label":" ","price":14.16},{"type":"A","date":"2018-05-02T01:54:25.000Z","volume":200,"label":" ","price":14.18},{"type":"A","date":"2018-05-02T01:54:30.000Z","volume":400,"label":" ","price":14.18},{"type":"A","date":"2018-05-02T01:54:40.000Z","volume":400,"label":" ","price":14.18},{"type":"A","date":"2018-05-02T01:54:45.000Z","volume":600,"label":" ","price":14.18},{"type":"A","date":"2018-05-02T01:55:00.000Z","volume":600,"label":" ","price":14.18},{"type":"A","date":"2018-05-02T01:55:10.000Z","volume":600,"label":" ","price":14.18},{"type":"A","date":"2018-05-02T01:55:10.000Z","volume":2400,"label":"Y","price":14.18},{"type":"A","date":"2018-05-02T01:55:15.000Z","volume":200,"label":" ","price":14.18},{"type":"A","date":"2018-05-02T01:55:19.000Z","volume":400,"label":" ","price":14.18},{"type":"A","date":"2018-05-02T01:55:27.000Z","volume":400,"label":" ","price":14.18},{"type":"A","date":"2018-05-02T01:55:53.000Z","volume":600,"label":" ","price":14.18},{"type":"A","date":"2018-05-02T01:56:00.000Z","volume":600,"label":" ","price":14.18},{"type":"A","date":"2018-05-02T01:56:10.000Z","volume":400,"label":" ","price":14.18},{"type":"A","date":"2018-05-02T01:56:10.000Z","volume":3000,"label":"Y","price":14.18},{"type":"B","date":"2018-05-02T01:56:13.000Z","volume":10000,"label":" ","price":14.16},{"type":"B","date":"2018-05-02T01:56:13.000Z","volume":200,"label":"Y","price":14.16},{"type":"B","date":"2018-05-02T01:56:13.000Z","volume":4600,"label":" ","price":14.16},{"type":"B","date":"2018-05-02T01:56:13.000Z","volume":11800,"label":" ","price":14.16},{"type":"B","date":"2018-05-02T01:56:13.000Z","volume":200,"label":" ","price":14.16},{"type":"B","date":"2018-05-02T01:56:14.000Z","volume":200,"label":"Y","price":14.14},{"type":"B","date":"2018-05-02T01:56:14.000Z","volume":4600,"label":" ","price":14.14},{"type":"B","date":"2018-05-02T01:56:14.000Z","volume":5600,"label":" ","price":14.14},{"type":"A","date":"2018-05-02T01:56:20.000Z","volume":200,"label":" ","price":14.14},{"type":"A","date":"2018-05-02T01:56:33.000Z","volume":4600,"label":" ","price":14.14},{"type":"A","date":"2018-05-02T01:56:33.000Z","volume":23800,"label":"Y","price":14.16},{"type":"A","date":"2018-05-02T01:56:33.000Z","volume":1600,"label":" ","price":14.16},{"type":"A","date":"2018-05-02T01:56:36.000Z","volume":2000,"label":" ","price":14.16},{"type":"A","date":"2018-05-02T01:56:41.000Z","volume":10000,"label":" ","price":14.16},{"type":"A","date":"2018-05-02T01:57:10.000Z","volume":1800,"label":" ","price":14.16},{"type":"A","date":"2018-05-02T01:57:10.000Z","volume":400,"label":" ","price":14.16},{"type":"A","date":"2018-05-02T01:57:10.000Z","volume":400,"label":" ","price":14.16},{"type":"A","date":"2018-05-02T01:57:10.000Z","volume":1600,"label":" ","price":14.16},{"type":"A","date":"2018-05-02T01:57:11.000Z","volume":200,"label":" ","price":14.16},{"type":"A","date":"2018-05-02T01:57:11.000Z","volume":2000,"label":" ","price":14.16},{"type":"A","date":"2018-05-02T01:57:52.000Z","volume":600,"label":" ","price":14.18},{"type":"A","date":"2018-05-02T01:58:00.000Z","volume":400,"label":" ","price":14.18},{"type":"A","date":"2018-05-02T01:58:02.000Z","volume":400,"label":" ","price":14.18},{"type":"A","date":"2018-05-02T01:58:10.000Z","volume":600,"label":" ","price":14.18},{"type":"A","date":"2018-05-02T01:58:11.000Z","volume":10000,"label":" ","price":14.18},{"type":"A","date":"2018-05-02T01:58:11.000Z","volume":1800,"label":"Y","price":14.18},{"type":"A","date":"2018-05-02T01:58:17.000Z","volume":17800,"label":"Y","price":14.18},{"type":"A","date":"2018-05-02T01:58:17.000Z","volume":1800,"label":" ","price":14.18},{"type":"B","date":"2018-05-02T01:58:17.000Z","volume":200,"label":" ","price":14.18},{"type":"A","date":"2018-05-02T01:58:17.000Z","volume":200,"label":" ","price":14.2},{"type":"A","date":"2018-05-02T01:58:17.000Z","volume":1000,"label":" ","price":14.2},{"type":"A","date":"2018-05-02T01:58:18.000Z","volume":7000,"label":" ","price":14.2},{"type":"A","date":"2018-05-02T01:58:21.000Z","volume":600,"label":" ","price":14.2},{"type":"A","date":"2018-05-02T01:58:32.000Z","volume":400,"label":" ","price":14.2},{"type":"B","date":"2018-05-02T01:58:33.000Z","volume":9000,"label":" ","price":14.18},{"type":"B","date":"2018-05-02T01:59:02.000Z","volume":2000,"label":" ","price":14.18},{"type":"B","date":"2018-05-02T01:59:09.000Z","volume":3000,"label":"Y","price":14.18},{"type":"B","date":"2018-05-02T01:59:09.000Z","volume":12400,"label":" ","price":14.18},{"type":"A","date":"2018-05-02T01:59:12.000Z","volume":3000,"label":"Y","price":14.18},{"type":"A","date":"2018-05-02T01:59:14.000Z","volume":20000,"label":" ","price":14.18},{"type":"A","date":"2018-05-02T01:59:22.000Z","volume":11600,"label":"Y","price":14.18},{"type":"A","date":"2018-05-02T01:59:22.000Z","volume":600,"label":" ","price":14.18},{"type":"A","date":"2018-05-02T01:59:22.000Z","volume":30000,"label":"Y","price":14.2},{"type":"A","date":"2018-05-02T01:59:22.000Z","volume":200,"label":" ","price":14.2},{"type":"A","date":"2018-05-02T01:59:22.000Z","volume":800,"label":" ","price":14.18},{"type":"A","date":"2018-05-02T01:59:37.000Z","volume":26200,"label":"Y","price":14.18},{"type":"A","date":"2018-05-02T01:59:37.000Z","volume":1800,"label":" ","price":14.18},{"type":"B","date":"2018-05-02T01:59:48.000Z","volume":200,"label":" ","price":14.16},{"type":"A","date":"2018-05-02T02:00:09.000Z","volume":11600,"label":" ","price":14.18},{"type":"A","date":"2018-05-02T02:00:12.000Z","volume":2000,"label":"Y","price":14.18},{"type":"A","date":"2018-05-02T02:00:22.000Z","volume":400,"label":" ","price":14.18},{"type":"A","date":"2018-05-02T02:00:26.000Z","volume":400,"label":" ","price":14.18},{"type":"A","date":"2018-05-02T02:00:33.000Z","volume":400,"label":" ","price":14.18},{"type":"A","date":"2018-05-02T02:00:33.000Z","volume":200,"label":" ","price":14.18},{"type":"A","date":"2018-05-02T02:00:37.000Z","volume":400,"label":" ","price":14.18},{"type":"A","date":"2018-05-02T02:00:41.000Z","volume":1000,"label":" ","price":14.18},{"type":"A","date":"2018-05-02T02:00:47.000Z","volume":400,"label":" ","price":14.18},{"type":"A","date":"2018-05-02T02:00:47.000Z","volume":600,"label":" ","price":14.18},{"type":"B","date":"2018-05-02T02:00:51.000Z","volume":15800,"label":" ","price":14.16},{"type":"B","date":"2018-05-02T02:00:52.000Z","volume":200,"label":"Y","price":14.14},{"type":"B","date":"2018-05-02T02:00:52.000Z","volume":4600,"label":" ","price":14.14},{"type":"B","date":"2018-05-02T02:00:52.000Z","volume":600,"label":"Y","price":14.14},{"type":"B","date":"2018-05-02T02:00:52.000Z","volume":4800,"label":" ","price":14.14},{"type":"U","date":"2018-05-02T02:00:52.000Z","volume":200,"label":" ","price":14.14},{"type":"A","date":"2018-05-02T02:01:12.000Z","volume":2200,"label":"Y","price":14.16},{"type":"A","date":"2018-05-02T02:01:37.000Z","volume":200,"label":" ","price":14.14},{"type":"A","date":"2018-05-02T02:01:37.000Z","volume":400,"label":" ","price":14.14},{"type":"A","date":"2018-05-02T02:01:37.000Z","volume":600,"label":" ","price":14.14},{"type":"A","date":"2018-05-02T02:01:37.000Z","volume":1000,"label":" ","price":14.14},{"type":"A","date":"2018-05-02T02:01:37.000Z","volume":200,"label":" ","price":14.14},{"type":"A","date":"2018-05-02T02:02:00.000Z","volume":200,"label":" ","price":14.14},{"type":"A","date":"2018-05-02T02:02:00.000Z","volume":200,"label":" ","price":14.14},{"type":"A","date":"2018-05-02T02:02:09.000Z","volume":200,"label":" ","price":14.14},{"type":"A","date":"2018-05-02T02:02:12.000Z","volume":800,"label":" ","price":14.14},{"type":"A","date":"2018-05-02T02:02:16.000Z","volume":400,"label":" ","price":14.16},{"type":"A","date":"2018-05-02T02:02:16.000Z","volume":400,"label":" ","price":14.16},{"type":"A","date":"2018-05-02T02:02:26.000Z","volume":400,"label":" ","price":14.16},{"type":"B","date":"2018-05-02T02:02:27.000Z","volume":3200,"label":" ","price":14.14},{"type":"A","date":"2018-05-02T02:02:34.000Z","volume":400,"label":" ","price":14.16},{"type":"A","date":"2018-05-02T02:02:42.000Z","volume":400,"label":" ","price":14.16},{"type":"A","date":"2018-05-02T02:02:45.000Z","volume":600,"label":" ","price":14.16},{"type":"A","date":"2018-05-02T02:02:50.000Z","volume":39400,"label":"Y","price":14.16},{"type":"A","date":"2018-05-02T02:02:50.000Z","volume":3800,"label":" ","price":14.16},{"type":"A","date":"2018-05-02T02:02:50.000Z","volume":400,"label":" ","price":14.18},{"type":"A","date":"2018-05-02T02:02:57.000Z","volume":400,"label":" ","price":14.18},{"type":"A","date":"2018-05-02T02:03:05.000Z","volume":600,"label":" ","price":14.18},{"type":"A","date":"2018-05-02T02:03:12.000Z","volume":2800,"label":"Y","price":14.18},{"type":"A","date":"2018-05-02T02:03:12.000Z","volume":1000,"label":" ","price":14.18},{"type":"A","date":"2018-05-02T02:03:15.000Z","volume":3400,"label":" ","price":14.18},{"type":"A","date":"2018-05-02T02:03:15.000Z","volume":800,"label":" ","price":14.18},{"type":"A","date":"2018-05-02T02:03:15.000Z","volume":10800,"label":" ","price":14.18},{"type":"B","date":"2018-05-02T02:03:17.000Z","volume":56800,"label":"Y","price":14.16},{"type":"B","date":"2018-05-02T02:03:17.000Z","volume":3200,"label":" ","price":14.16},{"type":"B","date":"2018-05-02T02:03:17.000Z","volume":14200,"label":" ","price":14.16},{"type":"A","date":"2018-05-02T02:03:19.000Z","volume":200,"label":" ","price":14.18},{"type":"B","date":"2018-05-02T02:03:19.000Z","volume":400,"label":" ","price":14.16},{"type":"B","date":"2018-05-02T02:03:19.000Z","volume":200,"label":" ","price":14.16},{"type":"B","date":"2018-05-02T02:03:19.000Z","volume":200,"label":" ","price":14.16},{"type":"B","date":"2018-05-02T02:03:24.000Z","volume":200,"label":"Y","price":14.14},{"type":"B","date":"2018-05-02T02:03:24.000Z","volume":7600,"label":" ","price":14.14},{"type":"B","date":"2018-05-02T02:03:24.000Z","volume":2000,"label":" ","price":14.14},{"type":"A","date":"2018-05-02T02:03:46.000Z","volume":400,"label":" ","price":14.16},{"type":"B","date":"2018-05-02T02:04:06.000Z","volume":200,"label":" ","price":14.12},{"type":"A","date":"2018-05-02T02:04:14.000Z","volume":2400,"label":" ","price":14.16},{"type":"A","date":"2018-05-02T02:04:17.000Z","volume":23000,"label":"Y","price":14.16},{"type":"A","date":"2018-05-02T02:04:17.000Z","volume":5400,"label":" ","price":14.16},{"type":"A","date":"2018-05-02T02:04:17.000Z","volume":90000,"label":"Y","price":14.18},{"type":"A","date":"2018-05-02T02:04:17.000Z","volume":1600,"label":" ","price":14.18},{"type":"A","date":"2018-05-02T02:04:37.000Z","volume":200,"label":" ","price":14.14},{"type":"A","date":"2018-05-02T02:04:37.000Z","volume":200,"label":" ","price":14.18},{"type":"A","date":"2018-05-02T02:04:41.000Z","volume":400,"label":" ","price":14.18},{"type":"A","date":"2018-05-02T02:04:50.000Z","volume":400,"label":" ","price":14.18},{"type":"A","date":"2018-05-02T02:04:50.000Z","volume":600,"label":" ","price":14.18},{"type":"A","date":"2018-05-02T02:05:02.000Z","volume":400,"label":" ","price":14.18},{"type":"A","date":"2018-05-02T02:05:02.000Z","volume":600,"label":" ","price":14.18},{"type":"A","date":"2018-05-02T02:05:07.000Z","volume":800,"label":" ","price":14.18},{"type":"A","date":"2018-05-02T02:05:09.000Z","volume":5800,"label":" ","price":14.18},{"type":"A","date":"2018-05-02T02:05:12.000Z","volume":2000,"label":" ","price":14.18},{"type":"A","date":"2018-05-02T02:05:15.000Z","volume":1200,"label":" ","price":14.2},{"type":"A","date":"2018-05-02T02:05:16.000Z","volume":400,"label":" ","price":14.2},{"type":"A","date":"2018-05-02T02:05:27.000Z","volume":400,"label":" ","price":14.2},{"type":"A","date":"2018-05-02T02:05:27.000Z","volume":600,"label":" ","price":14.2},{"type":"A","date":"2018-05-02T02:05:27.000Z","volume":600,"label":" ","price":14.2},{"type":"A","date":"2018-05-02T02:05:29.000Z","volume":600,"label":" ","price":14.2},{"type":"A","date":"2018-05-02T02:05:34.000Z","volume":400,"label":" ","price":14.2},{"type":"B","date":"2018-05-02T02:05:34.000Z","volume":200,"label":" ","price":14.18},{"type":"B","date":"2018-05-02T02:05:36.000Z","volume":11000,"label":" ","price":14.18},{"type":"B","date":"2018-05-02T02:05:36.000Z","volume":200,"label":"Y","price":14.18},{"type":"B","date":"2018-05-02T02:05:36.000Z","volume":3600,"label":" ","price":14.18},{"type":"B","date":"2018-05-02T02:05:36.000Z","volume":200,"label":" ","price":14.16},{"type":"B","date":"2018-05-02T02:05:36.000Z","volume":200,"label":" ","price":14.16},{"type":"B","date":"2018-05-02T02:06:00.000Z","volume":8400,"label":" ","price":14.14},{"type":"U","date":"2018-05-02T02:06:01.000Z","volume":2400,"label":" ","price":14.14},{"type":"A","date":"2018-05-02T02:06:14.000Z","volume":2200,"label":" ","price":14.16},{"type":"A","date":"2018-05-02T02:07:07.000Z","volume":200,"label":" ","price":14.16},{"type":"A","date":"2018-05-02T02:07:14.000Z","volume":2600,"label":" ","price":14.16},{"type":"A","date":"2018-05-02T02:07:22.000Z","volume":600,"label":" ","price":14.16},{"type":"A","date":"2018-05-02T02:07:34.000Z","volume":200,"label":" ","price":14.16},{"type":"A","date":"2018-05-02T02:07:42.000Z","volume":600,"label":" ","price":14.16},{"type":"A","date":"2018-05-02T02:07:47.000Z","volume":6000,"label":" ","price":14.16},{"type":"A","date":"2018-05-02T02:07:55.000Z","volume":400,"label":" ","price":14.16},{"type":"A","date":"2018-05-02T02:07:55.000Z","volume":600,"label":" ","price":14.16},{"type":"A","date":"2018-05-02T02:08:02.000Z","volume":600,"label":" ","price":14.16},{"type":"A","date":"2018-05-02T02:08:12.000Z","volume":400,"label":" ","price":14.16},{"type":"B","date":"2018-05-02T02:08:13.000Z","volume":23800,"label":" ","price":14.14},{"type":"A","date":"2018-05-02T02:08:14.000Z","volume":2200,"label":"Y","price":14.14},{"type":"A","date":"2018-05-02T02:08:24.000Z","volume":5600,"label":" ","price":14.14},{"type":"B","date":"2018-05-02T02:08:25.000Z","volume":3000,"label":" ","price":14.14},{"type":"A","date":"2018-05-02T02:08:33.000Z","volume":1000,"label":"Y","price":14.16},{"type":"A","date":"2018-05-02T02:08:33.000Z","volume":3200,"label":" ","price":14.16},{"type":"A","date":"2018-05-02T02:08:36.000Z","volume":200,"label":" ","price":14.16},{"type":"B","date":"2018-05-02T02:08:58.000Z","volume":23000,"label":" ","price":14.14},{"type":"B","date":"2018-05-02T02:09:00.000Z","volume":1800,"label":" ","price":14.14},{"type":"A","date":"2018-05-02T02:09:12.000Z","volume":200,"label":" ","price":14.16},{"type":"A","date":"2018-05-02T02:09:15.000Z","volume":1800,"label":"Y","price":14.16},{"type":"B","date":"2018-05-02T02:09:28.000Z","volume":18000,"label":" ","price":14.14},{"type":"B","date":"2018-05-02T02:09:28.000Z","volume":12400,"label":" ","price":14.14},{"type":"B","date":"2018-05-02T02:09:57.000Z","volume":13800,"label":" ","price":14.14},{"type":"B","date":"2018-05-02T02:10:07.000Z","volume":5000,"label":" ","price":14.12},{"type":"B","date":"2018-05-02T02:10:07.000Z","volume":4800,"label":" ","price":14.12},{"type":"B","date":"2018-05-02T02:10:15.000Z","volume":2400,"label":" ","price":14.12},{"type":"B","date":"2018-05-02T02:10:15.000Z","volume":4800,"label":" ","price":14.12},{"type":"A","date":"2018-05-02T02:10:16.000Z","volume":2800,"label":"Y","price":14.14},{"type":"B","date":"2018-05-02T02:10:19.000Z","volume":10000,"label":" ","price":14.12},{"type":"B","date":"2018-05-02T02:10:19.000Z","volume":1800,"label":" ","price":14.12},{"type":"A","date":"2018-05-02T02:10:22.000Z","volume":200,"label":" ","price":14.14},{"type":"A","date":"2018-05-02T02:10:23.000Z","volume":45200,"label":"Y","price":14.14},{"type":"A","date":"2018-05-02T02:10:23.000Z","volume":200,"label":" ","price":14.14},{"type":"A","date":"2018-05-02T02:10:23.000Z","volume":44600,"label":"Y","price":14.16},{"type":"B","date":"2018-05-02T02:10:26.000Z","volume":57600,"label":"Y","price":14.1},{"type":"B","date":"2018-05-02T02:10:26.000Z","volume":12000,"label":" ","price":14.1},{"type":"B","date":"2018-05-02T02:10:39.000Z","volume":200,"label":" ","price":14.08},{"type":"A","date":"2018-05-02T02:10:45.000Z","volume":10000,"label":" ","price":14.1},{"type":"A","date":"2018-05-02T02:10:45.000Z","volume":3600,"label":" ","price":14.1},{"type":"A","date":"2018-05-02T02:10:45.000Z","volume":16800,"label":" ","price":14.1},{"type":"B","date":"2018-05-02T02:10:46.000Z","volume":1400,"label":" ","price":14.08},{"type":"B","date":"2018-05-02T02:10:53.000Z","volume":200,"label":" ","price":14.1},{"type":"A","date":"2018-05-02T02:10:56.000Z","volume":10200,"label":" ","price":14.14},{"type":"B","date":"2018-05-02T02:11:15.000Z","volume":50000,"label":"Y","price":14.14},{"type":"A","date":"2018-05-02T02:11:17.000Z","volume":3200,"label":"Y","price":14.16},{"type":"A","date":"2018-05-02T02:11:21.000Z","volume":66000,"label":"Y","price":14.16}