[{"type":"B","date":"2018-04-18T01:53:41.000Z","volume":20000,"label":" ","price":0.8},{"type":"B","date":"2018-04-18T01:53:48.000Z","volume":24000,"label":" ","price":0.8},{"type":"B","date":"2018-04-18T01:54:13.000Z","volume":62000,"label":" ","price":0.8},{"type":"B","date":"2018-04-18T01:54:13.000Z","volume":108000,"label":" ","price":0.8},{"type":"B","date":"2018-04-18T01:57:15.000Z","volume":30000,"label":"Y","price":0.79},{"type":"B","date":"2018-04-18T01:57:15.000Z","volume":45000,"label":" ","price":0.79},{"type":"B","date":"2018-04-18T01:57:15.000Z","volume":95000,"label":" ","price":0.79},{"type":"A","date":"2018-04-18T01:57:53.000Z","volume":50000,"label":" ","price":0.8},{"type":"A","date":"2018-04-18T01:58:01.000Z","volume":50000,"label":" ","price":0.8},{"type":"B","date":"2018-04-18T02:00:09.000Z","volume":2000,"label":" ","price":0.79},{"type":"A","date":"2018-04-18T02:07:14.000Z","volume":2000,"label":" ","price":0.79},{"type":"B","date":"2018-04-18T02:09:30.000Z","volume":40000,"label":" ","price":0.78},{"type":"B","date":"2018-04-18T02:11:23.000Z","volume":15000,"label":" ","price":0.78},{"type":"A","date":"2018-04-18T02:12:17.000Z","volume":1000,"label":" ","price":0.79},{"type":"B","date":"2018-04-18T02:12:29.000Z","volume":10000,"label":" ","price":0.78},{"type":"A","date":"2018-04-18T02:12:41.000Z","volume":1000,"label":" ","price":0.79},{"type":"A","date":"2018-04-18T02:19:14.000Z","volume":6000,"label":" ","price":0.79},{"type":"B","date":"2018-04-18T02:27:14.000Z","volume":163000,"label":" ","price":0.78},{"type":"B","date":"2018-04-18T02:27:56.000Z","volume":10000,"label":" ","price":0.78},{"type":"B","date":"2018-04-18T02:30:49.000Z","volume":5000,"label":" ","price":0.78},{"type":"A","date":"2018-04-18T02:40:06.000Z","volume":6000,"label":" ","price":0.79},{"type":"A","date":"2018-04-18T02:50:55.000Z","volume":22000,"label":" ","price":0.79},{"type":"A","date":"2018-04-18T02:55:34.000Z","volume":4000,"label":" ","price":0.79},{"type":"A","date":"2018-04-18T02:57:04.000Z","volume":5000,"label":" ","price":0.79},{"type":"A","date":"2018-04-18T03:06:31.000Z","volume":17000,"label":" ","price":0.79},{"type":"A","date":"2018-04-18T03:07:00.000Z","volume":3000,"label":" ","price":0.79},{"type":"A","date":"2018-04-18T03:20:09.000Z","volume":18000,"label":"Y","price":0.79},{"type":"A","date":"2018-04-18T03:20:09.000Z","volume":282000,"label":" ","price":0.79},{"type":"A","date":"2018-04-18T03:20:09.000Z","volume":14000,"label":" ","price":0.79},{"type":"A","date":"2018-04-18T03:20:09.000Z","volume":14000,"label":" ","price":0.8},{"type":"A","date":"2018-04-18T03:21:13.000Z","volume":2000,"label":" ","price":0.8},{"type":"A","date":"2018-04-18T03:24:40.000Z","volume":5000,"label":" ","price":0.8},{"type":"A","date":"2018-04-18T03:39:29.000Z","volume":27000,"label":" ","price":0.8},{"type":"A","date":"2018-04-18T03:39:51.000Z","volume":3000,"label":" ","price":0.8},{"type":"A","date":"2018-04-18T03:59:07.000Z","volume":27000,"label":" ","price":0.8},{"type":"A","date":"2018-04-18T03:59:09.000Z","volume":1000,"label":" ","price":0.8},{"type":"A","date":"2018-04-18T05:00:52.000Z","volume":5000,"label":" ","price":0.8},{"type":"A","date":"2018-04-18T05:05:49.000Z","volume":1000,"label":" ","price":0.79},{"type":"A","date":"2018-04-18T05:12:15.000Z","volume":1000,"label":" ","price":0.79},{"type":"A","date":"2018-04-18T05:17:44.000Z","volume":1000,"label":" ","price":0.79},{"type":"A","date":"2018-04-18T05:25:34.000Z","volume":1000,"label":" ","price":0.79},{"type":"A","date":"2018-04-18T05:33:45.000Z","volume":1000,"label":" ","price":0.79},{"type":"A","date":"2018-04-18T05:39:31.000Z","volume":1000,"label":" ","price":0.79},{"type":"A","date":"2018-04-18T05:45:50.000Z","volume":80000,"label":" ","price":0.79},{"type":"A","date":"2018-04-18T05:47:36.000Z","volume":1000,"label":" ","price":0.79},{"type":"A","date":"2018-04-18T05:53:35.000Z","volume":1000,"label":" ","price":0.79},{"type":"A","date":"2018-04-18T05:58:16.000Z","volume":220000,"label":" ","price":0.79},{"type":"A","date":"2018-04-18T05:58:16.000Z","volume":112000,"label":" ","price":0.79},{"type":"A","date":"2018-04-18T06:01:37.000Z","volume":1000,"label":" ","price":0.8},{"type":"A","date":"2018-04-18T06:09:25.000Z","volume":7000,"label":" ","price":0.8},{"type":"A","date":"2018-04-18T06:24:10.000Z","volume":19000,"label":" ","price":0.8},{"type":"A","date":"2018-04-18T06:31:21.000Z","volume":5000,"label":" ","price":0.8},{"type":"A","date":"2018-04-18T06:37:26.000Z","volume":10000,"label":" ","price":0.8},{"type":"A","date":"2018-04-18T06:42:32.000Z","volume":10000,"label":" ","price":0.8},{"type":"A","date":"2018-04-18T06:46:56.000Z","volume":8000,"label":" ","price":0.8},{"type":"A","date":"2018-04-18T06:54:26.000Z","volume":5000,"label":" ","price":0.8},{"type":"A","date":"2018-04-18T06:55:59.000Z","volume":4000,"label":" ","price":0.8},{"type":"A","date":"2018-04-18T07:06:16.000Z","volume":5000,"label":" ","price":0.8},{"type":"A","date":"2018-04-18T07:11:59.000Z","volume":9000,"label":" ","price":0.8},{"type":"A","date":"2018-04-18T07:15:28.000Z","volume":4000,"label":" ","price":0.8},{"type":"A","date":"2018-04-18T07:32:43.000Z","volume":21000,"label":" ","price":0.8},{"type":"A","date":"2018-04-18T07:38:51.000Z","volume":2000,"label":" ","price":0.8},{"type":"A","date":"2018-04-18T07:41:41.000Z","volume":6000,"label":" ","price":0.8},{"type":"B","date":"2018-04-18T07:43:08.000Z","volume":10000,"label":" ","price":0.79},{"type":"A","date":"2018-04-18T07:46:46.000Z","volume":11000,"label":" ","price":0.8},{"type":"B","date":"2018-04-18T07:47:22.000Z","volume":30000,"label":" ","price":0.79},{"type":"A","date":"2018-04-18T07:53:25.000Z","volume":17000,"label":" ","price":0.8},{"type":"A","date":"2018-04-18T07:53:46.000Z","volume":100000,"label":" ","price":0.8},{"type":"A","date":"2018-04-18T07:57:12.000Z","volume":8000,"label":" ","price":0.8},{"type":"A","date":"2018-04-18T07:59:35.000Z","volume":2000,"label":" ","price":0.8},{"type":"A","date":"2018-04-18T07:59:35.000Z","volume":8000,"label":" ","price":0.8},{"type":"A","date":"2018-04-18T07:59:41.000Z","volume":1000,"label":" ","price":0.8},{"type":"U","date":"2018-04-18T08:08:25.000Z","volume":190000,"label":"U","price":0.8}]