[{"type":"A","date":"2018-03-20T07:59:09.000Z","volume":49500,"price":90.8,"category":"ubbull"},{"type":"A","date":"2018-03-20T07:58:31.000Z","volume":23500,"price":90.75,"category":"ubbull"},{"type":"A","date":"2018-03-20T07:58:18.000Z","volume":17000,"price":90.75,"category":"ubbull"},{"type":"A","date":"2018-03-20T07:57:55.000Z","volume":25500,"price":90.75,"category":"ubbull"},{"type":"A","date":"2018-03-20T07:57:55.000Z","volume":12500,"price":90.75,"category":"ubbull"},{"type":"A","date":"2018-03-20T07:57:55.000Z","volume":40000,"price":90.75,"category":"ubbull"},{"type":"A","date":"2018-03-20T07:56:53.000Z","volume":112500,"price":90.7,"category":"ubbull"},{"type":"A","date":"2018-03-20T07:56:23.000Z","volume":13000,"price":90.7,"category":"ubbull"},{"type":"A","date":"2018-03-20T07:55:28.000Z","volume":29500,"price":90.75,"category":"ubbull"},{"type":"A","date":"2018-03-20T07:54:29.000Z","volume":31500,"price":90.75,"category":"ubbull"},{"type":"A","date":"2018-03-20T07:54:29.000Z","volume":35500,"price":90.7,"category":"ubbull"},{"type":"A","date":"2018-03-20T07:53:59.000Z","volume":22000,"price":90.7,"category":"ubbull"},{"type":"A","date":"2018-03-20T07:53:54.000Z","volume":19000,"price":90.75,"category":"ubbull"},{"type":"A","date":"2018-03-20T07:52:11.000Z","volume":20000,"price":90.75,"category":"ubbull"},{"type":"A","date":"2018-03-20T07:51:37.000Z","volume":29500,"price":90.8,"category":"ubbull"},{"type":"A","date":"2018-03-20T07:50:36.000Z","volume":69500,"price":90.7,"category":"ubbull"},{"type":"A","date":"2018-03-20T07:49:20.000Z","volume":16000,"price":90.7,"category":"ubbull"},{"type":"A","date":"2018-03-20T07:49:15.000Z","volume":13500,"price":90.75,"category":"ubbull"},{"type":"A","date":"2018-03-20T07:48:34.000Z","volume":16000,"price":90.7,"category":"ubbull"},{"type":"A","date":"2018-03-20T07:47:36.000Z","volume":24500,"price":90.8,"category":"ubbull"},{"type":"A","date":"2018-03-20T07:47:11.000Z","volume":14500,"price":90.75,"category":"ubbull"},{"type":"A","date":"2018-03-20T07:47:08.000Z","volume":13000,"price":90.7,"category":"ubbull"},{"type":"A","date":"2018-03-20T07:47:08.000Z","volume":50000,"price":90.7,"category":"ubbull"},{"type":"A","date":"2018-03-20T07:47:05.000Z","volume":104000,"price":90.65,"category":"ubbull"},{"type":"A","date":"2018-03-20T07:46:03.000Z","volume":39000,"price":90.7,"category":"ubbull"},{"type":"A","date":"2018-03-20T07:46:03.000Z","volume":20000,"price":90.7,"category":"ubbull"},{"type":"A","date":"2018-03-20T07:44:22.000Z","volume":16500,"price":90.8,"category":"ubbull"},{"type":"A","date":"2018-03-20T07:43:08.000Z","volume":27500,"price":90.9,"category":"ubbull"},{"type":"A","date":"2018-03-20T07:39:18.000Z","volume":20000,"price":91.1,"category":"ubbull"},{"type":"A","date":"2018-03-20T07:38:42.000Z","volume":67000,"price":91.05,"category":"ubbull"},{"type":"A","date":"2018-03-20T07:38:17.000Z","volume":45500,"price":91.05,"category":"ubbull"},{"type":"A","date":"2018-03-20T07:34:01.000Z","volume":15000,"price":91.1,"category":"ubbull"},{"type":"A","date":"2018-03-20T07:33:58.000Z","volume":30500,"price":91.05,"category":"ubbull"},{"type":"A","date":"2018-03-20T07:33:58.000Z","volume":20000,"price":91.05,"category":"ubbull"},{"type":"A","date":"2018-03-20T07:33:49.000Z","volume":20000,"price":91.05,"category":"ubbull"},{"type":"A","date":"2018-03-20T07:31:10.000Z","volume":20000,"price":91.05,"category":"ubbull"},{"type":"A","date":"2018-03-20T07:30:15.000Z","volume":15000,"price":91.05,"category":"ubbull"},{"type":"A","date":"2018-03-20T07:26:30.000Z","volume":14500,"price":91.1,"category":"ubbull"},{"type":"A","date":"2018-03-20T07:26:00.000Z","volume":40500,"price":91.1,"category":"ubbull"},{"type":"A","date":"2018-03-20T07:25:20.000Z","volume":12500,"price":91.1,"category":"ubbull"},{"type":"A","date":"2018-03-20T07:25:18.000Z","volume":75500,"price":91.05,"category":"ubbull"},{"type":"A","date":"2018-03-20T07:23:00.000Z","volume":12500,"price":91.1,"category":"ubbull"},{"type":"A","date":"2018-03-20T07:20:32.000Z","volume":20000,"price":91.2,"category":"ubbull"},{"type":"A","date":"2018-03-20T07:20:19.000Z","volume":36000,"price":91.15,"category":"ubbull"},{"type":"A","date":"2018-03-20T07:15:56.000Z","volume":13000,"price":91.2,"category":"ubbull"},{"type":"A","date":"2018-03-20T07:14:55.000Z","volume":13000,"price":91.2,"category":"ubbull"},{"type":"A","date":"2018-03-20T07:14:47.000Z","volume":25000,"price":91.2,"category":"ubbull"},{"type":"A","date":"2018-03-20T07:13:50.000Z","volume":33500,"price":91.2,"category":"ubbull"},{"type":"A","date":"2018-03-20T07:13:04.000Z","volume":50000,"price":91.15,"category":"ubbull"},{"type":"A","date":"2018-03-20T07:12:50.000Z","volume":17000,"price":91.15,"category":"ubbull"},{"type":"A","date":"2018-03-20T07:11:23.000Z","volume":18000,"price":91.15,"category":"ubbull"},{"type":"A","date":"2018-03-20T07:11:18.000Z","volume":49000,"price":91.1,"category":"ubbull"},{"type":"A","date":"2018-03-20T07:08:42.000Z","volume":12500,"price":91.15,"category":"ubbull"},{"type":"A","date":"2018-03-20T07:08:30.000Z","volume":14500,"price":91.15,"category":"ubbull"},{"type":"A","date":"2018-03-20T07:06:21.000Z","volume":37500,"price":91.15,"category":"ubbull"},{"type":"A","date":"2018-03-20T07:03:38.000Z","volume":20500,"price":91.2,"category":"ubbull"},{"type":"A","date":"2018-03-20T07:03:35.000Z","volume":12000,"price":91.15,"category":"ubbull"},{"type":"A","date":"2018-03-20T07:02:20.000Z","volume":15000,"price":91.15,"category":"ubbull"},{"type":"A","date":"2018-03-20T07:02:20.000Z","volume":15000,"price":91.15,"category":"ubbull"},{"type":"A","date":"2018-03-20T07:01:17.000Z","volume":18000,"price":91.15,"category":"ubbull"},{"type":"A","date":"2018-03-20T06:59:01.000Z","volume":134000,"price":91.2,"category":"ubbull"},{"type":"A","date":"2018-03-20T06:59:01.000Z","volume":59500,"price":91.15,"category":"ubbull"},{"type":"A","date":"2018-03-20T06:58:40.000Z","volume":13000,"price":91.2,"category":"ubbull"},{"type":"A","date":"2018-03-20T06:56:04.000Z","volume":18000,"price":91.15,"category":"ubbull"},{"type":"A","date":"2018-03-20T06:56:01.000Z","volume":40000,"price":91.15,"category":"ubbull"},{"type":"A","date":"2018-03-20T06:56:01.000Z","volume":60000,"price":91.15,"category":"ubbull"},{"type":"A","date":"2018-03-20T06:55:02.000Z","volume":12500,"price":91.15,"category":"ubbull"},{"type":"A","date":"2018-03-20T06:53:52.000Z","volume":18500,"price":91.1,"category":"ubbull"},{"type":"A","date":"2018-03-20T06:53:02.000Z","volume":15000,"price":91.05,"category":"ubbull"},{"type":"A","date":"2018-03-20T06:52:10.000Z","volume":11500,"price":91.05,"category":"ubbull"},{"type":"A","date":"2018-03-20T06:51:33.000Z","volume":15500,"price":91.05,"category":"ubbull"},{"type":"A","date":"2018-03-20T06:50:53.000Z","volume":20000,"price":91.05,"category":"ubbull"},{"type":"A","date":"2018-03-20T06:50:25.000Z","volume":11500,"price":91.05,"category":"ubbull"},{"type":"A","date":"2018-03-20T06:49:44.000Z","volume":18000,"price":91.05,"category":"ubbull"},{"type":"A","date":"2018-03-20T06:48:18.000Z","volume":20000,"price":91.05,"category":"ubbull"},{"type":"A","date":"2018-03-20T06:47:58.000Z","volume":13000,"price":91.05,"category":"ubbull"},{"type":"A","date":"2018-03-20T06:47:41.000Z","volume":20000,"price":91.1,"category":"ubbull"},{"type":"A","date":"2018-03-20T06:46:43.000Z","volume":28500,"price":91.05,"category":"ubbull"},{"type":"A","date":"2018-03-20T06:45:50.000Z","volume":46000,"price":91.05,"category":"ubbull"},{"type":"A","date":"2018-03-20T06:43:24.000Z","volume":22000,"price":91.05,"category":"ubbull"},{"type":"A","date":"2018-03-20T06:43:23.000Z","volume":35500,"price":91.05,"category":"ubbull"},{"type":"A","date":"2018-03-20T06:42:45.000Z","volume":23500,"price":91,"category":"ubbull"},{"type":"A","date":"2018-03-20T06:42:45.000Z","volume":30000,"price":91,"category":"ubbull"},{"type":"A","date":"2018-03-20T06:42:43.000Z","volume":30000,"price":91,"category":"ubbull"},{"type":"A","date":"2018-03-20T06:42:32.000Z","volume":82500,"price":90.95,"category":"ubbull"},{"type":"A","date":"2018-03-20T06:40:10.000Z","volume":13000,"price":90.95,"category":"ubbull"},{"type":"A","date":"2018-03-20T06:40:10.000Z","volume":41500,"price":90.9,"category":"ubbull"},{"type":"A","date":"2018-03-20T06:40:10.000Z","volume":29500,"price":90.9,"category":"ubbull"},{"type":"A","date":"2018-03-20T06:36:43.000Z","volume":31500,"price":91,"category":"ubbull"},{"type":"A","date":"2018-03-20T06:36:19.000Z","volume":30000,"price":91.05,"category":"ubbull"},{"type":"A","date":"2018-03-20T06:36:00.000Z","volume":40000,"price":91.05,"category":"ubbull"},{"type":"A","date":"2018-03-20T06:35:28.000Z","volume":40000,"price":91.05,"category":"ubbull"},{"type":"A","date":"2018-03-20T06:34:34.000Z","volume":15500,"price":91,"category":"ubbull"},{"type":"A","date":"2018-03-20T06:33:49.000Z","volume":13500,"price":91,"category":"ubbull"},{"type":"A","date":"2018-03-20T06:32:49.000Z","volume":14500,"price":91,"category":"ubbull"},{"type":"A","date":"2018-03-20T06:31:43.000Z","volume":12000,"price":90.95,"category":"ubbull"},{"type":"A","date":"2018-03-20T06:30:04.000Z","volume":19500,"price":90.95,"category":"ubbull"},{"type":"A","date":"2018-03-20T06:29:15.000Z","volume":25000,"price":90.9,"category":"ubbull"},{"type":"A","date":"2018-03-20T06:28:08.000Z","volume":27000,"price":90.9,"category":"ubbull"},{"type":"A","date":"2018-03-20T06:28:08.000Z","volume":50000,"price":90.9,"category":"ubbull"},{"type":"A","date":"2018-03-20T06:27:29.000Z","volume":25500,"price":90.85,"category":"ubbull"},{"type":"A","date":"2018-03-20T06:27:08.000Z","volume":23500,"price":90.95,"category":"ubbull"},{"type":"A","date":"2018-03-20T06:26:04.000Z","volume":55000,"price":91,"category":"ubbull"},{"type":"A","date":"2018-03-20T06:24:36.000Z","volume":29000,"price":91.05,"category":"ubbull"},{"type":"A","date":"2018-03-20T06:24:31.000Z","volume":12000,"price":90.95,"category":"ubbull"},{"type":"A","date":"2018-03-20T06:24:31.000Z","volume":108500,"price":90.95,"category":"ubbull"},{"type":"A","date":"2018-03-20T06:24:31.000Z","volume":15000,"price":90.95,"category":"ubbull"},{"type":"A","date":"2018-03-20T06:22:49.000Z","volume":28000,"price":91.1,"category":"ubbull"},{"type":"A","date":"2018-03-20T06:22:22.000Z","volume":29000,"price":91.15,"category":"ubbull"},{"type":"A","date":"2018-03-20T06:22:21.000Z","volume":90000,"price":91.1,"category":"ubbull"},{"type":"A","date":"2018-03-20T06:21:39.000Z","volume":19500,"price":91.1,"category":"ubbull"},{"type":"A","date":"2018-03-20T06:21:39.000Z","volume":20000,"price":91.1,"category":"ubbull"},{"type":"A","date":"2018-03-20T06:21:37.000Z","volume":20000,"price":91.1,"category":"ubbull"},{"type":"A","date":"2018-03-20T06:20:09.000Z","volume":41000,"price":91.15,"category":"ubbull"},{"type":"A","date":"2018-03-20T06:18:38.000Z","volume":25000,"price":91.25,"category":"ubbull"},{"type":"A","date":"2018-03-20T06:18:38.000Z","volume":108000,"price":91.25,"category":"ubbull"},{"type":"A","date":"2018-03-20T06:18:38.000Z","volume":60000,"price":91.25,"category":"ubbull"},{"type":"A","date":"2018-03-20T06:18:23.000Z","volume":105500,"price":91.2,"category":"ubbull"},{"type":"A","date":"2018-03-20T06:16:33.000Z","volume":16000,"price":91.3,"category":"ubbull"},{"type":"A","date":"2018-03-20T06:14:13.000Z","volume":33000,"price":91.3,"category":"ubbull"},{"type":"A","date":"2018-03-20T06:14:03.000Z","volume":12000,"price":91.25,"category":"ubbull"},{"type":"A","date":"2018-03-20T06:13:20.000Z","volume":28000,"price":91.3,"category":"ubbull"},{"type":"A","date":"2018-03-20T06:11:23.000Z","volume":44500,"price":91.5,"category":"ubbull"},{"type":"A","date":"2018-03-20T06:11:23.000Z","volume":14500,"price":91.45,"category":"ubbull"},{"type":"A","date":"2018-03-20T06:10:53.000Z","volume":79000,"price":91.5,"category":"ubbull"},{"type":"A","date":"2018-03-20T06:10:50.000Z","volume":100000,"price":91.5,"category":"ubbull"},{"type":"A","date":"2018-03-20T06:10:26.000Z","volume":20000,"price":91.5,"category":"ubbull"},{"type":"A","date":"2018-03-20T06:10:24.000Z","volume":20000,"price":91.5,"category":"ubbull"},{"type":"A","date":"2018-03-20T06:10:23.000Z","volume":27000,"price":91.5,"category":"ubbull"},{"type":"A","date":"2018-03-20T06:10:22.000Z","volume":20000,"price":91.5,"category":"ubbull"},{"type":"A","date":"2018-03-20T06:10:20.000Z","volume":20000,"price":91.5,"category":"ubbull"},{"type":"A","date":"2018-03-20T06:10:19.000Z","volume":20000,"price":91.5,"category":"ubbull"},{"type":"A","date":"2018-03-20T06:10:16.000Z","volume":171500,"price":91.5,"category":"ubbull"},{"type":"A","date":"2018-03-20T06:10:16.000Z","volume":15000,"price":91.5,"category":"ubbull"},{"type":"A","date":"2018-03-20T06:10:16.000Z","volume":12000,"price":91.5,"category":"ubbull"},{"type":"A","date":"2018-03-20T06:10:15.000Z","volume":15000,"price":91.5,"category":"ubbull"},{"type":"A","date":"2018-03-20T06:10:15.000Z","volume":25500,"price":91.5,"category":"ubbull"},{"type":"A","date":"2018-03-20T06:10:15.000Z","volume":15000,"price":91.5,"category":"ubbull"},{"type":"A","date":"2018-03-20T06:10:15.000Z","volume":15000,"price":91.5,"category":"ubbull"},{"type":"A","date":"2018-03-20T06:10:14.000Z","volume":171500,"price":91.5,"category":"ubbull"},{"type":"A","date":"2018-03-20T06:10:05.000Z","volume":35000,"price":91.45,"category":"ubbull"},{"type":"A","date":"2018-03-20T06:10:01.000Z","volume":42500,"price":91.45,"category":"ubbull"},{"type":"A","date":"2018-03-20T06:09:53.000Z","volume":19500,"price":91.4,"category":"ubbull"},{"type":"A","date":"2018-03-20T06:09:53.000Z","volume":45000,"price":91.4,"category":"ubbull"},{"type":"A","date":"2018-03-20T06:09:42.000Z","volume":12000,"price":91.4,"category":"ubbull"},{"type":"A","date":"2018-03-20T06:09:24.000Z","volume":12000,"price":91.4,"category":"ubbull"},{"type":"A","date":"2018-03-20T06:08:54.000Z","volume":18000,"price":91.35,"category":"ubbull"},{"type":"A","date":"2018-03-20T06:08:33.000Z","volume":13500,"price":91.35,"category":"ubbull"},{"type":"A","date":"2018-03-20T06:07:38.000Z","volume":17000,"price":91.4,"category":"ubbull"},{"type":"A","date":"2018-03-20T06:07:35.000Z","volume":16500,"price":91.35,"category":"ubbull"},{"type":"A","date":"2018-03-20T06:07:24.000Z","volume":18500,"price":91.3,"category":"ubbull"},{"type":"A","date":"2018-03-20T06:06:54.000Z","volume":42000,"price":91.3,"category":"ubbull"},{"type":"A","date":"2018-03-20T06:06:24.000Z","volume":35500,"price":91.2,"category":"ubbull"},{"type":"A","date":"2018-03-20T06:06:22.000Z","volume":42500,"price":91.2,"category":"ubbull"},{"type":"A","date":"2018-03-20T06:05:54.000Z","volume":14500,"price":91.25,"category":"ubbull"},{"type":"A","date":"2018-03-20T06:05:23.000Z","volume":28000,"price":91.25,"category":"ubbull"},{"type":"A","date":"2018-03-20T06:04:53.000Z","volume":36500,"price":91.2,"category":"ubbull"},{"type":"A","date":"2018-03-20T06:04:36.000Z","volume":36000,"price":91.1,"category":"ubbull"},{"type":"A","date":"2018-03-20T06:04:31.000Z","volume":12500,"price":91.15,"category":"ubbull"},{"type":"A","date":"2018-03-20T06:04:24.000Z","volume":17000,"price":91.15,"category":"ubbull"},{"type":"A","date":"2018-03-20T06:04:23.000Z","volume":31500,"price":91.2,"category":"ubbull"},{"type":"A","date":"2018-03-20T06:03:53.000Z","volume":15500,"price":91.15,"category":"ubbull"},{"type":"A","date":"2018-03-20T06:03:06.000Z","volume":30000,"price":91.1,"category":"ubbull"},{"type":"A","date":"2018-03-20T06:02:53.000Z","volume":100500,"price":91.05,"category":"ubbull"},{"type":"A","date":"2018-03-20T06:02:17.000Z","volume":19000,"price":91.15,"category":"ubbull"},{"type":"A","date":"2018-03-20T06:01:57.000Z","volume":21500,"price":91.1,"category":"ubbull"},{"type":"A","date":"2018-03-20T06:01:48.000Z","volume":30000,"price":91.1,"category":"ubbull"},{"type":"A","date":"2018-03-20T06:01:38.000Z","volume":21500,"price":91.05,"category":"ubbull"},{"type":"A","date":"2018-03-20T06:01:38.000Z","volume":210000,"price":91,"category":"ubbull"},{"type":"A","date":"2018-03-20T06:01:37.000Z","volume":14500,"price":91,"category":"ubbull"},{"type":"A","date":"2018-03-20T06:01:25.000Z","volume":25500,"price":90.95,"category":"ubbull"},{"type":"A","date":"2018-03-20T06:00:57.000Z","volume":23500,"price":90.95,"category":"ubbull"},{"type":"A","date":"2018-03-20T06:00:14.000Z","volume":22500,"price":90.9,"category":"ubbull"},{"type":"A","date":"2018-03-20T06:00:12.000Z","volume":43000,"price":90.9,"category":"ubbull"},{"type":"A","date":"2018-03-20T05:58:44.000Z","volume":20000,"price":90.85,"category":"ubbull"},{"type":"A","date":"2018-03-20T05:58:29.000Z","volume":71500,"price":90.8,"category":"ubbull"},{"type":"A","date":"2018-03-20T05:58:09.000Z","volume":40000,"price":90.8,"category":"ubbull"},{"type":"A","date":"2018-03-20T05:57:32.000Z","volume":19000,"price":90.75,"category":"ubbull"},{"type":"A","date":"2018-03-20T05:55:34.000Z","volume":16000,"price":90.75,"category":"ubbull"},{"type":"A","date":"2018-03-20T05:55:34.000Z","volume":14000,"price":90.75,"category":"ubbull"},{"type":"A","date":"2018-03-20T05:55:25.000Z","volume":17000,"price":90.7,"category":"ubbull"},{"type":"A","date":"2018-03-20T05:54:48.000Z","volume":20000,"price":90.8,"category":"ubbull"},{"type":"A","date":"2018-03-20T05:53:19.000Z","volume":19000,"price":90.8,"category":"ubbull"},{"type":"A","date":"2018-03-20T05:53:11.000Z","volume":14500,"price":90.85,"category":"ubbull"},{"type":"A","date":"2018-03-20T05:53:10.000Z","volume":140000,"price":90.8,"category":"ubbull"},{"type":"A","date":"2018-03-20T05:52:44.000Z","volume":12000,"price":90.75,"category":"ubbull"},{"type":"A","date":"2018-03-20T05:51:28.000Z","volume":46000,"price":90.85,"category":"ubbull"},{"type":"A","date":"2018-03-20T05:51:27.000Z","volume":45000,"price":90.8,"category":"ubbull"},{"type":"A","date":"2018-03-20T05:50:12.000Z","volume":36000,"price":90.7,"category":"ubbull"},{"type":"A","date":"2018-03-20T05:48:54.000Z","volume":14000,"price":90.75,"category":"ubbull"},{"type":"A","date":"2018-03-20T05:48:54.000Z","volume":29500,"price":90.75,"category":"ubbull"},{"type":"A","date":"2018-03-20T05:48:02.000Z","volume":18500,"price":90.75,"category":"ubbull"},{"type":"A","date":"2018-03-20T05:48:00.000Z","volume":74000,"price":90.7,"category":"ubbull"},{"type":"A","date":"2018-03-20T05:47:36.000Z","volume":14000,"price":90.7,"category":"ubbull"},{"type":"A","date":"2018-03-20T05:47:33.000Z","volume":55500,"price":90.65,"category":"ubbull"},{"type":"A","date":"2018-03-20T05:45:18.000Z","volume":11500,"price":90.65,"category":"ubbull"},{"type":"A","date":"2018-03-20T05:44:41.000Z","volume":13000,"price":90.75,"category":"ubbull"},{"type":"A","date":"2018-03-20T05:44:38.000Z","volume":49500,"price":90.7,"category":"ubbull"},{"type":"A","date":"2018-03-20T05:44:14.000Z","volume":19000,"price":90.65,"category":"ubbull"},{"type":"A","date":"2018-03-20T05:40:04.000Z","volume":17000,"price":90.75,"category":"ubbull"},{"type":"A","date":"2018-03-20T05:40:04.000Z","volume":13000,"price":90.75,"category":"ubbull"},{"type":"A","date":"2018-03-20T05:39:59.000Z","volume":19000,"price":90.85,"category":"ubbull"},{"type":"A","date":"2018-03-20T05:39:58.000Z","volume":12000,"price":90.8,"category":"ubbull"},{"type":"A","date":"2018-03-20T05:39:57.000Z","volume":11500,"price":90.75,"category":"ubbull"},{"type":"A","date":"2018-03-20T05:39:57.000Z","volume":64000,"price":90.75,"category":"ubbull"},{"type":"A","date":"2018-03-20T05:39:55.000Z","volume":59500,"price":90.7,"category":"ubbull"},{"type":"A","date":"2018-03-20T05:36:47.000Z","volume":14000,"price":90.8,"category":"ubbull"},{"type":"A","date":"2018-03-20T05:35:15.000Z","volume":13000,"price":90.8,"category":"ubbull"},{"type":"A","date":"2018-03-20T05:35:14.000Z","volume":58500,"price":90.75,"category":"ubbull"},{"type":"A","date":"2018-03-20T05:35:12.000Z","volume":30500,"price":90.7,"category":"ubbull"},{"type":"A","date":"2018-03-20T05:35:12.000Z","volume":20000,"price":90.7,"category":"ubbull"},{"type":"A","date":"2018-03-20T05:29:23.000Z","volume":14000,"price":90.8,"category":"ubbull"},{"type":"A","date":"2018-03-20T05:29:23.000Z","volume":27000,"price":90.75,"category":"ubbull"},{"type":"A","date":"2018-03-20T05:28:28.000Z","volume":29500,"price":90.75,"category":"ubbull"},{"type":"A","date":"2018-03-20T05:25:37.000Z","volume":20000,"price":90.9,"category":"ubbull"},{"type":"A","date":"2018-03-20T05:25:27.000Z","volume":50000,"price":90.9,"category":"ubbull"},{"type":"A","date":"2018-03-20T05:25:10.000Z","volume":12000,"price":90.85,"category":"ubbull"},{"type":"A","date":"2018-03-20T05:24:54.000Z","volume":26000,"price":90.8,"category":"ubbull"},{"type":"A","date":"2018-03-20T05:24:54.000Z","volume":30000,"price":90.8,"category":"ubbull"},{"type":"A","date":"2018-03-20T05:24:23.000Z","volume":31000,"price":90.75,"category":"ubbull"},{"type":"A","date":"2018-03-20T05:23:19.000Z","volume":45000,"price":90.65,"category":"ubbull"},{"type":"A","date":"2018-03-20T05:23:19.000Z","volume":25500,"price":90.6,"category":"ubbull"},{"type":"A","date":"2018-03-20T05:23:04.000Z","volume":13000,"price":90.6,"category":"ubbull"},{"type":"A","date":"2018-03-20T05:22:53.000Z","volume":18000,"price":90.55,"category":"ubbull"},{"type":"A","date":"2018-03-20T05:22:53.000Z","volume":26000,"price":90.5,"category":"ubbull"},{"type":"A","date":"2018-03-20T05:21:18.000Z","volume":30000,"price":90.5,"category":"ubbull"},{"type":"A","date":"2018-03-20T05:19:29.000Z","volume":13000,"price":90.45,"category":"ubbull"},{"type":"A","date":"2018-03-20T05:18:26.000Z","volume":12000,"price":90.5,"category":"ubbull"},{"type":"A","date":"2018-03-20T05:18:26.000Z","volume":29000,"price":90.5,"category":"ubbull"},{"type":"A","date":"2018-03-20T05:18:11.000Z","volume":25500,"price":90.45,"category":"ubbull"},{"type":"A","date":"2018-03-20T05:18:10.000Z","volume":12000,"price":90.45,"category":"ubbull"},{"type":"A","date":"2018-03-20T05:17:29.000Z","volume":31000,"price":90.4,"category":"ubbull"},{"type":"A","date":"2018-03-20T05:17:28.000Z","volume":25000,"price":90.4,"category":"ubbull"},{"type":"A","date":"2018-03-20T05:17:03.000Z","volume":15000,"price":90.35,"category":"ubbull"},{"type":"A","date":"2018-03-20T05:13:13.000Z","volume":30500,"price":90.35,"category":"ubbull"},{"type":"A","date":"2018-03-20T05:12:35.000Z","volume":19500,"price":90.3,"category":"ubbull"},{"type":"A","date":"2018-03-20T05:10:24.000Z","volume":32500,"price":90.4,"category":"ubbull"},{"type":"A","date":"2018-03-20T05:07:53.000Z","volume":27500,"price":90.55,"category":"ubbull"},{"type":"A","date":"2018-03-20T05:06:26.000Z","volume":15000,"price":90.55,"category":"ubbull"},{"type":"A","date":"2018-03-20T05:05:45.000Z","volume":16000,"price":90.65,"category":"ubbull"},{"type":"A","date":"2018-03-20T05:05:43.000Z","volume":21000,"price":90.6,"category":"ubbull"},{"type":"A","date":"2018-03-20T05:05:43.000Z","volume":33500,"price":90.55,"category":"ubbull"},{"type":"A","date":"2018-03-20T05:05:43.000Z","volume":15000,"price":90.55,"category":"ubbull"},{"type":"A","date":"2018-03-20T05:04:35.000Z","volume":16500,"price":90.5,"category":"ubbull"},{"type":"A","date":"2018-03-20T05:02:01.000Z","volume":20000,"price":90.6,"category":"ubbull"},{"type":"A","date":"2018-03-20T05:01:45.000Z","volume":13500,"price":90.55,"category":"ubbull"},{"type":"A","date":"2018-03-20T05:00:29.000Z","volume":20000,"price":90.55,"category":"ubbull"},{"type":"A","date":"2018-03-20T05:00:21.000Z","volume":44500,"price":90.5,"category":"ubbull"},{"type":"A","date":"2018-03-20T05:00:17.000Z","volume":20000,"price":90.5,"category":"ubbull"},{"type":"A","date":"2018-03-20T05:00:02.000Z","volume":13000,"price":90.65,"category":"ubbull"},{"type":"A","date":"2018-03-20T05:00:02.000Z","volume":13000,"price":90.6,"category":"ubbull"},{"type":"A","date":"2018-03-20T03:58:19.000Z","volume":16500,"price":90.55,"category":"ubbull"},{"type":"A","date":"2018-03-20T03:57:53.000Z","volume":11500,"price":90.55,"category":"ubbull"},{"type":"A","date":"2018-03-20T03:56:14.000Z","volume":20000,"price":90.5,"category":"ubbull"},{"type":"A","date":"2018-03-20T03:54:04.000Z","volume":13500,"price":90.6,"category":"ubbull"},{"type":"A","date":"2018-03-20T03:53:58.000Z","volume":13500,"price":90.6,"category":"ubbull"},{"type":"A","date":"2018-03-20T03:53:01.000Z","volume":23000,"price":90.55,"category":"ubbull"},{"type":"A","date":"2018-03-20T03:52:49.000Z","volume":14000,"price":90.55,"category":"ubbull"},{"type":"A","date":"2018-03-20T03:51:28.000Z","volume":20000,"price":90.5,"category":"ubbull"},{"type":"A","date":"2018-03-20T03:49:34.000Z","volume":12500,"price":90.5,"category":"ubbull"},{"type":"A","date":"2018-03-20T03:49:00.000Z","volume":49500,"price":90.55,"category":"ubbull"},{"type":"A","date":"2018-03-20T03:48:21.000Z","volume":31500,"price":90.45,"category":"ubbull"},{"type":"A","date":"2018-03-20T03:48:19.000Z","volume":34000,"price":90.4,"category":"ubbull"},{"type":"A","date":"2018-03-20T03:47:16.000Z","volume":35000,"price":90.35,"category":"ubbull"},{"type":"A","date":"2018-03-20T03:47:15.000Z","volume":78500,"price":90.3,"category":"ubbull"},{"type":"A","date":"2018-03-20T03:46:07.000Z","volume":26500,"price":90.25,"category":"ubbull"},{"type":"A","date":"2018-03-20T03:45:45.000Z","volume":17500,"price":90.2,"category":"ubbull"},{"type":"A","date":"2018-03-20T03:45:45.000Z","volume":13500,"price":90.15,"category":"ubbull"},{"type":"A","date":"2018-03-20T03:43:32.000Z","volume":42000,"price":90.2,"category":"ubbull"},{"type":"A","date":"2018-03-20T03:43:23.000Z","volume":14000,"price":90.2,"category":"ubbull"},{"type":"A","date":"2018-03-20T03:43:23.000Z","volume":30000,"price":90.15,"category":"ubbull"},{"type":"A","date":"2018-03-20T03:42:46.000Z","volume":14000,"price":90.1,"category":"ubbull"},{"type":"A","date":"2018-03-20T03:40:59.000Z","volume":76000,"price":90.15,"category":"ubbull"},{"type":"A","date":"2018-03-20T03:40:59.000Z","volume":17000,"price":90.1,"category":"ubbull"},{"type":"A","date":"2018-03-20T03:40:59.000Z","volume":18500,"price":90.05,"category":"ubbull"},{"type":"A","date":"2018-03-20T03:40:27.000Z","volume":12500,"price":90.05,"category":"ubbull"},{"type":"A","date":"2018-03-20T03:39:15.000Z","volume":12000,"price":90.15,"category":"ubbull"},{"type":"A","date":"2018-03-20T03:35:33.000Z","volume":22500,"price":90.2,"category":"ubbull"},{"type":"A","date":"2018-03-20T03:34:59.000Z","volume":11500,"price":90.1,"category":"ubbull"},{"type":"A","date":"2018-03-20T03:33:24.000Z","volume":12000,"price":90.15,"category":"ubbull"},{"type":"A","date":"2018-03-20T03:32:39.000Z","volume":13500,"price":90.2,"category":"ubbull"},{"type":"A","date":"2018-03-20T03:32:38.000Z","volume":45500,"price":90.15,"category":"ubbull"},{"type":"A","date":"2018-03-20T03:32:37.000Z","volume":87500,"price":90.05,"category":"ubbull"},{"type":"A","date":"2018-03-20T03:32:37.000Z","volume":25500,"price":90.05,"category":"ubbull"},{"type":"A","date":"2018-03-20T03:32:35.000Z","volume":30000,"price":90.05,"category":"ubbull"},{"type":"A","date":"2018-03-20T03:32:35.000Z","volume":197000,"price":90,"category":"ubbull"},{"type":"A","date":"2018-03-20T03:31:16.000Z","volume":14500,"price":89.95,"category":"ubbull"},{"type":"A","date":"2018-03-20T03:31:13.000Z","volume":44000,"price":89.9,"category":"ubbull"},{"type":"A","date":"2018-03-20T03:29:56.000Z","volume":30000,"price":89.9,"category":"ubbull"},{"type":"A","date":"2018-03-20T03:29:50.000Z","volume":22000,"price":89.85,"category":"ubbull"},{"type":"A","date":"2018-03-20T03:29:49.000Z","volume":28500,"price":89.8,"category":"ubbull"},{"type":"A","date":"2018-03-20T03:29:33.000Z","volume":22500,"price":89.75,"category":"ubbull"},{"type":"A","date":"2018-03-20T03:28:10.000Z","volume":12500,"price":89.65,"category":"ubbull"},{"type":"A","date":"2018-03-20T03:28:05.000Z","volume":14500,"price":89.7,"category":"ubbull"},{"type":"A","date":"2018-03-20T03:24:06.000Z","volume":40000,"price":89.85,"category":"ubbull"},{"type":"A","date":"2018-03-20T03:23:56.000Z","volume":19000,"price":89.8,"category":"ubbull"},{"type":"A","date":"2018-03-20T03:23:25.000Z","volume":15000,"price":89.8,"category":"ubbull"},{"type":"A","date":"2018-03-20T03:23:07.000Z","volume":15500,"price":89.8,"category":"ubbull"},{"type":"A","date":"2018-03-20T03:22:23.000Z","volume":33500,"price":89.8,"category":"ubbull"},{"type":"A","date":"2018-03-20T03:20:41.000Z","volume":15000,"price":89.75,"category":"ubbull"},{"type":"A","date":"2018-03-20T03:20:34.000Z","volume":60000,"price":89.75,"category":"ubbull"},{"type":"A","date":"2018-03-20T03:20:30.000Z","volume":72500,"price":89.65,"category":"ubbull"},{"type":"A","date":"2018-03-20T03:20:29.000Z","volume":15000,"price":89.65,"category":"ubbull"},{"type":"A","date":"2018-03-20T03:20:26.000Z","volume":23000,"price":89.6,"category":"ubbull"},{"type":"A","date":"2018-03-20T03:19:33.000Z","volume":17500,"price":89.55,"category":"ubbull"},{"type":"A","date":"2018-03-20T03:19:33.000Z","volume":30000,"price":89.55,"category":"ubbull"},{"type":"A","date":"2018-03-20T03:19:32.000Z","volume":20000,"price":89.55,"category":"ubbull"},{"type":"A","date":"2018-03-20T03:18:02.000Z","volume":12000,"price":89.8,"category":"ubbull"},{"type":"A","date":"2018-03-20T03:17:49.000Z","volume":73000,"price":89.8,"category":"ubbull"},{"type":"A","date":"2018-03-20T03:17:48.000Z","volume":32000,"price":89.75,"category":"ubbull"},{"type":"A","date":"2018-03-20T03:17:47.000Z","volume":23000,"price":89.75,"category":"ubbull"},{"type":"A","date":"2018-03-20T03:17:47.000Z","volume":30000,"price":89.75,"category":"ubbull"},{"type":"A","date":"2018-03-20T03:16:17.000Z","volume":20000,"price":89.8,"category":"ubbull"},{"type":"A","date":"2018-03-20T03:16:02.000Z","volume":20000,"price":89.8,"category":"ubbull"},{"type":"A","date":"2018-03-20T03:15:35.000Z","volume":19000,"price":89.8,"category":"ubbull"},{"type":"A","date":"2018-03-20T03:15:13.000Z","volume":13000,"price":89.8,"category":"ubbull"},{"type":"A","date":"2018-03-20T03:15:13.000Z","volume":20000,"price":89.8,"category":"ubbull"},{"type":"A","date":"2018-03-20T03:15:10.000Z","volume":28500,"price":89.75,"category":"ubbull"},{"type":"A","date":"2018-03-20T03:15:09.000Z","volume":20000,"price":89.75,"category":"ubbull"},{"type":"A","date":"2018-03-20T03:14:25.000Z","volume":20000,"price":89.9,"category":"ubbull"},{"type":"A","date":"2018-03-20T03:14:19.000Z","volume":24500,"price":89.85,"category":"ubbull"},{"type":"A","date":"2018-03-20T03:13:58.000Z","volume":55000,"price":89.9,"category":"ubbull"},{"type":"A","date":"2018-03-20T03:13:53.000Z","volume":11500,"price":89.85,"category":"ubbull"},{"type":"A","date":"2018-03-20T03:12:37.000Z","volume":20000,"price":89.95,"category":"ubbull"},{"type":"A","date":"2018-03-20T03:11:24.000Z","volume":20000,"price":90.15,"category":"ubbull"},{"type":"A","date":"2018-03-20T03:10:55.000Z","volume":13000,"price":90.15,"category":"ubbull"},{"type":"A","date":"2018-03-20T03:10:44.000Z","volume":14000,"price":90.2,"category":"ubbull"},{"type":"A","date":"2018-03-20T03:10:09.000Z","volume":35500,"price":90.2,"category":"ubbull"},{"type":"A","date":"2018-03-20T03:08:57.000Z","volume":12000,"price":90.2,"category":"ubbull"},{"type":"A","date":"2018-03-20T03:08:56.000Z","volume":23000,"price":90.15,"category":"ubbull"},{"type":"A","date":"2018-03-20T03:08:56.000Z","volume":13000,"price":90.1,"category":"ubbull"},{"type":"A","date":"2018-03-20T03:08:40.000Z","volume":37500,"price":90.2,"category":"ubbull"},{"type":"A","date":"2018-03-20T03:08:25.000Z","volume":30000,"price":90.15,"category":"ubbull"},{"type":"A","date":"2018-03-20T03:07:39.000Z","volume":19500,"price":90.25,"category":"ubbull"},{"type":"A","date":"2018-03-20T03:05:38.000Z","volume":19000,"price":90.35,"category":"ubbull"},{"type":"A","date":"2018-03-20T03:05:35.000Z","volume":23500,"price":90.3,"category":"ubbull"},{"type":"A","date":"2018-03-20T03:05:35.000Z","volume":22000,"price":90.25,"category":"ubbull"},{"type":"A","date":"2018-03-20T03:04:49.000Z","volume":20000,"price":90.3,"category":"ubbull"},{"type":"A","date":"2018-03-20T03:04:04.000Z","volume":14500,"price":90.3,"category":"ubbull"},{"type":"A","date":"2018-03-20T03:04:03.000Z","volume":13000,"price":90.3,"category":"ubbull"},{"type":"A","date":"2018-03-20T03:03:50.000Z","volume":17500,"price":90.3,"category":"ubbull"},{"type":"A","date":"2018-03-20T03:03:24.000Z","volume":28000,"price":90.3,"category":"ubbull"},{"type":"A","date":"2018-03-20T03:03:19.000Z","volume":44000,"price":90.2,"category":"ubbull"},{"type":"A","date":"2018-03-20T03:03:11.000Z","volume":16000,"price":90.15,"category":"ubbull"},{"type":"A","date":"2018-03-20T03:03:11.000Z","volume":13500,"price":90.1,"category":"ubbull"},{"type":"A","date":"2018-03-20T03:03:11.000Z","volume":29500,"price":90.1,"category":"ubbull"},{"type":"A","date":"2018-03-20T03:01:49.000Z","volume":34500,"price":90.05,"category":"ubbull"},{"type":"A","date":"2018-03-20T03:01:21.000Z","volume":11500,"price":90.05,"category":"ubbull"},{"type":"A","date":"2018-03-20T03:01:21.000Z","volume":34500,"price":90.05,"category":"ubbull"},{"type":"A","date":"2018-03-20T03:00:43.000Z","volume":14000,"price":90.05,"category":"ubbull"},{"type":"A","date":"2018-03-20T03:00:23.000Z","volume":30000,"price":90.1,"category":"ubbull"},{"type":"A","date":"2018-03-20T03:00:11.000Z","volume":13500,"price":90.05,"category":"ubbull"},{"type":"A","date":"2018-03-20T02:59:11.000Z","volume":15000,"price":90.05,"category":"ubbull"},{"type":"A","date":"2018-03-20T02:55:52.000Z","volume":12000,"price":90,"category":"ubbull"},{"type":"A","date":"2018-03-20T02:55:35.000Z","volume":23500,"price":90,"category":"ubbull"},{"type":"A","date":"2018-03-20T02:55:00.000Z","volume":18500,"price":90,"category":"ubbull"},{"type":"A","date":"2018-03-20T02:54:56.000Z","volume":83500,"price":90,"category":"ubbull"},{"type":"A","date":"2018-03-20T02:54:52.000Z","volume":18000,"price":89.95,"category":"ubbull"},{"type":"A","date":"2018-03-20T02:54:33.000Z","volume":16000,"price":89.9,"category":"ubbull"},{"type":"A","date":"2018-03-20T02:54:33.000Z","volume":15000,"price":89.9,"category":"ubbull"},{"type":"A","date":"2018-03-20T02:54:10.000Z","volume":12000,"price":89.85,"category":"ubbull"},{"type":"A","date":"2018-03-20T02:54:07.000Z","volume":46000,"price":89.8,"category":"ubbull"},{"type":"A","date":"2018-03-20T02:52:57.000Z","volume":76500,"price":89.8,"category":"ubbull"},{"type":"A","date":"2018-03-20T02:52:09.000Z","volume":45000,"price":89.75,"category":"ubbull"},{"type":"A","date":"2018-03-20T02:51:41.000Z","volume":14000,"price":89.65,"category":"ubbull"},{"type":"A","date":"2018-03-20T02:51:12.000Z","volume":17000,"price":89.65,"category":"ubbull"},{"type":"A","date":"2018-03-20T02:51:10.000Z","volume":24000,"price":89.55,"category":"ubbull"},{"type":"A","date":"2018-03-20T02:51:02.000Z","volume":20000,"price":89.55,"category":"ubbull"},{"type":"A","date":"2018-03-20T02:50:59.000Z","volume":11500,"price":89.5,"category":"ubbull"},{"type":"A","date":"2018-03-20T02:50:59.000Z","volume":11500,"price":89.5,"category":"ubbull"},{"type":"A","date":"2018-03-20T02:50:56.000Z","volume":14500,"price":89.45,"category":"ubbull"},{"type":"A","date":"2018-03-20T02:50:47.000Z","volume":117500,"price":89.55,"category":"ubbull"},{"type":"A","date":"2018-03-20T02:50:47.000Z","volume":14500,"price":89.55,"category":"ubbull"},{"type":"A","date":"2018-03-20T02:50:45.000Z","volume":60000,"price":89.5,"category":"ubbull"},{"type":"A","date":"2018-03-20T02:50:40.000Z","volume":18000,"price":89.5,"category":"ubbull"},{"type":"A","date":"2018-03-20T02:49:19.000Z","volume":22500,"price":89.65,"category":"ubbull"},{"type":"A","date":"2018-03-20T02:48:55.000Z","volume":14500,"price":89.75,"category":"ubbull"},{"type":"A","date":"2018-03-20T02:48:55.000Z","volume":15500,"price":89.75,"category":"ubbull"},{"type":"A","date":"2018-03-20T02:48:51.000Z","volume":30000,"price":89.75,"category":"ubbull"},{"type":"A","date":"2018-03-20T02:48:07.000Z","volume":13500,"price":89.75,"category":"ubbull"},{"type":"A","date":"2018-03-20T02:48:02.000Z","volume":30000,"price":89.75,"category":"ubbull"},{"type":"A","date":"2018-03-20T02:47:50.000Z","volume":20000,"price":89.75,"category":"ubbull"},{"type":"A","date":"2018-03-20T02:47:24.000Z","volume":33000,"price":89.8,"category":"ubbull"},{"type":"A","date":"2018-03-20T02:47:24.000Z","volume":37000,"price":89.8,"category":"ubbull"},{"type":"A","date":"2018-03-20T02:46:53.000Z","volume":12000,"price":89.85,"category":"ubbull"},{"type":"A","date":"2018-03-20T02:46:53.000Z","volume":15000,"price":89.85,"category":"ubbull"},{"type":"A","date":"2018-03-20T02:46:52.000Z","volume":12000,"price":89.85,"category":"ubbull"},{"type":"A","date":"2018-03-20T02:46:50.000Z","volume":44500,"price":89.8,"category":"ubbull"},{"type":"A","date":"2018-03-20T02:46:06.000Z","volume":12000,"price":89.7,"category":"ubbull"},{"type":"A","date":"2018-03-20T02:46:06.000Z","volume":39000,"price":89.65,"category":"ubbull"},{"type":"A","date":"2018-03-20T02:46:03.000Z","volume":16500,"price":89.55,"category":"ubbull"},{"type":"A","date":"2018-03-20T02:45:48.000Z","volume":11500,"price":89.5,"category":"ubbull"},{"type":"A","date":"2018-03-20T02:45:45.000Z","volume":15000,"price":89.5,"category":"ubbull"},{"type":"A","date":"2018-03-20T02:44:23.000Z","volume":21000,"price":89.65,"category":"ubbull"},{"type":"A","date":"2018-03-20T02:44:23.000Z","volume":14000,"price":89.65,"category":"ubbull"},{"type":"A","date":"2018-03-20T02:44:23.000Z","volume":26000,"price":89.65,"category":"ubbull"},{"type":"A","date":"2018-03-20T02:44:22.000Z","volume":33500,"price":89.65,"category":"ubbull"},{"type":"A","date":"2018-03-20T02:44:20.000Z","volume":81000,"price":89.6,"category":"ubbull"},{"type":"A","date":"2018-03-20T02:44:13.000Z","volume":15000,"price":89.65,"category":"ubbull"},{"type":"A","date":"2018-03-20T02:44:13.000Z","volume":14500,"price":89.6,"category":"ubbull"},{"type":"A","date":"2018-03-20T02:44:05.000Z","volume":12000,"price":89.6,"category":"ubbull"},{"type":"A","date":"2018-03-20T02:44:02.000Z","volume":16500,"price":89.65,"category":"ubbull"},{"type":"A","date":"2018-03-20T02:43:51.000Z","volume":20000,"price":89.7,"category":"ubbull"},{"type":"A","date":"2018-03-20T02:43:22.000Z","volume":37500,"price":89.75,"category":"ubbull"},{"type":"A","date":"2018-03-20T02:42:49.000Z","volume":19500,"price":89.8,"category":"ubbull"},{"type":"A","date":"2018-03-20T02:42:33.000Z","volume":20000,"price":89.9,"category":"ubbull"},{"type":"A","date":"2018-03-20T02:42:02.000Z","volume":26500,"price":89.95,"category":"ubbull"},{"type":"A","date":"2018-03-20T02:41:48.000Z","volume":58000,"price":90,"category":"ubbull"},{"type":"A","date":"2018-03-20T02:41:48.000Z","volume":17000,"price":89.95,"category":"ubbull"},{"type":"A","date":"2018-03-20T02:41:48.000Z","volume":146500,"price":89.9,"category":"ubbull"},{"type":"A","date":"2018-03-20T02:40:57.000Z","volume":14000,"price":89.95,"category":"ubbull"},{"type":"A","date":"2018-03-20T02:40:08.000Z","volume":12500,"price":90.1,"category":"ubbull"},{"type":"A","date":"2018-03-20T02:39:57.000Z","volume":38500,"price":90,"category":"ubbull"},{"type":"A","date":"2018-03-20T02:39:44.000Z","volume":36000,"price":89.95,"category":"ubbull"},{"type":"A","date":"2018-03-20T02:38:27.000Z","volume":12500,"price":90.15,"category":"ubbull"},{"type":"A","date":"2018-03-20T02:37:28.000Z","volume":29000,"price":90.25,"category":"ubbull"},{"type":"A","date":"2018-03-20T02:36:25.000Z","volume":50000,"price":90.35,"category":"ubbull"},{"type":"A","date":"2018-03-20T02:36:12.000Z","volume":16500,"price":90.45,"category":"ubbull"},{"type":"A","date":"2018-03-20T02:36:09.000Z","volume":31000,"price":90.4,"category":"ubbull"},{"type":"A","date":"2018-03-20T02:32:51.000Z","volume":20000,"price":90.65,"category":"ubbull"},{"type":"A","date":"2018-03-20T02:31:21.000Z","volume":18000,"price":90.65,"category":"ubbull"},{"type":"A","date":"2018-03-20T02:30:21.000Z","volume":13500,"price":90.75,"category":"ubbull"},{"type":"A","date":"2018-03-20T02:29:32.000Z","volume":13500,"price":90.75,"category":"ubbull"},{"type":"A","date":"2018-03-20T02:29:15.000Z","volume":27500,"price":90.7,"category":"ubbull"},{"type":"A","date":"2018-03-20T02:29:10.000Z","volume":13500,"price":90.65,"category":"ubbull"},{"type":"A","date":"2018-03-20T02:28:45.000Z","volume":50000,"price":90.65,"category":"ubbull"},{"type":"A","date":"2018-03-20T02:27:56.000Z","volume":50000,"price":90.75,"category":"ubbull"},{"type":"A","date":"2018-03-20T02:27:25.000Z","volume":14500,"price":90.8,"category":"ubbull"},{"type":"A","date":"2018-03-20T02:27:16.000Z","volume":30000,"price":90.8,"category":"ubbull"},{"type":"A","date":"2018-03-20T02:27:11.000Z","volume":22500,"price":90.8,"category":"ubbull"},{"type":"A","date":"2018-03-20T02:27:10.000Z","volume":14000,"price":90.8,"category":"ubbull"},{"type":"A","date":"2018-03-20T02:26:29.000Z","volume":15000,"price":90.75,"category":"ubbull"},{"type":"A","date":"2018-03-20T02:26:29.000Z","volume":15000,"price":90.75,"category":"ubbull"},{"type":"A","date":"2018-03-20T02:25:37.000Z","volume":23500,"price":90.85,"category":"ubbull"},{"type":"A","date":"2018-03-20T02:25:29.000Z","volume":47500,"price":90.8,"category":"ubbull"},{"type":"A","date":"2018-03-20T02:25:24.000Z","volume":30500,"price":90.75,"category":"ubbull"},{"type":"A","date":"2018-03-20T02:24:06.000Z","volume":19000,"price":90.85,"category":"ubbull"},{"type":"A","date":"2018-03-20T02:24:06.000Z","volume":22500,"price":90.85,"category":"ubbull"},{"type":"A","date":"2018-03-20T02:23:34.000Z","volume":20000,"price":90.85,"category":"ubbull"},{"type":"A","date":"2018-03-20T02:23:00.000Z","volume":13500,"price":90.9,"category":"ubbull"},{"type":"A","date":"2018-03-20T02:22:19.000Z","volume":15000,"price":91,"category":"ubbull"},{"type":"A","date":"2018-03-20T02:22:19.000Z","volume":14000,"price":91,"category":"ubbull"},{"type":"A","date":"2018-03-20T02:22:18.000Z","volume":15000,"price":91,"category":"ubbull"},{"type":"A","date":"2018-03-20T02:22:18.000Z","volume":50000,"price":91,"category":"ubbull"},{"type":"A","date":"2018-03-20T02:22:17.000Z","volume":30000,"price":91,"category":"ubbull"},{"type":"A","date":"2018-03-20T02:22:00.000Z","volume":15500,"price":90.9,"category":"ubbull"},{"type":"A","date":"2018-03-20T02:22:00.000Z","volume":81000,"price":90.9,"category":"ubbull"},{"type":"A","date":"2018-03-20T02:21:59.000Z","volume":18000,"price":90.85,"category":"ubbull"},{"type":"A","date":"2018-03-20T02:21:59.000Z","volume":28000,"price":90.85,"category":"ubbull"},{"type":"A","date":"2018-03-20T02:21:53.000Z","volume":20000,"price":90.85,"category":"ubbull"},{"type":"A","date":"2018-03-20T02:21:52.000Z","volume":20000,"price":90.85,"category":"ubbull"},{"type":"A","date":"2018-03-20T02:21:51.000Z","volume":30000,"price":90.9,"category":"ubbull"},{"type":"A","date":"2018-03-20T02:21:43.000Z","volume":20000,"price":90.85,"category":"ubbull"},{"type":"A","date":"2018-03-20T02:20:39.000Z","volume":15000,"price":90.85,"category":"ubbull"},{"type":"A","date":"2018-03-20T02:20:22.000Z","volume":48000,"price":90.85,"category":"ubbull"},{"type":"A","date":"2018-03-20T02:20:15.000Z","volume":20000,"price":90.9,"category":"ubbull"},{"type":"A","date":"2018-03-20T02:19:16.000Z","volume":50000,"price":90.85,"category":"ubbull"},{"type":"A","date":"2018-03-20T02:18:40.000Z","volume":27000,"price":90.8,"category":"ubbull"},{"type":"A","date":"2018-03-20T02:18:16.000Z","volume":15000,"price":90.85,"category":"ubbull"},{"type":"A","date":"2018-03-20T02:17:08.000Z","volume":20000,"price":90.85,"category":"ubbull"},{"type":"A","date":"2018-03-20T02:16:09.000Z","volume":46000,"price":90.9,"category":"ubbull"},{"type":"A","date":"2018-03-20T02:15:34.000Z","volume":15500,"price":91,"category":"ubbull"},{"type":"A","date":"2018-03-20T02:15:34.000Z","volume":30500,"price":90.95,"category":"ubbull"},{"type":"A","date":"2018-03-20T02:15:28.000Z","volume":20000,"price":90.95,"category":"ubbull"},{"type":"A","date":"2018-03-20T02:14:46.000Z","volume":20000,"price":90.95,"category":"ubbull"},{"type":"A","date":"2018-03-20T02:14:45.000Z","volume":15000,"price":90.95,"category":"ubbull"},{"type":"A","date":"2018-03-20T02:14:41.000Z","volume":18000,"price":90.95,"category":"ubbull"},{"type":"A","date":"2018-03-20T02:13:53.000Z","volume":20000,"price":91.15,"category":"ubbull"},{"type":"A","date":"2018-03-20T02:13:36.000Z","volume":15000,"price":91.15,"category":"ubbull"},{"type":"A","date":"2018-03-20T02:13:25.000Z","volume":40000,"price":91.15,"category":"ubbull"},{"type":"A","date":"2018-03-20T02:13:19.000Z","volume":18000,"price":91.15,"category":"ubbull"},{"type":"A","date":"2018-03-20T02:12:18.000Z","volume":20000,"price":91.15,"category":"ubbull"},{"type":"A","date":"2018-03-20T02:11:57.000Z","volume":60000,"price":91.15,"category":"ubbull"},{"type":"A","date":"2018-03-20T02:10:55.000Z","volume":18000,"price":91.2,"category":"ubbull"},{"type":"A","date":"2018-03-20T02:10:54.000Z","volume":85000,"price":91.15,"category":"ubbull"},{"type":"A","date":"2018-03-20T02:08:25.000Z","volume":15000,"price":91.2,"category":"ubbull"},{"type":"A","date":"2018-03-20T02:08:15.000Z","volume":14500,"price":91.15,"category":"ubbull"},{"type":"A","date":"2018-03-20T02:08:15.000Z","volume":12000,"price":91.1,"category":"ubbull"},{"type":"A","date":"2018-03-20T02:07:52.000Z","volume":25000,"price":91.15,"category":"ubbull"},{"type":"A","date":"2018-03-20T02:07:46.000Z","volume":20000,"price":91.15,"category":"ubbull"},{"type":"A","date":"2018-03-20T02:07:42.000Z","volume":32500,"price":91.1,"category":"ubbull"},{"type":"A","date":"2018-03-20T02:07:19.000Z","volume":16000,"price":91.15,"category":"ubbull"},{"type":"A","date":"2018-03-20T02:07:19.000Z","volume":15000,"price":91.15,"category":"ubbull"},{"type":"A","date":"2018-03-20T02:07:17.000Z","volume":15000,"price":91.1,"category":"ubbull"},{"type":"A","date":"2018-03-20T02:06:16.000Z","volume":19000,"price":91.45,"category":"ubbull"},{"type":"A","date":"2018-03-20T02:06:05.000Z","volume":14500,"price":91.4,"category":"ubbull"},{"type":"A","date":"2018-03-20T02:05:51.000Z","volume":18000,"price":91.5,"category":"ubbull"},{"type":"A","date":"2018-03-20T02:05:51.000Z","volume":16000,"price":91.45,"category":"ubbull"},{"type":"A","date":"2018-03-20T02:05:47.000Z","volume":14500,"price":91.45,"category":"ubbull"},{"type":"A","date":"2018-03-20T02:05:39.000Z","volume":22500,"price":91.45,"category":"ubbull"},{"type":"A","date":"2018-03-20T02:03:51.000Z","volume":15000,"price":91.55,"category":"ubbull"},{"type":"A","date":"2018-03-20T02:03:37.000Z","volume":20000,"price":91.55,"category":"ubbull"},{"type":"A","date":"2018-03-20T02:02:47.000Z","volume":16500,"price":91.7,"category":"ubbull"},{"type":"A","date":"2018-03-20T02:02:46.000Z","volume":22000,"price":91.65,"category":"ubbull"},{"type":"A","date":"2018-03-20T02:02:40.000Z","volume":22500,"price":91.6,"category":"ubbull"},{"type":"A","date":"2018-03-20T02:02:31.000Z","volume":21000,"price":91.55,"category":"ubbull"},{"type":"A","date":"2018-03-20T02:02:31.000Z","volume":35500,"price":91.55,"category":"ubbull"},{"type":"A","date":"2018-03-20T02:01:08.000Z","volume":30000,"price":91.5,"category":"ubbull"},{"type":"A","date":"2018-03-20T02:01:08.000Z","volume":17500,"price":91.5,"category":"ubbull"},{"type":"A","date":"2018-03-20T02:01:08.000Z","volume":15000,"price":91.5,"category":"ubbull"},{"type":"A","date":"2018-03-20T02:01:08.000Z","volume":35000,"price":91.5,"category":"ubbull"},{"type":"A","date":"2018-03-20T02:00:35.000Z","volume":58000,"price":91.6,"category":"ubbull"},{"type":"A","date":"2018-03-20T01:59:50.000Z","volume":11500,"price":91.55,"category":"ubbull"},{"type":"A","date":"2018-03-20T01:59:35.000Z","volume":12000,"price":91.55,"category":"ubbull"},{"type":"A","date":"2018-03-20T01:58:27.000Z","volume":20000,"price":91.75,"category":"ubbull"},{"type":"A","date":"2018-03-20T01:58:12.000Z","volume":20000,"price":91.8,"category":"ubbull"},{"type":"A","date":"2018-03-20T01:58:04.000Z","volume":20000,"price":91.75,"category":"ubbull"},{"type":"A","date":"2018-03-20T01:58:04.000Z","volume":16500,"price":91.75,"category":"ubbull"},{"type":"A","date":"2018-03-20T01:57:46.000Z","volume":24000,"price":91.75,"category":"ubbull"},{"type":"A","date":"2018-03-20T01:57:09.000Z","volume":15000,"price":91.9,"category":"ubbull"},{"type":"A","date":"2018-03-20T01:57:04.000Z","volume":14500,"price":91.9,"category":"ubbull"},{"type":"A","date":"2018-03-20T01:56:42.000Z","volume":15000,"price":92,"category":"ubbull"},{"type":"A","date":"2018-03-20T01:56:28.000Z","volume":40000,"price":92,"category":"ubbull"},{"type":"A","date":"2018-03-20T01:56:10.000Z","volume":23000,"price":92.05,"category":"ubbull"},{"type":"A","date":"2018-03-20T01:56:09.000Z","volume":30000,"price":92,"category":"ubbull"},{"type":"A","date":"2018-03-20T01:56:09.000Z","volume":200000,"price":92,"category":"ubbull"},{"type":"A","date":"2018-03-20T01:56:08.000Z","volume":30000,"price":92,"category":"ubbull"},{"type":"A","date":"2018-03-20T01:56:02.000Z","volume":14500,"price":91.95,"category":"ubbull"},{"type":"A","date":"2018-03-20T01:56:01.000Z","volume":12000,"price":91.95,"category":"ubbull"},{"type":"A","date":"2018-03-20T01:56:00.000Z","volume":15000,"price":91.95,"category":"ubbull"},{"type":"A","date":"2018-03-20T01:55:55.000Z","volume":12000,"price":91.9,"category":"ubbull"},{"type":"A","date":"2018-03-20T01:55:50.000Z","volume":25500,"price":91.9,"category":"ubbull"},{"type":"A","date":"2018-03-20T01:55:49.000Z","volume":20500,"price":91.9,"category":"ubbull"},{"type":"A","date":"2018-03-20T01:55:42.000Z","volume":24000,"price":91.85,"category":"ubbull"},{"type":"A","date":"2018-03-20T01:55:41.000Z","volume":76500,"price":91.8,"category":"ubbull"},{"type":"A","date":"2018-03-20T01:55:36.000Z","volume":16000,"price":91.8,"category":"ubbull"},{"type":"A","date":"2018-03-20T01:55:36.000Z","volume":13500,"price":91.75,"category":"ubbull"},{"type":"A","date":"2018-03-20T01:55:36.000Z","volume":15000,"price":91.75,"category":"ubbull"},{"type":"A","date":"2018-03-20T01:54:55.000Z","volume":15500,"price":91.65,"category":"ubbull"},{"type":"A","date":"2018-03-20T01:54:53.000Z","volume":17000,"price":91.6,"category":"ubbull"},{"type":"A","date":"2018-03-20T01:54:26.000Z","volume":12000,"price":91.75,"category":"ubbull"},{"type":"A","date":"2018-03-20T01:53:52.000Z","volume":21000,"price":91.75,"category":"ubbull"},{"type":"A","date":"2018-03-20T01:53:42.000Z","volume":50000,"price":91.75,"category":"ubbull"},{"type":"A","date":"2018-03-20T01:53:14.000Z","volume":20000,"price":91.85,"category":"ubbull"},{"type":"A","date":"2018-03-20T01:53:11.000Z","volume":20000,"price":91.85,"category":"ubbull"},{"type":"A","date":"2018-03-20T01:53:02.000Z","volume":25000,"price":91.85,"category":"ubbull"},{"type":"A","date":"2018-03-20T01:52:59.000Z","volume":15000,"price":91.85,"category":"ubbull"},{"type":"A","date":"2018-03-20T01:52:57.000Z","volume":21000,"price":91.8,"category":"ubbull"},{"type":"A","date":"2018-03-20T01:52:40.000Z","volume":35500,"price":91.8,"category":"ubbull"},{"type":"A","date":"2018-03-20T01:52:40.000Z","volume":14500,"price":91.75,"category":"ubbull"},{"type":"A","date":"2018-03-20T01:52:33.000Z","volume":17500,"price":91.75,"category":"ubbull"},{"type":"A","date":"2018-03-20T01:52:29.000Z","volume":11500,"price":91.7,"category":"ubbull"},{"type":"A","date":"2018-03-20T01:52:29.000Z","volume":36500,"price":91.65,"category":"ubbull"},{"type":"A","date":"2018-03-20T01:52:21.000Z","volume":12500,"price":91.5,"category":"ubbull"},{"type":"A","date":"2018-03-20T01:52:08.000Z","volume":15500,"price":91.55,"category":"ubbull"},{"type":"A","date":"2018-03-20T01:52:03.000Z","volume":28500,"price":91.4,"category":"ubbull"},{"type":"A","date":"2018-03-20T01:51:17.000Z","volume":20000,"price":91.5,"category":"ubbull"},{"type":"A","date":"2018-03-20T01:51:05.000Z","volume":12000,"price":91.5,"category":"ubbull"},{"type":"A","date":"2018-03-20T01:50:43.000Z","volume":24500,"price":91.55,"category":"ubbull"},{"type":"A","date":"2018-03-20T01:50:19.000Z","volume":12000,"price":91.65,"category":"ubbull"},{"type":"A","date":"2018-03-20T01:50:10.000Z","volume":63500,"price":91.55,"category":"ubbull"},{"type":"A","date":"2018-03-20T01:49:34.000Z","volume":20000,"price":91.65,"category":"ubbull"},{"type":"A","date":"2018-03-20T01:49:30.000Z","volume":15000,"price":91.55,"category":"ubbull"},{"type":"A","date":"2018-03-20T01:49:23.000Z","volume":12500,"price":91.55,"category":"ubbull"},{"type":"A","date":"2018-03-20T01:49:23.000Z","volume":43000,"price":91.5,"category":"ubbull"},{"type":"A","date":"2018-03-20T01:49:23.000Z","volume":12000,"price":91.5,"category":"ubbull"},{"type":"A","date":"2018-03-20T01:49:23.000Z","volume":100000,"price":91.5,"category":"ubbull"},{"type":"A","date":"2018-03-20T01:49:20.000Z","volume":15000,"price":91.45,"category":"ubbull"},{"type":"A","date":"2018-03-20T01:49:11.000Z","volume":20000,"price":91.4,"category":"ubbull"},{"type":"A","date":"2018-03-20T01:48:40.000Z","volume":24500,"price":91.4,"category":"ubbull"},{"type":"A","date":"2018-03-20T01:48:27.000Z","volume":24000,"price":91.3,"category":"ubbull"},{"type":"A","date":"2018-03-20T01:47:59.000Z","volume":12000,"price":91.2,"category":"ubbull"},{"type":"A","date":"2018-03-20T01:47:22.000Z","volume":16500,"price":91.25,"category":"ubbull"},{"type":"A","date":"2018-03-20T01:47:18.000Z","volume":14500,"price":91.2,"category":"ubbull"},{"type":"A","date":"2018-03-20T01:47:16.000Z","volume":27000,"price":91.15,"category":"ubbull"},{"type":"A","date":"2018-03-20T01:47:14.000Z","volume":15000,"price":91.15,"category":"ubbull"},{"type":"A","date":"2018-03-20T01:47:14.000Z","volume":16000,"price":91.1,"category":"ubbull"},{"type":"A","date":"2018-03-20T01:47:14.000Z","volume":14000,"price":91.1,"category":"ubbull"},{"type":"A","date":"2018-03-20T01:46:15.000Z","volume":20000,"price":91.15,"category":"ubbull"},{"type":"A","date":"2018-03-20T01:45:43.000Z","volume":19500,"price":91.2,"category":"ubbull"},{"type":"A","date":"2018-03-20T01:45:41.000Z","volume":14000,"price":91.15,"category":"ubbull"},{"type":"A","date":"2018-03-20T01:45:39.000Z","volume":40500,"price":91.1,"category":"ubbull"},{"type":"A","date":"2018-03-20T01:45:03.000Z","volume":20000,"price":91.1,"category":"ubbull"},{"type":"A","date":"2018-03-20T01:45:01.000Z","volume":13500,"price":91.1,"category":"ubbull"},{"type":"A","date":"2018-03-20T01:44:07.000Z","volume":18500,"price":91.1,"category":"ubbull"},{"type":"A","date":"2018-03-20T01:43:24.000Z","volume":30000,"price":91.15,"category":"ubbull"},{"type":"A","date":"2018-03-20T01:42:45.000Z","volume":14000,"price":91.2,"category":"ubbull"},{"type":"A","date":"2018-03-20T01:42:33.000Z","volume":15000,"price":91.1,"category":"ubbull"},{"type":"A","date":"2018-03-20T01:42:29.000Z","volume":20000,"price":91.1,"category":"ubbull"},{"type":"A","date":"2018-03-20T01:42:24.000Z","volume":27500,"price":91,"category":"ubbull"},{"type":"A","date":"2018-03-20T01:42:22.000Z","volume":28500,"price":91,"category":"ubbull"},{"type":"A","date":"2018-03-20T01:42:13.000Z","volume":16000,"price":91,"category":"ubbull"},{"type":"A","date":"2018-03-20T01:42:11.000Z","volume":44000,"price":91,"category":"ubbull"},{"type":"A","date":"2018-03-20T01:42:07.000Z","volume":15000,"price":90.95,"category":"ubbull"},{"type":"A","date":"2018-03-20T01:41:45.000Z","volume":27000,"price":90.85,"category":"ubbull"},{"type":"A","date":"2018-03-20T01:41:27.000Z","volume":38500,"price":90.75,"category":"ubbull"},{"type":"A","date":"2018-03-20T01:41:14.000Z","volume":16500,"price":90.7,"category":"ubbull"},{"type":"A","date":"2018-03-20T01:41:14.000Z","volume":27500,"price":90.7,"category":"ubbull"},{"type":"A","date":"2018-03-20T01:41:11.000Z","volume":36000,"price":90.65,"category":"ubbull"},{"type":"A","date":"2018-03-20T01:41:08.000Z","volume":16000,"price":90.6,"category":"ubbull"},{"type":"A","date":"2018-03-20T01:41:07.000Z","volume":52000,"price":90.55,"category":"ubbull"},{"type":"A","date":"2018-03-20T01:40:58.000Z","volume":18500,"price":90.5,"category":"ubbull"},{"type":"A","date":"2018-03-20T01:40:53.000Z","volume":77000,"price":90.45,"category":"ubbull"},{"type":"A","date":"2018-03-20T01:40:37.000Z","volume":13000,"price":90.45,"category":"ubbull"},{"type":"A","date":"2018-03-20T01:40:37.000Z","volume":20000,"price":90.45,"category":"ubbull"},{"type":"A","date":"2018-03-20T01:40:30.000Z","volume":30000,"price":90.45,"category":"ubbull"},{"type":"A","date":"2018-03-20T01:40:06.000Z","volume":14500,"price":90.55,"category":"ubbull"},{"type":"A","date":"2018-03-20T01:39:22.000Z","volume":60000,"price":90.5,"category":"ubbull"},{"type":"A","date":"2018-03-20T01:38:27.000Z","volume":27000,"price":90.55,"category":"ubbull"},{"type":"A","date":"2018-03-20T01:38:21.000Z","volume":13000,"price":90.5,"category":"ubbull"},{"type":"A","date":"2018-03-20T01:37:27.000Z","volume":22000,"price":90.55,"category":"ubbull"},{"type":"A","date":"2018-03-20T01:37:16.000Z","volume":13500,"price":90.55,"category":"ubbull"},{"type":"A","date":"2018-03-20T01:36:19.000Z","volume":19500,"price":90.65,"category":"ubbull"},{"type":"A","date":"2018-03-20T01:36:07.000Z","volume":26000,"price":90.6,"category":"ubbull"},{"type":"A","date":"2018-03-20T01:36:07.000Z","volume":12000,"price":90.55,"category":"ubbull"},{"type":"A","date":"2018-03-20T01:35:39.000Z","volume":20000,"price":90.65,"category":"ubbull"},{"type":"A","date":"2018-03-20T01:35:39.000Z","volume":30000,"price":90.65,"category":"ubbull"},{"type":"A","date":"2018-03-20T01:35:30.000Z","volume":20000,"price":90.6,"category":"ubbull"},{"type":"A","date":"2018-03-20T01:34:13.000Z","volume":18000,"price":90.9,"category":"ubbull"},{"type":"A","date":"2018-03-20T01:34:02.000Z","volume":18500,"price":90.9,"category":"ubbull"},{"type":"A","date":"2018-03-20T01:33:54.000Z","volume":31000,"price":90.85,"category":"ubbull"},{"type":"A","date":"2018-03-20T01:33:32.000Z","volume":39000,"price":90.9,"category":"ubbull"},{"type":"A","date":"2018-03-20T01:33:32.000Z","volume":15000,"price":90.9,"category":"ubbull"},{"type":"A","date":"2018-03-20T01:32:46.000Z","volume":12000,"price":90.95,"category":"ubbull"},{"type":"A","date":"2018-03-20T01:32:10.000Z","volume":18500,"price":91.2,"category":"ubbull"},{"type":"A","date":"2018-03-20T01:31:36.000Z","volume":20000,"price":91.2,"category":"ubbull"},{"type":"A","date":"2018-03-20T01:31:32.000Z","volume":100000,"price":91,"category":"ubbull"},{"type":"A","date":"2018-03-20T01:31:29.000Z","volume":16500,"price":90.9,"category":"ubbull"},{"type":"A","date":"2018-03-20T01:31:23.000Z","volume":85000,"price":90.8,"category":"ubbull"},{"type":"A","date":"2018-03-20T01:31:20.000Z","volume":21000,"price":90.75,"category":"ubbull"},{"type":"A","date":"2018-03-20T01:31:12.000Z","volume":15500,"price":90.7,"category":"ubbull"},{"type":"A","date":"2018-03-20T01:31:03.000Z","volume":23000,"price":90.55,"category":"ubbull"},{"type":"A","date":"2018-03-20T01:30:59.000Z","volume":58500,"price":90.5,"category":"ubbull"},{"type":"A","date":"2018-03-20T01:30:59.000Z","volume":38500,"price":90.45,"category":"ubbull"},{"type":"A","date":"2018-03-20T01:30:44.000Z","volume":20000,"price":90.4,"category":"ubbull"},{"type":"A","date":"2018-03-20T01:30:40.000Z","volume":18000,"price":90.35,"category":"ubbull"},{"type":"A","date":"2018-03-20T01:30:24.000Z","volume":12000,"price":90.3,"category":"ubbull"},{"type":"A","date":"2018-03-20T01:30:13.000Z","volume":52500,"price":90.3,"category":"ubbull"},{"type":"A","date":"2018-03-20T01:30:13.000Z","volume":16500,"price":90.3,"category":"ubbull"},{"type":"A","date":"2018-03-20T01:30:12.000Z","volume":19500,"price":90.3,"category":"ubbull"},{"type":"A","date":"2018-03-20T01:30:12.000Z","volume":19000,"price":90.3,"category":"ubbull"},{"type":"A","date":"2018-03-20T01:30:12.000Z","volume":18500,"price":90.25,"category":"ubbull"},{"type":"A","date":"2018-03-20T01:30:12.000Z","volume":15500,"price":90.25,"category":"ubbull"},{"type":"A","date":"2018-03-20T01:30:11.000Z","volume":11500,"price":90.2,"category":"ubbull"},{"type":"A","date":"2018-03-20T01:30:10.000Z","volume":20000,"price":90.2,"category":"ubbull"},{"type":"A","date":"2018-03-20T01:30:02.000Z","volume":103000,"price":90.2,"category":"ubbull"},{"type":"A","date":"2018-03-20T01:30:02.000Z","volume":109500,"price":90.2,"category":"ubbull"},{"type":"A","date":"2018-03-20T07:59:20.000Z","volume":10000,"price":90.8,"category":"bbull"},{"type":"A","date":"2018-03-20T07:59:13.000Z","volume":10000,"price":90.8,"category":"bbull"},{"type":"A","date":"2018-03-20T07:59:11.000Z","volume":8000,"price":90.75,"category":"bbull"},{"type":"A","date":"2018-03-20T07:57:55.000Z","volume":7000,"price":90.75,"category":"bbull"},{"type":"A","date":"2018-03-20T07:57:55.000Z","volume":10000,"price":90.75,"category":"bbull"},{"type":"A","date":"2018-03-20T07:57:15.000Z","volume":7000,"price":90.75,"category":"bbull"},{"type":"A","date":"2018-03-20T07:56:29.000Z","volume":10000,"price":90.75,"category":"bbull"},{"type":"A","date":"2018-03-20T07:56:00.000Z","volume":10000,"price":90.75,"category":"bbull"},{"type":"A","date":"2018-03-20T07:55:51.000Z","volume":8500,"price":90.75,"category":"bbull"},{"type":"A","date":"2018-03-20T07:55:19.000Z","volume":4500,"price":90.75,"category":"bbull"},{"type":"A","date":"2018-03-20T07:54:42.000Z","volume":7000,"price":90.75,"category":"bbull"},{"type":"A","date":"2018-03-20T07:54:36.000Z","volume":5000,"price":90.8,"category":"bbull"},{"type":"A","date":"2018-03-20T07:54:30.000Z","volume":11000,"price":90.8,"category":"bbull"},{"type":"A","date":"2018-03-20T07:54:29.000Z","volume":9500,"price":90.7,"category":"bbull"},{"type":"A","date":"2018-03-20T07:54:27.000Z","volume":7500,"price":90.7,"category":"bbull"},{"type":"A","date":"2018-03-20T07:54:18.000Z","volume":5000,"price":90.7,"category":"bbull"},{"type":"A","date":"2018-03-20T07:53:59.000Z","volume":11000,"price":90.7,"category":"bbull"},{"type":"A","date":"2018-03-20T07:53:54.000Z","volume":6500,"price":90.7,"category":"bbull"},{"type":"A","date":"2018-03-20T07:53:54.000Z","volume":9500,"price":90.7,"category":"bbull"},{"type":"A","date":"2018-03-20T07:53:54.000Z","volume":7500,"price":90.7,"category":"bbull"},{"type":"A","date":"2018-03-20T07:53:36.000Z","volume":7500,"price":90.7,"category":"bbull"},{"type":"A","date":"2018-03-20T07:53:31.000Z","volume":5000,"price":90.7,"category":"bbull"},{"type":"A","date":"2018-03-20T07:53:03.000Z","volume":6000,"price":90.7,"category":"bbull"},{"type":"A","date":"2018-03-20T07:52:50.000Z","volume":7000,"price":90.7,"category":"bbull"},{"type":"A","date":"2018-03-20T07:52:44.000Z","volume":7500,"price":90.75,"category":"bbull"},{"type":"A","date":"2018-03-20T07:52:13.000Z","volume":7500,"price":90.75,"category":"bbull"},{"type":"A","date":"2018-03-20T07:51:35.000Z","volume":10000,"price":90.75,"category":"bbull"},{"type":"A","date":"2018-03-20T07:51:35.000Z","volume":10000,"price":90.75,"category":"bbull"},{"type":"A","date":"2018-03-20T07:51:19.000Z","volume":4000,"price":90.75,"category":"bbull"},{"type":"A","date":"2018-03-20T07:50:36.000Z","volume":6000,"price":90.75,"category":"bbull"},{"type":"A","date":"2018-03-20T07:50:00.000Z","volume":6500,"price":90.7,"category":"bbull"},{"type":"A","date":"2018-03-20T07:49:46.000Z","volume":4500,"price":90.7,"category":"bbull"},{"type":"A","date":"2018-03-20T07:49:15.000Z","volume":8500,"price":90.75,"category":"bbull"},{"type":"A","date":"2018-03-20T07:48:34.000Z","volume":4500,"price":90.75,"category":"bbull"},{"type":"A","date":"2018-03-20T07:48:34.000Z","volume":11000,"price":90.7,"category":"bbull"},{"type":"A","date":"2018-03-20T07:48:17.000Z","volume":5000,"price":90.75,"category":"bbull"},{"type":"A","date":"2018-03-20T07:48:07.000Z","volume":5000,"price":90.8,"category":"bbull"},{"type":"A","date":"2018-03-20T07:47:38.000Z","volume":6000,"price":90.8,"category":"bbull"},{"type":"A","date":"2018-03-20T07:47:36.000Z","volume":5000,"price":90.8,"category":"bbull"},{"type":"A","date":"2018-03-20T07:47:09.000Z","volume":6000,"price":90.75,"category":"bbull"},{"type":"A","date":"2018-03-20T07:46:25.000Z","volume":6500,"price":90.65,"category":"bbull"},{"type":"A","date":"2018-03-20T07:46:20.000Z","volume":5000,"price":90.65,"category":"bbull"},{"type":"A","date":"2018-03-20T07:45:38.000Z","volume":10000,"price":90.7,"category":"bbull"},{"type":"A","date":"2018-03-20T07:44:59.000Z","volume":5000,"price":90.75,"category":"bbull"},{"type":"A","date":"2018-03-20T07:44:51.000Z","volume":7500,"price":90.7,"category":"bbull"},{"type":"A","date":"2018-03-20T07:42:49.000Z","volume":5000,"price":90.95,"category":"bbull"},{"type":"A","date":"2018-03-20T07:42:42.000Z","volume":4500,"price":90.95,"category":"bbull"},{"type":"A","date":"2018-03-20T07:41:54.000Z","volume":5000,"price":91.05,"category":"bbull"},{"type":"A","date":"2018-03-20T07:40:57.000Z","volume":5000,"price":91.05,"category":"bbull"},{"type":"A","date":"2018-03-20T07:40:47.000Z","volume":10000,"price":91.05,"category":"bbull"},{"type":"A","date":"2018-03-20T07:39:55.000Z","volume":11000,"price":91.05,"category":"bbull"},{"type":"A","date":"2018-03-20T07:37:24.000Z","volume":10000,"price":91.1,"category":"bbull"},{"type":"A","date":"2018-03-20T07:36:50.000Z","volume":10000,"price":91.1,"category":"bbull"},{"type":"A","date":"2018-03-20T07:36:37.000Z","volume":5000,"price":91.1,"category":"bbull"},{"type":"A","date":"2018-03-20T07:36:14.000Z","volume":10000,"price":91.1,"category":"bbull"},{"type":"A","date":"2018-03-20T07:35:59.000Z","volume":4000,"price":91.1,"category":"bbull"},{"type":"A","date":"2018-03-20T07:34:46.000Z","volume":10000,"price":91.1,"category":"bbull"},{"type":"A","date":"2018-03-20T07:34:07.000Z","volume":4500,"price":91.1,"category":"bbull"},{"type":"A","date":"2018-03-20T07:34:00.000Z","volume":9000,"price":91.1,"category":"bbull"},{"type":"A","date":"2018-03-20T07:33:51.000Z","volume":4500,"price":91.05,"category":"bbull"},{"type":"A","date":"2018-03-20T07:33:06.000Z","volume":10000,"price":91.05,"category":"bbull"},{"type":"A","date":"2018-03-20T07:31:11.000Z","volume":7000,"price":91.1,"category":"bbull"},{"type":"A","date":"2018-03-20T07:31:10.000Z","volume":8000,"price":91.05,"category":"bbull"},{"type":"A","date":"2018-03-20T07:31:09.000Z","volume":10000,"price":91.05,"category":"bbull"},{"type":"A","date":"2018-03-20T07:30:35.000Z","volume":10000,"price":91.05,"category":"bbull"},{"type":"A","date":"2018-03-20T07:29:58.000Z","volume":7500,"price":91.05,"category":"bbull"},{"type":"A","date":"2018-03-20T07:29:16.000Z","volume":7000,"price":91.1,"category":"bbull"},{"type":"A","date":"2018-03-20T07:27:20.000Z","volume":5500,"price":91.1,"category":"bbull"},{"type":"A","date":"2018-03-20T07:27:20.000Z","volume":4500,"price":91.05,"category":"bbull"},{"type":"A","date":"2018-03-20T07:26:33.000Z","volume":5500,"price":91.15,"category":"bbull"},{"type":"A","date":"2018-03-20T07:26:32.000Z","volume":8500,"price":91.15,"category":"bbull"},{"type":"A","date":"2018-03-20T07:26:21.000Z","volume":5500,"price":91.15,"category":"bbull"},{"type":"A","date":"2018-03-20T07:26:02.000Z","volume":8000,"price":91.15,"category":"bbull"},{"type":"A","date":"2018-03-20T07:25:21.000Z","volume":5000,"price":91.1,"category":"bbull"},{"type":"A","date":"2018-03-20T07:25:18.000Z","volume":6500,"price":91.1,"category":"bbull"},{"type":"A","date":"2018-03-20T07:24:17.000Z","volume":4000,"price":91.15,"category":"bbull"},{"type":"A","date":"2018-03-20T07:24:03.000Z","volume":5000,"price":91.1,"category":"bbull"},{"type":"A","date":"2018-03-20T07:24:00.000Z","volume":6500,"price":91.1,"category":"bbull"},{"type":"A","date":"2018-03-20T07:23:26.000Z","volume":4500,"price":91.1,"category":"bbull"},{"type":"A","date":"2018-03-20T07:23:17.000Z","volume":4000,"price":91.15,"category":"bbull"},{"type":"A","date":"2018-03-20T07:23:17.000Z","volume":4000,"price":91.1,"category":"bbull"},{"type":"A","date":"2018-03-20T07:23:00.000Z","volume":5000,"price":91.15,"category":"bbull"},{"type":"A","date":"2018-03-20T07:23:00.000Z","volume":11000,"price":91.1,"category":"bbull"},{"type":"A","date":"2018-03-20T07:22:56.000Z","volume":10500,"price":91.1,"category":"bbull"},{"type":"A","date":"2018-03-20T07:22:02.000Z","volume":6500,"price":91.15,"category":"bbull"},{"type":"A","date":"2018-03-20T07:22:01.000Z","volume":10500,"price":91.15,"category":"bbull"},{"type":"A","date":"2018-03-20T07:21:52.000Z","volume":7000,"price":91.15,"category":"bbull"},{"type":"A","date":"2018-03-20T07:21:30.000Z","volume":4500,"price":91.15,"category":"bbull"},{"type":"A","date":"2018-03-20T07:21:04.000Z","volume":5000,"price":91.2,"category":"bbull"},{"type":"A","date":"2018-03-20T07:20:37.000Z","volume":4500,"price":91.25,"category":"bbull"},{"type":"A","date":"2018-03-20T07:20:34.000Z","volume":4500,"price":91.25,"category":"bbull"},{"type":"A","date":"2018-03-20T07:20:31.000Z","volume":4000,"price":91.2,"category":"bbull"},{"type":"A","date":"2018-03-20T07:20:21.000Z","volume":8500,"price":91.2,"category":"bbull"},{"type":"A","date":"2018-03-20T07:20:19.000Z","volume":10000,"price":91.2,"category":"bbull"},{"type":"A","date":"2018-03-20T07:19:33.000Z","volume":5000,"price":91.2,"category":"bbull"},{"type":"A","date":"2018-03-20T07:18:49.000Z","volume":7000,"price":91.2,"category":"bbull"},{"type":"A","date":"2018-03-20T07:17:58.000Z","volume":6000,"price":91.25,"category":"bbull"},{"type":"A","date":"2018-03-20T07:17:44.000Z","volume":7000,"price":91.2,"category":"bbull"},{"type":"A","date":"2018-03-20T07:17:33.000Z","volume":10000,"price":91.2,"category":"bbull"},{"type":"A","date":"2018-03-20T07:17:19.000Z","volume":7000,"price":91.2,"category":"bbull"},{"type":"A","date":"2018-03-20T07:17:12.000Z","volume":4000,"price":91.2,"category":"bbull"},{"type":"A","date":"2018-03-20T07:16:36.000Z","volume":10000,"price":91.2,"category":"bbull"},{"type":"A","date":"2018-03-20T07:15:56.000Z","volume":5000,"price":91.2,"category":"bbull"},{"type":"A","date":"2018-03-20T07:15:56.000Z","volume":6500,"price":91.2,"category":"bbull"},{"type":"A","date":"2018-03-20T07:15:53.000Z","volume":11000,"price":91.2,"category":"bbull"},{"type":"A","date":"2018-03-20T07:15:47.000Z","volume":10000,"price":91.2,"category":"bbull"},{"type":"A","date":"2018-03-20T07:15:00.000Z","volume":4500,"price":91.25,"category":"bbull"},{"type":"A","date":"2018-03-20T07:14:57.000Z","volume":4500,"price":91.2,"category":"bbull"},{"type":"A","date":"2018-03-20T07:14:49.000Z","volume":4500,"price":91.2,"category":"bbull"},{"type":"A","date":"2018-03-20T07:14:15.000Z","volume":10000,"price":91.2,"category":"bbull"},{"type":"A","date":"2018-03-20T07:13:52.000Z","volume":6000,"price":91.25,"category":"bbull"},{"type":"A","date":"2018-03-20T07:12:54.000Z","volume":4500,"price":91.15,"category":"bbull"},{"type":"A","date":"2018-03-20T07:12:52.000Z","volume":5500,"price":91.15,"category":"bbull"},{"type":"A","date":"2018-03-20T07:12:50.000Z","volume":11000,"price":91.15,"category":"bbull"},{"type":"A","date":"2018-03-20T07:12:40.000Z","volume":6500,"price":91.2,"category":"bbull"},{"type":"A","date":"2018-03-20T07:12:29.000Z","volume":7500,"price":91.15,"category":"bbull"},{"type":"A","date":"2018-03-20T07:12:03.000Z","volume":9500,"price":91.15,"category":"bbull"},{"type":"A","date":"2018-03-20T07:11:43.000Z","volume":4500,"price":91.15,"category":"bbull"},{"type":"A","date":"2018-03-20T07:11:22.000Z","volume":11000,"price":91.15,"category":"bbull"},{"type":"A","date":"2018-03-20T07:11:18.000Z","volume":7500,"price":91.15,"category":"bbull"},{"type":"A","date":"2018-03-20T07:10:13.000Z","volume":9500,"price":91.1,"category":"bbull"},{"type":"A","date":"2018-03-20T07:09:48.000Z","volume":10000,"price":91.15,"category":"bbull"},{"type":"A","date":"2018-03-20T07:09:37.000Z","volume":10000,"price":91.15,"category":"bbull"},{"type":"A","date":"2018-03-20T07:09:32.000Z","volume":5000,"price":91.15,"category":"bbull"},{"type":"A","date":"2018-03-20T07:07:40.000Z","volume":8500,"price":91.15,"category":"bbull"},{"type":"A","date":"2018-03-20T07:07:35.000Z","volume":4000,"price":91.15,"category":"bbull"},{"type":"A","date":"2018-03-20T07:07:19.000Z","volume":6500,"price":91.15,"category":"bbull"},{"type":"A","date":"2018-03-20T07:07:14.000Z","volume":5000,"price":91.15,"category":"bbull"},{"type":"A","date":"2018-03-20T07:06:23.000Z","volume":7000,"price":91.2,"category":"bbull"},{"type":"A","date":"2018-03-20T07:05:34.000Z","volume":4000,"price":91.15,"category":"bbull"},{"type":"A","date":"2018-03-20T07:04:58.000Z","volume":5000,"price":91.2,"category":"bbull"},{"type":"A","date":"2018-03-20T07:03:53.000Z","volume":8000,"price":91.2,"category":"bbull"},{"type":"A","date":"2018-03-20T07:03:11.000Z","volume":8500,"price":91.15,"category":"bbull"},{"type":"A","date":"2018-03-20T07:03:11.000Z","volume":8500,"price":91.1,"category":"bbull"},{"type":"A","date":"2018-03-20T07:02:37.000Z","volume":10000,"price":91.1,"category":"bbull"},{"type":"A","date":"2018-03-20T07:02:22.000Z","volume":5500,"price":91.15,"category":"bbull"},{"type":"A","date":"2018-03-20T07:01:19.000Z","volume":4500,"price":91.2,"category":"bbull"},{"type":"A","date":"2018-03-20T07:01:17.000Z","volume":5500,"price":91.15,"category":"bbull"},{"type":"A","date":"2018-03-20T07:01:07.000Z","volume":7500,"price":91.1,"category":"bbull"},{"type":"A","date":"2018-03-20T07:01:07.000Z","volume":4000,"price":91.1,"category":"bbull"},{"type":"A","date":"2018-03-20T07:00:45.000Z","volume":6000,"price":91.15,"category":"bbull"},{"type":"A","date":"2018-03-20T06:59:35.000Z","volume":7000,"price":91.15,"category":"bbull"},{"type":"A","date":"2018-03-20T06:59:20.000Z","volume":4000,"price":91.15,"category":"bbull"},{"type":"A","date":"2018-03-20T06:59:17.000Z","volume":8500,"price":91.15,"category":"bbull"},{"type":"A","date":"2018-03-20T06:59:11.000Z","volume":9000,"price":91.2,"category":"bbull"},{"type":"A","date":"2018-03-20T06:59:08.000Z","volume":5500,"price":91.2,"category":"bbull"},{"type":"A","date":"2018-03-20T06:59:07.000Z","volume":4000,"price":91.2,"category":"bbull"},{"type":"A","date":"2018-03-20T06:59:03.000Z","volume":5500,"price":91.2,"category":"bbull"},{"type":"A","date":"2018-03-20T06:59:01.000Z","volume":6500,"price":91.25,"category":"bbull"},{"type":"A","date":"2018-03-20T06:58:31.000Z","volume":5000,"price":91.2,"category":"bbull"},{"type":"A","date":"2018-03-20T06:58:30.000Z","volume":5000,"price":91.15,"category":"bbull"},{"type":"A","date":"2018-03-20T06:58:15.000Z","volume":5000,"price":91.2,"category":"bbull"},{"type":"A","date":"2018-03-20T06:58:10.000Z","volume":6000,"price":91.15,"category":"bbull"},{"type":"A","date":"2018-03-20T06:57:53.000Z","volume":4000,"price":91.2,"category":"bbull"},{"type":"A","date":"2018-03-20T06:57:21.000Z","volume":6500,"price":91.15,"category":"bbull"},{"type":"A","date":"2018-03-20T06:57:21.000Z","volume":7000,"price":91.15,"category":"bbull"},{"type":"A","date":"2018-03-20T06:57:21.000Z","volume":4000,"price":91.15,"category":"bbull"},{"type":"A","date":"2018-03-20T06:57:05.000Z","volume":4000,"price":91.15,"category":"bbull"},{"type":"A","date":"2018-03-20T06:56:43.000Z","volume":4000,"price":91.2,"category":"bbull"},{"type":"A","date":"2018-03-20T06:56:15.000Z","volume":8500,"price":91.2,"category":"bbull"},{"type":"A","date":"2018-03-20T06:56:08.000Z","volume":10000,"price":91.15,"category":"bbull"},{"type":"A","date":"2018-03-20T06:54:18.000Z","volume":9000,"price":91.1,"category":"bbull"},{"type":"A","date":"2018-03-20T06:54:18.000Z","volume":10500,"price":91.1,"category":"bbull"},{"type":"A","date":"2018-03-20T06:54:03.000Z","volume":5000,"price":91.1,"category":"bbull"},{"type":"A","date":"2018-03-20T06:53:54.000Z","volume":4500,"price":91.1,"category":"bbull"},{"type":"A","date":"2018-03-20T06:53:54.000Z","volume":6000,"price":91.1,"category":"bbull"},{"type":"A","date":"2018-03-20T06:53:32.000Z","volume":4500,"price":91.05,"category":"bbull"},{"type":"A","date":"2018-03-20T06:52:55.000Z","volume":4500,"price":91.05,"category":"bbull"},{"type":"A","date":"2018-03-20T06:52:51.000Z","volume":4000,"price":91.05,"category":"bbull"},{"type":"A","date":"2018-03-20T06:51:04.000Z","volume":10000,"price":91.1,"category":"bbull"},{"type":"A","date":"2018-03-20T06:49:44.000Z","volume":8000,"price":91.05,"category":"bbull"},{"type":"A","date":"2018-03-20T06:48:12.000Z","volume":4000,"price":91.05,"category":"bbull"},{"type":"A","date":"2018-03-20T06:46:45.000Z","volume":4500,"price":91.1,"category":"bbull"},{"type":"A","date":"2018-03-20T06:46:33.000Z","volume":4500,"price":91.05,"category":"bbull"},{"type":"A","date":"2018-03-20T06:46:31.000Z","volume":4500,"price":91.05,"category":"bbull"},{"type":"A","date":"2018-03-20T06:46:04.000Z","volume":4000,"price":91.05,"category":"bbull"},{"type":"A","date":"2018-03-20T06:45:59.000Z","volume":4500,"price":91.05,"category":"bbull"},{"type":"A","date":"2018-03-20T06:45:59.000Z","volume":4500,"price":91.05,"category":"bbull"},{"type":"A","date":"2018-03-20T06:45:52.000Z","volume":6500,"price":91.05,"category":"bbull"},{"type":"A","date":"2018-03-20T06:45:36.000Z","volume":4500,"price":91.05,"category":"bbull"},{"type":"A","date":"2018-03-20T06:45:06.000Z","volume":4000,"price":91.05,"category":"bbull"},{"type":"A","date":"2018-03-20T06:44:49.000Z","volume":4000,"price":91.05,"category":"bbull"},{"type":"A","date":"2018-03-20T06:43:24.000Z","volume":10000,"price":91.05,"category":"bbull"},{"type":"A","date":"2018-03-20T06:42:45.000Z","volume":9500,"price":91,"category":"bbull"},{"type":"A","date":"2018-03-20T06:42:43.000Z","volume":4000,"price":91,"category":"bbull"},{"type":"A","date":"2018-03-20T06:42:43.000Z","volume":10000,"price":91,"category":"bbull"},{"type":"A","date":"2018-03-20T06:42:42.000Z","volume":7500,"price":91,"category":"bbull"},{"type":"A","date":"2018-03-20T06:42:41.000Z","volume":10000,"price":91,"category":"bbull"},{"type":"A","date":"2018-03-20T06:42:41.000Z","volume":4000,"price":91,"category":"bbull"},{"type":"A","date":"2018-03-20T06:42:40.000Z","volume":10000,"price":91,"category":"bbull"},{"type":"A","date":"2018-03-20T06:42:40.000Z","volume":10000,"price":91,"category":"bbull"},{"type":"A","date":"2018-03-20T06:42:32.000Z","volume":4000,"price":90.95,"category":"bbull"},{"type":"A","date":"2018-03-20T06:42:30.000Z","volume":4000,"price":90.95,"category":"bbull"},{"type":"A","date":"2018-03-20T06:40:44.000Z","volume":7000,"price":90.95,"category":"bbull"},{"type":"A","date":"2018-03-20T06:40:10.000Z","volume":10500,"price":90.95,"category":"bbull"},{"type":"A","date":"2018-03-20T06:38:16.000Z","volume":5000,"price":90.9,"category":"bbull"},{"type":"A","date":"2018-03-20T06:38:04.000Z","volume":11000,"price":90.9,"category":"bbull"},{"type":"A","date":"2018-03-20T06:37:50.000Z","volume":8000,"price":90.95,"category":"bbull"},{"type":"A","date":"2018-03-20T06:37:17.000Z","volume":4500,"price":91,"category":"bbull"},{"type":"A","date":"2018-03-20T06:36:58.000Z","volume":5000,"price":91,"category":"bbull"},{"type":"A","date":"2018-03-20T06:36:52.000Z","volume":5000,"price":91,"category":"bbull"},{"type":"A","date":"2018-03-20T06:36:43.000Z","volume":4500,"price":91.1,"category":"bbull"},{"type":"A","date":"2018-03-20T06:36:43.000Z","volume":5000,"price":91.05,"category":"bbull"},{"type":"A","date":"2018-03-20T06:36:43.000Z","volume":8500,"price":91.05,"category":"bbull"},{"type":"A","date":"2018-03-20T06:36:29.000Z","volume":4000,"price":91.05,"category":"bbull"},{"type":"A","date":"2018-03-20T06:36:27.000Z","volume":6500,"price":91.05,"category":"bbull"},{"type":"A","date":"2018-03-20T06:34:05.000Z","volume":9500,"price":91.05,"category":"bbull"},{"type":"A","date":"2018-03-20T06:33:50.000Z","volume":7500,"price":91.05,"category":"bbull"},{"type":"A","date":"2018-03-20T06:33:49.000Z","volume":6500,"price":91.05,"category":"bbull"},{"type":"A","date":"2018-03-20T06:33:49.000Z","volume":4500,"price":91.05,"category":"bbull"},{"type":"A","date":"2018-03-20T06:33:49.000Z","volume":8000,"price":91,"category":"bbull"},{"type":"A","date":"2018-03-20T06:33:40.000Z","volume":4000,"price":91,"category":"bbull"},{"type":"A","date":"2018-03-20T06:33:33.000Z","volume":10000,"price":91,"category":"bbull"},{"type":"A","date":"2018-03-20T06:33:13.000Z","volume":4000,"price":90.95,"category":"bbull"},{"type":"A","date":"2018-03-20T06:33:07.000Z","volume":4000,"price":90.95,"category":"bbull"},{"type":"A","date":"2018-03-20T06:33:03.000Z","volume":4000,"price":90.95,"category":"bbull"},{"type":"A","date":"2018-03-20T06:32:55.000Z","volume":6500,"price":91,"category":"bbull"},{"type":"A","date":"2018-03-20T06:32:55.000Z","volume":5500,"price":91,"category":"bbull"},{"type":"A","date":"2018-03-20T06:32:49.000Z","volume":6500,"price":91.05,"category":"bbull"},{"type":"A","date":"2018-03-20T06:32:49.000Z","volume":9000,"price":91,"category":"bbull"},{"type":"A","date":"2018-03-20T06:31:43.000Z","volume":9000,"price":90.95,"category":"bbull"},{"type":"A","date":"2018-03-20T06:31:32.000Z","volume":10000,"price":90.95,"category":"bbull"},{"type":"A","date":"2018-03-20T06:30:59.000Z","volume":5000,"price":90.95,"category":"bbull"},{"type":"A","date":"2018-03-20T06:30:19.000Z","volume":5000,"price":91,"category":"bbull"},{"type":"A","date":"2018-03-20T06:27:37.000Z","volume":5000,"price":90.9,"category":"bbull"},{"type":"A","date":"2018-03-20T06:25:00.000Z","volume":4000,"price":91,"category":"bbull"},{"type":"A","date":"2018-03-20T06:24:33.000Z","volume":4500,"price":91,"category":"bbull"},{"type":"A","date":"2018-03-20T06:24:32.000Z","volume":6500,"price":91,"category":"bbull"},{"type":"A","date":"2018-03-20T06:24:31.000Z","volume":9000,"price":91,"category":"bbull"},{"type":"A","date":"2018-03-20T06:24:29.000Z","volume":5000,"price":90.95,"category":"bbull"},{"type":"A","date":"2018-03-20T06:24:06.000Z","volume":5000,"price":90.95,"category":"bbull"},{"type":"A","date":"2018-03-20T06:22:53.000Z","volume":7000,"price":91.1,"category":"bbull"},{"type":"A","date":"2018-03-20T06:22:35.000Z","volume":6000,"price":91.1,"category":"bbull"},{"type":"A","date":"2018-03-20T06:22:35.000Z","volume":7500,"price":91.1,"category":"bbull"},{"type":"A","date":"2018-03-20T06:22:21.000Z","volume":8000,"price":91.1,"category":"bbull"},{"type":"A","date":"2018-03-20T06:20:53.000Z","volume":5500,"price":91.15,"category":"bbull"},{"type":"A","date":"2018-03-20T06:20:53.000Z","volume":4500,"price":91.1,"category":"bbull"},{"type":"A","date":"2018-03-20T06:20:24.000Z","volume":8500,"price":91.15,"category":"bbull"},{"type":"A","date":"2018-03-20T06:20:21.000Z","volume":10000,"price":91.15,"category":"bbull"},{"type":"A","date":"2018-03-20T06:19:12.000Z","volume":10000,"price":91.25,"category":"bbull"},{"type":"A","date":"2018-03-20T06:18:47.000Z","volume":4500,"price":91.3,"category":"bbull"},{"type":"A","date":"2018-03-20T06:18:38.000Z","volume":6000,"price":91.3,"category":"bbull"},{"type":"A","date":"2018-03-20T06:17:58.000Z","volume":7000,"price":91.2,"category":"bbull"},{"type":"A","date":"2018-03-20T06:16:19.000Z","volume":4000,"price":91.3,"category":"bbull"},{"type":"A","date":"2018-03-20T06:15:39.000Z","volume":10000,"price":91.3,"category":"bbull"},{"type":"A","date":"2018-03-20T06:15:11.000Z","volume":5000,"price":91.3,"category":"bbull"},{"type":"A","date":"2018-03-20T06:14:40.000Z","volume":5000,"price":91.4,"category":"bbull"},{"type":"A","date":"2018-03-20T06:14:13.000Z","volume":11000,"price":91.35,"category":"bbull"},{"type":"A","date":"2018-03-20T06:14:03.000Z","volume":4000,"price":91.25,"category":"bbull"},{"type":"A","date":"2018-03-20T06:14:03.000Z","volume":6000,"price":91.25,"category":"bbull"},{"type":"A","date":"2018-03-20T06:14:03.000Z","volume":7000,"price":91.25,"category":"bbull"},{"type":"A","date":"2018-03-20T06:13:41.000Z","volume":5000,"price":91.25,"category":"bbull"},{"type":"A","date":"2018-03-20T06:12:47.000Z","volume":4000,"price":91.35,"category":"bbull"},{"type":"A","date":"2018-03-20T06:12:33.000Z","volume":5000,"price":91.4,"category":"bbull"},{"type":"A","date":"2018-03-20T06:11:54.000Z","volume":4500,"price":91.45,"category":"bbull"},{"type":"A","date":"2018-03-20T06:10:15.000Z","volume":10000,"price":91.5,"category":"bbull"},{"type":"A","date":"2018-03-20T06:09:14.000Z","volume":10000,"price":91.4,"category":"bbull"},{"type":"A","date":"2018-03-20T06:08:54.000Z","volume":9000,"price":91.35,"category":"bbull"},{"type":"A","date":"2018-03-20T06:08:33.000Z","volume":5000,"price":91.3,"category":"bbull"},{"type":"A","date":"2018-03-20T06:08:24.000Z","volume":5500,"price":91.35,"category":"bbull"},{"type":"A","date":"2018-03-20T06:07:54.000Z","volume":7000,"price":91.4,"category":"bbull"},{"type":"A","date":"2018-03-20T06:07:24.000Z","volume":5000,"price":91.3,"category":"bbull"},{"type":"A","date":"2018-03-20T06:07:07.000Z","volume":10000,"price":91.3,"category":"bbull"},{"type":"A","date":"2018-03-20T06:06:32.000Z","volume":7500,"price":91.25,"category":"bbull"},{"type":"A","date":"2018-03-20T06:06:10.000Z","volume":8000,"price":91.2,"category":"bbull"},{"type":"A","date":"2018-03-20T06:05:41.000Z","volume":5000,"price":91.25,"category":"bbull"},{"type":"A","date":"2018-03-20T06:05:31.000Z","volume":6000,"price":91.25,"category":"bbull"},{"type":"A","date":"2018-03-20T06:04:57.000Z","volume":10500,"price":91.2,"category":"bbull"},{"type":"A","date":"2018-03-20T06:03:58.000Z","volume":4500,"price":91.15,"category":"bbull"},{"type":"A","date":"2018-03-20T06:03:52.000Z","volume":6000,"price":91.15,"category":"bbull"},{"type":"A","date":"2018-03-20T06:03:28.000Z","volume":4000,"price":91.1,"category":"bbull"},{"type":"A","date":"2018-03-20T06:03:13.000Z","volume":4500,"price":91.1,"category":"bbull"},{"type":"A","date":"2018-03-20T06:02:57.000Z","volume":5500,"price":91.05,"category":"bbull"},{"type":"A","date":"2018-03-20T06:02:13.000Z","volume":4000,"price":91.1,"category":"bbull"},{"type":"A","date":"2018-03-20T06:02:02.000Z","volume":7000,"price":91.15,"category":"bbull"},{"type":"A","date":"2018-03-20T06:02:00.000Z","volume":8500,"price":91.15,"category":"bbull"},{"type":"A","date":"2018-03-20T06:01:22.000Z","volume":5000,"price":90.95,"category":"bbull"},{"type":"A","date":"2018-03-20T06:01:00.000Z","volume":5000,"price":90.95,"category":"bbull"},{"type":"A","date":"2018-03-20T05:58:44.000Z","volume":11000,"price":90.85,"category":"bbull"},{"type":"A","date":"2018-03-20T05:57:32.000Z","volume":6000,"price":90.75,"category":"bbull"},{"type":"A","date":"2018-03-20T05:57:21.000Z","volume":11000,"price":90.75,"category":"bbull"},{"type":"A","date":"2018-03-20T05:54:48.000Z","volume":11000,"price":90.8,"category":"bbull"},{"type":"A","date":"2018-03-20T05:53:57.000Z","volume":10000,"price":90.85,"category":"bbull"},{"type":"A","date":"2018-03-20T05:53:32.000Z","volume":5000,"price":90.85,"category":"bbull"},{"type":"A","date":"2018-03-20T05:53:10.000Z","volume":5500,"price":90.8,"category":"bbull"},{"type":"A","date":"2018-03-20T05:52:21.000Z","volume":4000,"price":90.8,"category":"bbull"},{"type":"A","date":"2018-03-20T05:52:03.000Z","volume":4000,"price":90.85,"category":"bbull"},{"type":"A","date":"2018-03-20T05:51:24.000Z","volume":4000,"price":90.75,"category":"bbull"},{"type":"A","date":"2018-03-20T05:51:23.000Z","volume":8500,"price":90.75,"category":"bbull"},{"type":"A","date":"2018-03-20T05:51:23.000Z","volume":9000,"price":90.75,"category":"bbull"},{"type":"A","date":"2018-03-20T05:51:23.000Z","volume":5000,"price":90.75,"category":"bbull"},{"type":"A","date":"2018-03-20T05:51:23.000Z","volume":8500,"price":90.75,"category":"bbull"},{"type":"A","date":"2018-03-20T05:51:23.000Z","volume":8500,"price":90.75,"category":"bbull"},{"type":"A","date":"2018-03-20T05:51:22.000Z","volume":8500,"price":90.75,"category":"bbull"},{"type":"A","date":"2018-03-20T05:50:12.000Z","volume":4000,"price":90.7,"category":"bbull"},{"type":"A","date":"2018-03-20T05:49:49.000Z","volume":6500,"price":90.75,"category":"bbull"},{"type":"A","date":"2018-03-20T05:48:57.000Z","volume":5500,"price":90.75,"category":"bbull"},{"type":"A","date":"2018-03-20T05:48:06.000Z","volume":10000,"price":90.75,"category":"bbull"},{"type":"A","date":"2018-03-20T05:45:25.000Z","volume":6500,"price":90.65,"category":"bbull"},{"type":"A","date":"2018-03-20T05:44:17.000Z","volume":6000,"price":90.7,"category":"bbull"},{"type":"A","date":"2018-03-20T05:44:14.000Z","volume":4000,"price":90.65,"category":"bbull"},{"type":"A","date":"2018-03-20T05:44:01.000Z","volume":10000,"price":90.65,"category":"bbull"},{"type":"A","date":"2018-03-20T05:43:12.000Z","volume":5000,"price":90.75,"category":"bbull"},{"type":"A","date":"2018-03-20T05:42:03.000Z","volume":10000,"price":90.7,"category":"bbull"},{"type":"A","date":"2018-03-20T05:41:32.000Z","volume":10000,"price":90.7,"category":"bbull"},{"type":"A","date":"2018-03-20T05:41:04.000Z","volume":10500,"price":90.75,"category":"bbull"},{"type":"A","date":"2018-03-20T05:40:50.000Z","volume":4000,"price":90.75,"category":"bbull"},{"type":"A","date":"2018-03-20T05:40:06.000Z","volume":4500,"price":90.75,"category":"bbull"},{"type":"A","date":"2018-03-20T05:39:25.000Z","volume":6000,"price":90.7,"category":"bbull"},{"type":"A","date":"2018-03-20T05:38:21.000Z","volume":4000,"price":90.75,"category":"bbull"},{"type":"A","date":"2018-03-20T05:36:49.000Z","volume":5000,"price":90.8,"category":"bbull"},{"type":"A","date":"2018-03-20T05:36:47.000Z","volume":5500,"price":90.8,"category":"bbull"},{"type":"A","date":"2018-03-20T05:36:33.000Z","volume":10000,"price":90.8,"category":"bbull"},{"type":"A","date":"2018-03-20T05:36:15.000Z","volume":8500,"price":90.75,"category":"bbull"},{"type":"A","date":"2018-03-20T05:35:28.000Z","volume":4000,"price":90.8,"category":"bbull"},{"type":"A","date":"2018-03-20T05:35:17.000Z","volume":6500,"price":90.8,"category":"bbull"},{"type":"A","date":"2018-03-20T05:35:14.000Z","volume":6500,"price":90.75,"category":"bbull"},{"type":"A","date":"2018-03-20T05:33:25.000Z","volume":7500,"price":90.75,"category":"bbull"},{"type":"A","date":"2018-03-20T05:32:16.000Z","volume":4000,"price":90.75,"category":"bbull"},{"type":"A","date":"2018-03-20T05:30:48.000Z","volume":4000,"price":90.8,"category":"bbull"},{"type":"A","date":"2018-03-20T05:29:41.000Z","volume":10000,"price":90.9,"category":"bbull"},{"type":"A","date":"2018-03-20T05:29:26.000Z","volume":8000,"price":90.85,"category":"bbull"},{"type":"A","date":"2018-03-20T05:28:05.000Z","volume":7500,"price":90.7,"category":"bbull"},{"type":"A","date":"2018-03-20T05:27:44.000Z","volume":6000,"price":90.7,"category":"bbull"},{"type":"A","date":"2018-03-20T05:26:30.000Z","volume":5000,"price":90.75,"category":"bbull"},{"type":"A","date":"2018-03-20T05:26:09.000Z","volume":4000,"price":90.85,"category":"bbull"},{"type":"A","date":"2018-03-20T05:24:54.000Z","volume":8500,"price":90.85,"category":"bbull"},{"type":"A","date":"2018-03-20T05:24:45.000Z","volume":6000,"price":90.8,"category":"bbull"},{"type":"A","date":"2018-03-20T05:24:23.000Z","volume":6500,"price":90.8,"category":"bbull"},{"type":"A","date":"2018-03-20T05:23:30.000Z","volume":4000,"price":90.7,"category":"bbull"},{"type":"A","date":"2018-03-20T05:23:22.000Z","volume":6500,"price":90.7,"category":"bbull"},{"type":"A","date":"2018-03-20T05:23:19.000Z","volume":8000,"price":90.7,"category":"bbull"},{"type":"A","date":"2018-03-20T05:23:19.000Z","volume":7500,"price":90.7,"category":"bbull"},{"type":"A","date":"2018-03-20T05:23:07.000Z","volume":4500,"price":90.6,"category":"bbull"},{"type":"A","date":"2018-03-20T05:23:04.000Z","volume":5500,"price":90.65,"category":"bbull"},{"type":"A","date":"2018-03-20T05:23:04.000Z","volume":5000,"price":90.6,"category":"bbull"},{"type":"A","date":"2018-03-20T05:23:04.000Z","volume":10000,"price":90.6,"category":"bbull"},{"type":"A","date":"2018-03-20T05:22:53.000Z","volume":5000,"price":90.6,"category":"bbull"},{"type":"A","date":"2018-03-20T05:22:53.000Z","volume":6000,"price":90.55,"category":"bbull"},{"type":"A","date":"2018-03-20T05:22:38.000Z","volume":4500,"price":90.5,"category":"bbull"},{"type":"A","date":"2018-03-20T05:21:18.000Z","volume":10500,"price":90.5,"category":"bbull"},{"type":"A","date":"2018-03-20T05:20:17.000Z","volume":5000,"price":90.5,"category":"bbull"},{"type":"A","date":"2018-03-20T05:19:29.000Z","volume":4500,"price":90.5,"category":"bbull"},{"type":"A","date":"2018-03-20T05:18:28.000Z","volume":4000,"price":90.55,"category":"bbull"},{"type":"A","date":"2018-03-20T05:18:26.000Z","volume":9000,"price":90.55,"category":"bbull"},{"type":"A","date":"2018-03-20T05:18:11.000Z","volume":7500,"price":90.5,"category":"bbull"},{"type":"A","date":"2018-03-20T05:18:11.000Z","volume":10000,"price":90.45,"category":"bbull"},{"type":"A","date":"2018-03-20T05:18:03.000Z","volume":10000,"price":90.4,"category":"bbull"},{"type":"A","date":"2018-03-20T05:17:29.000Z","volume":6500,"price":90.45,"category":"bbull"},{"type":"A","date":"2018-03-20T05:17:22.000Z","volume":10000,"price":90.4,"category":"bbull"},{"type":"A","date":"2018-03-20T05:17:03.000Z","volume":4000,"price":90.35,"category":"bbull"},{"type":"A","date":"2018-03-20T05:15:22.000Z","volume":5000,"price":90.35,"category":"bbull"},{"type":"A","date":"2018-03-20T05:15:22.000Z","volume":5000,"price":90.35,"category":"bbull"},{"type":"A","date":"2018-03-20T05:14:40.000Z","volume":8000,"price":90.35,"category":"bbull"},{"type":"A","date":"2018-03-20T05:14:25.000Z","volume":8500,"price":90.3,"category":"bbull"},{"type":"A","date":"2018-03-20T05:14:00.000Z","volume":4500,"price":90.4,"category":"bbull"},{"type":"A","date":"2018-03-20T05:14:00.000Z","volume":10000,"price":90.4,"category":"bbull"},{"type":"A","date":"2018-03-20T05:13:16.000Z","volume":5000,"price":90.45,"category":"bbull"},{"type":"A","date":"2018-03-20T05:13:15.000Z","volume":4500,"price":90.4,"category":"bbull"},{"type":"A","date":"2018-03-20T05:13:13.000Z","volume":5500,"price":90.4,"category":"bbull"},{"type":"A","date":"2018-03-20T05:12:25.000Z","volume":11000,"price":90.3,"category":"bbull"},{"type":"A","date":"2018-03-20T05:11:32.000Z","volume":5000,"price":90.35,"category":"bbull"},{"type":"A","date":"2018-03-20T05:10:25.000Z","volume":7500,"price":90.4,"category":"bbull"},{"type":"A","date":"2018-03-20T05:10:24.000Z","volume":11000,"price":90.4,"category":"bbull"},{"type":"A","date":"2018-03-20T05:08:13.000Z","volume":5500,"price":90.55,"category":"bbull"},{"type":"A","date":"2018-03-20T05:07:05.000Z","volume":7000,"price":90.55,"category":"bbull"},{"type":"A","date":"2018-03-20T05:06:07.000Z","volume":8500,"price":90.6,"category":"bbull"},{"type":"A","date":"2018-03-20T05:05:53.000Z","volume":7500,"price":90.65,"category":"bbull"},{"type":"A","date":"2018-03-20T05:05:53.000Z","volume":5000,"price":90.65,"category":"bbull"},{"type":"A","date":"2018-03-20T05:05:43.000Z","volume":4500,"price":90.65,"category":"bbull"},{"type":"A","date":"2018-03-20T05:05:43.000Z","volume":6500,"price":90.55,"category":"bbull"},{"type":"A","date":"2018-03-20T05:05:43.000Z","volume":7000,"price":90.55,"category":"bbull"},{"type":"A","date":"2018-03-20T05:05:40.000Z","volume":4000,"price":90.55,"category":"bbull"},{"type":"A","date":"2018-03-20T05:02:08.000Z","volume":9000,"price":90.65,"category":"bbull"},{"type":"A","date":"2018-03-20T05:02:01.000Z","volume":5500,"price":90.55,"category":"bbull"},{"type":"A","date":"2018-03-20T05:01:45.000Z","volume":4500,"price":90.6,"category":"bbull"},{"type":"A","date":"2018-03-20T05:01:45.000Z","volume":5000,"price":90.55,"category":"bbull"},{"type":"A","date":"2018-03-20T05:00:58.000Z","volume":7500,"price":90.55,"category":"bbull"},{"type":"A","date":"2018-03-20T03:59:57.000Z","volume":5000,"price":90.55,"category":"bbull"},{"type":"A","date":"2018-03-20T03:59:38.000Z","volume":5000,"price":90.6,"category":"bbull"},{"type":"A","date":"2018-03-20T03:59:27.000Z","volume":4000,"price":90.55,"category":"bbull"},{"type":"A","date":"2018-03-20T03:59:18.000Z","volume":4000,"price":90.55,"category":"bbull"},{"type":"A","date":"2018-03-20T03:58:53.000Z","volume":5000,"price":90.55,"category":"bbull"},{"type":"A","date":"2018-03-20T03:58:50.000Z","volume":5000,"price":90.55,"category":"bbull"},{"type":"A","date":"2018-03-20T03:58:39.000Z","volume":5000,"price":90.6,"category":"bbull"},{"type":"A","date":"2018-03-20T03:58:36.000Z","volume":4000,"price":90.6,"category":"bbull"},{"type":"A","date":"2018-03-20T03:58:25.000Z","volume":10000,"price":90.55,"category":"bbull"},{"type":"A","date":"2018-03-20T03:58:19.000Z","volume":5000,"price":90.55,"category":"bbull"},{"type":"A","date":"2018-03-20T03:58:19.000Z","volume":5000,"price":90.55,"category":"bbull"},{"type":"A","date":"2018-03-20T03:58:18.000Z","volume":5000,"price":90.55,"category":"bbull"},{"type":"A","date":"2018-03-20T03:58:16.000Z","volume":5000,"price":90.55,"category":"bbull"},{"type":"A","date":"2018-03-20T03:58:15.000Z","volume":10000,"price":90.55,"category":"bbull"},{"type":"A","date":"2018-03-20T03:58:11.000Z","volume":10000,"price":90.55,"category":"bbull"},{"type":"A","date":"2018-03-20T03:58:07.000Z","volume":10000,"price":90.55,"category":"bbull"},{"type":"A","date":"2018-03-20T03:57:33.000Z","volume":10000,"price":90.55,"category":"bbull"},{"type":"A","date":"2018-03-20T03:57:17.000Z","volume":7000,"price":90.5,"category":"bbull"},{"type":"A","date":"2018-03-20T03:57:02.000Z","volume":4500,"price":90.5,"category":"bbull"},{"type":"A","date":"2018-03-20T03:57:01.000Z","volume":5000,"price":90.5,"category":"bbull"},{"type":"A","date":"2018-03-20T03:57:01.000Z","volume":4000,"price":90.5,"category":"bbull"},{"type":"A","date":"2018-03-20T03:56:42.000Z","volume":5000,"price":90.5,"category":"bbull"},{"type":"A","date":"2018-03-20T03:56:41.000Z","volume":10000,"price":90.5,"category":"bbull"},{"type":"A","date":"2018-03-20T03:55:22.000Z","volume":5500,"price":90.5,"category":"bbull"},{"type":"A","date":"2018-03-20T03:55:22.000Z","volume":10000,"price":90.4,"category":"bbull"},{"type":"A","date":"2018-03-20T03:54:49.000Z","volume":5000,"price":90.6,"category":"bbull"},{"type":"A","date":"2018-03-20T03:54:14.000Z","volume":4000,"price":90.6,"category":"bbull"},{"type":"A","date":"2018-03-20T03:53:49.000Z","volume":10000,"price":90.6,"category":"bbull"},{"type":"A","date":"2018-03-20T03:53:41.000Z","volume":4000,"price":90.6,"category":"bbull"},{"type":"A","date":"2018-03-20T03:51:44.000Z","volume":7000,"price":90.55,"category":"bbull"},{"type":"A","date":"2018-03-20T03:51:39.000Z","volume":9000,"price":90.55,"category":"bbull"},{"type":"A","date":"2018-03-20T03:51:39.000Z","volume":7500,"price":90.5,"category":"bbull"},{"type":"A","date":"2018-03-20T03:51:21.000Z","volume":10000,"price":90.5,"category":"bbull"},{"type":"A","date":"2018-03-20T03:51:06.000Z","volume":5000,"price":90.45,"category":"bbull"},{"type":"A","date":"2018-03-20T03:51:02.000Z","volume":11000,"price":90.45,"category":"bbull"},{"type":"A","date":"2018-03-20T03:50:44.000Z","volume":5000,"price":90.4,"category":"bbull"},{"type":"A","date":"2018-03-20T03:50:28.000Z","volume":5000,"price":90.4,"category":"bbull"},{"type":"A","date":"2018-03-20T03:50:18.000Z","volume":5000,"price":90.4,"category":"bbull"},{"type":"A","date":"2018-03-20T03:50:06.000Z","volume":4000,"price":90.4,"category":"bbull"},{"type":"A","date":"2018-03-20T03:49:59.000Z","volume":7000,"price":90.55,"category":"bbull"}