[{"type":"A","date":"2018-03-20T02:05:26.000Z","volume":450000,"price":0.52,"category":"ubbull"},{"type":"A","date":"2018-03-20T02:05:24.000Z","volume":300000,"price":0.52,"category":"ubbull"},{"type":"A","date":"2018-03-20T02:03:09.000Z","volume":750000,"price":0.51,"category":"ubbull"},{"type":"A","date":"2018-03-20T06:27:12.000Z","volume":150000,"price":0.495,"category":"bbull"},{"type":"A","date":"2018-03-20T06:16:32.000Z","volume":120000,"price":0.495,"category":"bbull"},{"type":"A","date":"2018-03-20T02:06:59.000Z","volume":150000,"price":0.52,"category":"bbull"},{"type":"A","date":"2018-03-20T02:06:37.000Z","volume":120000,"price":0.52,"category":"bbull"},{"type":"A","date":"2018-03-20T02:05:26.000Z","volume":102000,"price":0.52,"category":"bbull"},{"type":"A","date":"2018-03-20T02:05:23.000Z","volume":150000,"price":0.52,"category":"bbull"},{"type":"A","date":"2018-03-20T02:05:23.000Z","volume":150000,"price":0.52,"category":"bbull"},{"type":"A","date":"2018-03-20T02:05:01.000Z","volume":102000,"price":0.52,"category":"bbull"},{"type":"A","date":"2018-03-20T07:59:12.000Z","volume":6000,"price":0.49,"category":"rbull"},{"type":"A","date":"2018-03-20T07:58:58.000Z","volume":6000,"price":0.49,"category":"rbull"},{"type":"A","date":"2018-03-20T07:58:53.000Z","volume":6000,"price":0.49,"category":"rbull"},{"type":"A","date":"2018-03-20T07:58:02.000Z","volume":6000,"price":0.485,"category":"rbull"},{"type":"A","date":"2018-03-20T07:52:59.000Z","volume":6000,"price":0.49,"category":"rbull"},{"type":"A","date":"2018-03-20T07:39:48.000Z","volume":6000,"price":0.49,"category":"rbull"},{"type":"A","date":"2018-03-20T07:39:48.000Z","volume":6000,"price":0.485,"category":"rbull"},{"type":"A","date":"2018-03-20T06:10:19.000Z","volume":6000,"price":0.495,"category":"rbull"},{"type":"A","date":"2018-03-20T06:08:39.000Z","volume":6000,"price":0.495,"category":"rbull"},{"type":"A","date":"2018-03-20T05:16:59.000Z","volume":12000,"price":0.49,"category":"rbull"},{"type":"A","date":"2018-03-20T05:15:44.000Z","volume":6000,"price":0.49,"category":"rbull"},{"type":"A","date":"2018-03-20T03:56:25.000Z","volume":12000,"price":0.495,"category":"rbull"},{"type":"A","date":"2018-03-20T03:51:49.000Z","volume":12000,"price":0.495,"category":"rbull"},{"type":"A","date":"2018-03-20T03:29:23.000Z","volume":6000,"price":0.495,"category":"rbull"},{"type":"A","date":"2018-03-20T03:05:54.000Z","volume":6000,"price":0.49,"category":"rbull"},{"type":"A","date":"2018-03-20T03:01:02.000Z","volume":12000,"price":0.485,"category":"rbull"},{"type":"A","date":"2018-03-20T02:20:46.000Z","volume":6000,"price":0.5,"category":"rbull"},{"type":"A","date":"2018-03-20T02:20:46.000Z","volume":6000,"price":0.5,"category":"rbull"},{"type":"A","date":"2018-03-20T02:01:31.000Z","volume":6000,"price":0.51,"category":"rbull"},{"type":"A","date":"2018-03-20T02:00:38.000Z","volume":6000,"price":0.51,"category":"rbull"},{"type":"A","date":"2018-03-20T01:33:27.000Z","volume":12000,"price":0.495,"category":"rbull"},{"type":"B","date":"2018-03-20T07:33:04.000Z","volume":12000,"price":0.485,"category":"rbear"},{"type":"B","date":"2018-03-20T06:40:29.000Z","volume":12000,"price":0.49,"category":"rbear"},{"type":"B","date":"2018-03-20T06:08:15.000Z","volume":12000,"price":0.49,"category":"rbear"},{"type":"B","date":"2018-03-20T05:54:28.000Z","volume":6000,"price":0.485,"category":"rbear"},{"type":"B","date":"2018-03-20T05:52:56.000Z","volume":12000,"price":0.49,"category":"rbear"},{"type":"B","date":"2018-03-20T05:22:45.000Z","volume":6000,"price":0.49,"category":"rbear"},{"type":"B","date":"2018-03-20T03:25:52.000Z","volume":6000,"price":0.49,"category":"rbear"},{"type":"B","date":"2018-03-20T03:08:38.000Z","volume":12000,"price":0.485,"category":"rbear"},{"type":"B","date":"2018-03-20T03:00:59.000Z","volume":6000,"price":0.485,"category":"rbear"},{"type":"B","date":"2018-03-20T03:00:42.000Z","volume":6000,"price":0.485,"category":"rbear"},{"type":"B","date":"2018-03-20T02:27:41.000Z","volume":12000,"price":0.49,"category":"rbear"},{"type":"B","date":"2018-03-20T02:08:45.000Z","volume":12000,"price":0.51,"category":"rbear"},{"type":"B","date":"2018-03-20T02:05:43.000Z","volume":6000,"price":0.52,"category":"rbear"},{"type":"B","date":"2018-03-20T01:55:38.000Z","volume":12000,"price":0.5,"category":"rbear"},{"type":"B","date":"2018-03-20T01:48:07.000Z","volume":12000,"price":0.5,"category":"rbear"},{"type":"B","date":"2018-03-20T01:40:00.000Z","volume":12000,"price":0.495,"category":"rbear"},{"type":"B","date":"2018-03-20T01:38:57.000Z","volume":12000,"price":0.495,"category":"rbear"},{"type":"B","date":"2018-03-20T01:35:28.000Z","volume":12000,"price":0.49,"category":"rbear"},{"type":"B","date":"2018-03-20T01:30:28.000Z","volume":6000,"price":0.5,"category":"rbear"},{"type":"B","date":"2018-03-20T02:49:15.000Z","volume":150000,"price":0.485,"category":"bbear"},{"type":"B","date":"2018-03-20T02:43:53.000Z","volume":102000,"price":0.49,"category":"bbear"},{"type":"B","date":"2018-03-20T02:28:02.000Z","volume":162000,"price":0.485,"category":"bbear"},{"type":"B","date":"2018-03-20T02:27:48.000Z","volume":138000,"price":0.485,"category":"bbear"},{"type":"B","date":"2018-03-20T02:27:30.000Z","volume":120000,"price":0.49,"category":"bbear"},{"type":"B","date":"2018-03-20T02:20:28.000Z","volume":222000,"price":0.5,"category":"bbear"},{"type":"B","date":"2018-03-20T02:20:28.000Z","volume":180000,"price":0.5,"category":"bbear"},{"type":"B","date":"2018-03-20T01:43:22.000Z","volume":120000,"price":0.495,"category":"bbear"},{"type":"B","date":"2018-03-20T07:50:13.000Z","volume":300000,"price":0.48,"category":"ubbear"},{"type":"B","date":"2018-03-20T07:30:50.000Z","volume":1800000,"price":0.485,"category":"ubbear"},{"type":"B","date":"2018-03-20T07:20:51.000Z","volume":300000,"price":0.49,"category":"ubbear"},{"type":"B","date":"2018-03-20T05:15:03.000Z","volume":258000,"price":0.49,"category":"ubbear"},{"type":"B","date":"2018-03-20T02:56:55.000Z","volume":786000,"price":0.485,"category":"ubbear"},{"type":"B","date":"2018-03-20T02:43:00.000Z","volume":300000,"price":0.49,"category":"ubbear"},{"type":"B","date":"2018-03-20T02:27:41.000Z","volume":600000,"price":0.49,"category":"ubbear"},{"type":"B","date":"2018-03-20T02:27:21.000Z","volume":300000,"price":0.495,"category":"ubbear"},{"type":"B","date":"2018-03-20T02:08:57.000Z","volume":384000,"price":0.51,"category":"ubbear"}]