[{"type":"U","date":"2018-03-27T01:20:00.000Z","volume":184000,"label":"U","price":8.26},{"type":"A","date":"2018-03-27T01:30:00.000Z","volume":2000,"label":" ","price":8.27},{"type":"B","date":"2018-03-27T01:30:00.000Z","volume":8000,"label":" ","price":8.26},{"type":"A","date":"2018-03-27T01:30:00.000Z","volume":8000,"label":" ","price":8.27},{"type":"U","date":"2018-03-27T01:30:00.000Z","volume":500,"label":" ","price":8.27},{"type":"B","date":"2018-03-27T01:30:00.000Z","volume":5500,"label":" ","price":8.26},{"type":"A","date":"2018-03-27T01:30:01.000Z","volume":500,"label":" ","price":8.28},{"type":"U","date":"2018-03-27T01:30:03.000Z","volume":4500,"label":" ","price":8.27},{"type":"A","date":"2018-03-27T01:30:03.000Z","volume":55500,"label":" ","price":8.28},{"type":"A","date":"2018-03-27T01:30:04.000Z","volume":5500,"label":" ","price":8.29},{"type":"U","date":"2018-03-27T01:30:04.000Z","volume":1000,"label":" ","price":8.27},{"type":"A","date":"2018-03-27T01:30:05.000Z","volume":9500,"label":" ","price":8.3},{"type":"A","date":"2018-03-27T01:30:08.000Z","volume":7000,"label":" ","price":8.3},{"type":"A","date":"2018-03-27T01:30:08.000Z","volume":16000,"label":" ","price":8.3},{"type":"B","date":"2018-03-27T01:30:10.000Z","volume":500,"label":" ","price":8.27},{"type":"A","date":"2018-03-27T01:30:10.000Z","volume":5000,"label":" ","price":8.31},{"type":"A","date":"2018-03-27T01:30:11.000Z","volume":5000,"label":" ","price":8.31},{"type":"A","date":"2018-03-27T01:30:13.000Z","volume":3500,"label":" ","price":8.31},{"type":"B","date":"2018-03-27T01:30:14.000Z","volume":5000,"label":" ","price":8.28},{"type":"B","date":"2018-03-27T01:30:14.000Z","volume":7000,"label":" ","price":8.27},{"type":"A","date":"2018-03-27T01:30:14.000Z","volume":30000,"label":" ","price":8.3},{"type":"A","date":"2018-03-27T01:30:14.000Z","volume":30000,"label":" ","price":8.31},{"type":"A","date":"2018-03-27T01:30:16.000Z","volume":5500,"label":" ","price":8.3},{"type":"A","date":"2018-03-27T01:30:17.000Z","volume":5000,"label":" ","price":8.31},{"type":"A","date":"2018-03-27T01:30:19.000Z","volume":2500,"label":" ","price":8.29},{"type":"B","date":"2018-03-27T01:30:20.000Z","volume":10000,"label":" ","price":8.28},{"type":"A","date":"2018-03-27T01:30:21.000Z","volume":4000,"label":" ","price":8.29},{"type":"B","date":"2018-03-27T01:30:21.000Z","volume":10000,"label":" ","price":8.28},{"type":"B","date":"2018-03-27T01:30:23.000Z","volume":10000,"label":" ","price":8.28},{"type":"A","date":"2018-03-27T01:30:23.000Z","volume":1500,"label":" ","price":8.29},{"type":"A","date":"2018-03-27T01:30:23.000Z","volume":500,"label":" ","price":8.29},{"type":"A","date":"2018-03-27T01:30:23.000Z","volume":2500,"label":" ","price":8.29},{"type":"A","date":"2018-03-27T01:30:23.000Z","volume":500,"label":" ","price":8.29},{"type":"A","date":"2018-03-27T01:30:24.000Z","volume":1000,"label":"Y","price":8.29},{"type":"B","date":"2018-03-27T01:30:25.000Z","volume":2000,"label":" ","price":8.28},{"type":"A","date":"2018-03-27T01:30:25.000Z","volume":2500,"label":" ","price":8.29},{"type":"A","date":"2018-03-27T01:30:25.000Z","volume":1000,"label":" ","price":8.29},{"type":"A","date":"2018-03-27T01:30:25.000Z","volume":96000,"label":" ","price":8.29},{"type":"A","date":"2018-03-27T01:30:25.000Z","volume":8000,"label":" ","price":8.3},{"type":"U","date":"2018-03-27T01:30:26.000Z","volume":500,"label":" ","price":8.31},{"type":"U","date":"2018-03-27T01:30:27.000Z","volume":500,"label":" ","price":8.31},{"type":"U","date":"2018-03-27T01:30:27.000Z","volume":500,"label":" ","price":8.31},{"type":"U","date":"2018-03-27T01:30:27.000Z","volume":500,"label":" ","price":8.31},{"type":"U","date":"2018-03-27T01:30:28.000Z","volume":500,"label":" ","price":8.31},{"type":"A","date":"2018-03-27T01:30:28.000Z","volume":7000,"label":" ","price":8.32},{"type":"A","date":"2018-03-27T01:30:28.000Z","volume":12500,"label":" ","price":8.32},{"type":"A","date":"2018-03-27T01:30:28.000Z","volume":500,"label":" ","price":8.32},{"type":"A","date":"2018-03-27T01:30:30.000Z","volume":8000,"label":"Y","price":8.32},{"type":"A","date":"2018-03-27T01:30:30.000Z","volume":1500,"label":" ","price":8.32},{"type":"A","date":"2018-03-27T01:30:35.000Z","volume":3500,"label":" ","price":8.32},{"type":"A","date":"2018-03-27T01:30:35.000Z","volume":1000,"label":" ","price":8.32},{"type":"A","date":"2018-03-27T01:30:45.000Z","volume":1500,"label":" ","price":8.32},{"type":"A","date":"2018-03-27T01:30:45.000Z","volume":2500,"label":" ","price":8.33},{"type":"U","date":"2018-03-27T01:30:47.000Z","volume":2000,"label":" ","price":8.31},{"type":"A","date":"2018-03-27T01:31:01.000Z","volume":6000,"label":" ","price":8.32},{"type":"B","date":"2018-03-27T01:31:02.000Z","volume":92000,"label":" ","price":8.3},{"type":"B","date":"2018-03-27T01:31:03.000Z","volume":37500,"label":" ","price":8.29},{"type":"B","date":"2018-03-27T01:31:04.000Z","volume":7500,"label":" ","price":8.29},{"type":"B","date":"2018-03-27T01:31:05.000Z","volume":7500,"label":" ","price":8.29},{"type":"B","date":"2018-03-27T01:31:06.000Z","volume":6000,"label":" ","price":8.28},{"type":"B","date":"2018-03-27T01:31:06.000Z","volume":14500,"label":" ","price":8.27},{"type":"B","date":"2018-03-27T01:31:06.000Z","volume":7000,"label":" ","price":8.27},{"type":"B","date":"2018-03-27T01:31:06.000Z","volume":3000,"label":" ","price":8.27},{"type":"A","date":"2018-03-27T01:31:08.000Z","volume":23500,"label":" ","price":8.28},{"type":"A","date":"2018-03-27T01:31:08.000Z","volume":1000,"label":" ","price":8.29},{"type":"A","date":"2018-03-27T01:31:08.000Z","volume":54000,"label":" ","price":8.3},{"type":"A","date":"2018-03-27T01:31:08.000Z","volume":500,"label":" ","price":8.31},{"type":"A","date":"2018-03-27T01:31:08.000Z","volume":1500,"label":" ","price":8.31},{"type":"A","date":"2018-03-27T01:31:08.000Z","volume":8500,"label":" ","price":8.32},{"type":"A","date":"2018-03-27T01:31:08.000Z","volume":8500,"label":" ","price":8.32},{"type":"B","date":"2018-03-27T01:31:09.000Z","volume":2000,"label":" ","price":8.3},{"type":"A","date":"2018-03-27T01:31:11.000Z","volume":2000,"label":" ","price":8.32},{"type":"A","date":"2018-03-27T01:31:17.000Z","volume":1500,"label":" ","price":8.32},{"type":"B","date":"2018-03-27T01:31:19.000Z","volume":10000,"label":" ","price":8.3},{"type":"B","date":"2018-03-27T01:31:20.000Z","volume":10000,"label":" ","price":8.3},{"type":"A","date":"2018-03-27T01:31:22.000Z","volume":3000,"label":" ","price":8.32},{"type":"B","date":"2018-03-27T01:31:23.000Z","volume":4000,"label":"Y","price":8.3},{"type":"B","date":"2018-03-27T01:31:24.000Z","volume":8500,"label":" ","price":8.3},{"type":"A","date":"2018-03-27T01:31:24.000Z","volume":2000,"label":" ","price":8.32},{"type":"A","date":"2018-03-27T01:31:28.000Z","volume":8000,"label":" ","price":8.31},{"type":"A","date":"2018-03-27T01:31:28.000Z","volume":2000,"label":" ","price":8.32},{"type":"A","date":"2018-03-27T01:31:31.000Z","volume":500,"label":" ","price":8.32},{"type":"B","date":"2018-03-27T01:31:35.000Z","volume":500,"label":" ","price":8.31},{"type":"B","date":"2018-03-27T01:31:57.000Z","volume":121500,"label":" ","price":8.3},{"type":"B","date":"2018-03-27T01:31:57.000Z","volume":15000,"label":" ","price":8.3},{"type":"A","date":"2018-03-27T01:32:02.000Z","volume":2000,"label":" ","price":8.3},{"type":"A","date":"2018-03-27T01:32:13.000Z","volume":1000,"label":" ","price":8.3},{"type":"A","date":"2018-03-27T01:32:16.000Z","volume":20000,"label":" ","price":8.3},{"type":"A","date":"2018-03-27T01:32:24.000Z","volume":2000,"label":" ","price":8.3},{"type":"A","date":"2018-03-27T01:32:25.000Z","volume":4000,"label":" ","price":8.3},{"type":"A","date":"2018-03-27T01:32:25.000Z","volume":1000,"label":" ","price":8.3},{"type":"B","date":"2018-03-27T01:32:39.000Z","volume":23500,"label":" ","price":8.28},{"type":"B","date":"2018-03-27T01:32:39.000Z","volume":7000,"label":" ","price":8.28},{"type":"A","date":"2018-03-27T01:32:39.000Z","volume":1000,"label":" ","price":8.28},{"type":"A","date":"2018-03-27T01:32:44.000Z","volume":10000,"label":" ","price":8.28},{"type":"B","date":"2018-03-27T01:32:45.000Z","volume":1000,"label":" ","price":8.27},{"type":"B","date":"2018-03-27T01:32:53.000Z","volume":1000,"label":"Y","price":8.27},{"type":"B","date":"2018-03-27T01:32:53.000Z","volume":500,"label":" ","price":8.27},{"type":"B","date":"2018-03-27T01:32:56.000Z","volume":500,"label":" ","price":8.26},{"type":"B","date":"2018-03-27T01:32:59.000Z","volume":10500,"label":" ","price":8.26},{"type":"A","date":"2018-03-27T01:33:04.000Z","volume":32000,"label":" ","price":8.27},{"type":"A","date":"2018-03-27T01:33:04.000Z","volume":9000,"label":" ","price":8.27},{"type":"A","date":"2018-03-27T01:33:04.000Z","volume":500,"label":" ","price":8.28},{"type":"A","date":"2018-03-27T01:33:04.000Z","volume":500,"label":" ","price":8.28},{"type":"B","date":"2018-03-27T01:33:09.000Z","volume":6000,"label":" ","price":8.27},{"type":"B","date":"2018-03-27T01:33:11.000Z","volume":500,"label":"Y","price":8.27},{"type":"B","date":"2018-03-27T01:33:14.000Z","volume":2500,"label":" ","price":8.27},{"type":"B","date":"2018-03-27T01:33:17.000Z","volume":9000,"label":" ","price":8.27},{"type":"B","date":"2018-03-27T01:33:17.000Z","volume":24000,"label":" ","price":8.27},{"type":"A","date":"2018-03-27T01:33:18.000Z","volume":4000,"label":" ","price":8.28},{"type":"A","date":"2018-03-27T01:33:19.000Z","volume":1000,"label":" ","price":8.28},{"type":"B","date":"2018-03-27T01:33:20.000Z","volume":3500,"label":" ","price":8.27},{"type":"A","date":"2018-03-27T01:33:20.000Z","volume":1000,"label":" ","price":8.28},{"type":"B","date":"2018-03-27T01:33:21.000Z","volume":1500,"label":" ","price":8.27},{"type":"B","date":"2018-03-27T01:33:21.000Z","volume":3500,"label":" ","price":8.26},{"type":"B","date":"2018-03-27T01:33:27.000Z","volume":5000,"label":" ","price":8.26},{"type":"A","date":"2018-03-27T01:33:27.000Z","volume":1000,"label":" ","price":8.28},{"type":"U","date":"2018-03-27T01:33:28.000Z","volume":1500,"label":" ","price":8.27},{"type":"A","date":"2018-03-27T01:33:28.000Z","volume":500,"label":" ","price":8.28},{"type":"U","date":"2018-03-27T01:33:29.000Z","volume":7000,"label":" ","price":8.27},{"type":"A","date":"2018-03-27T01:33:29.000Z","volume":1500,"label":" ","price":8.28},{"type":"U","date":"2018-03-27T01:33:33.000Z","volume":5000,"label":" ","price":8.27},{"type":"U","date":"2018-03-27T01:33:33.000Z","volume":1000,"label":" ","price":8.27},{"type":"A","date":"2018-03-27T01:33:33.000Z","volume":1500,"label":" ","price":8.28},{"type":"B","date":"2018-03-27T01:33:36.000Z","volume":500,"label":" ","price":8.27},{"type":"B","date":"2018-03-27T01:33:36.000Z","volume":6000,"label":" ","price":8.27},{"type":"A","date":"2018-03-27T01:33:36.000Z","volume":1000,"label":" ","price":8.28},{"type":"A","date":"2018-03-27T01:33:42.000Z","volume":5000,"label":" ","price":8.28},{"type":"A","date":"2018-03-27T01:33:42.000Z","volume":1000,"label":" ","price":8.28},{"type":"A","date":"2018-03-27T01:33:42.000Z","volume":500,"label":" ","price":8.28},{"type":"A","date":"2018-03-27T01:33:48.000Z","volume":1500,"label":" ","price":8.28},{"type":"B","date":"2018-03-27T01:34:15.000Z","volume":30000,"label":" ","price":8.27},{"type":"A","date":"2018-03-27T01:34:15.000Z","volume":1000,"label":" ","price":8.28},{"type":"B","date":"2018-03-27T01:34:15.000Z","volume":4000,"label":" ","price":8.27},{"type":"A","date":"2018-03-27T01:34:15.000Z","volume":1000,"label":" ","price":8.28},{"type":"B","date":"2018-03-27T01:34:17.000Z","volume":1000,"label":" ","price":8.27},{"type":"A","date":"2018-03-27T01:34:18.000Z","volume":500,"label":" ","price":8.28},{"type":"A","date":"2018-03-27T01:34:20.000Z","volume":2000,"label":" ","price":8.28},{"type":"A","date":"2018-03-27T01:34:21.000Z","volume":500,"label":" ","price":8.28},{"type":"B","date":"2018-03-27T01:34:38.000Z","volume":20500,"label":"Y","price":8.27},{"type":"B","date":"2018-03-27T01:34:38.000Z","volume":19500,"label":" ","price":8.27},{"type":"B","date":"2018-03-27T01:34:38.000Z","volume":8000,"label":"Y","price":8.27},{"type":"B","date":"2018-03-27T01:34:38.000Z","volume":500,"label":" ","price":8.27},{"type":"U","date":"2018-03-27T01:34:38.000Z","volume":4500,"label":" ","price":8.27},{"type":"B","date":"2018-03-27T01:34:59.000Z","volume":1500,"label":" ","price":8.26},{"type":"B","date":"2018-03-27T01:35:16.000Z","volume":50000,"label":" ","price":8.26},{"type":"B","date":"2018-03-27T01:35:20.000Z","volume":100000,"label":" ","price":8.26},{"type":"A","date":"2018-03-27T01:36:00.000Z","volume":10000,"label":" ","price":8.26},{"type":"B","date":"2018-03-27T01:36:30.000Z","volume":10000,"label":" ","price":8.25},{"type":"A","date":"2018-03-27T01:36:40.000Z","volume":500,"label":" ","price":8.26},{"type":"B","date":"2018-03-27T01:36:42.000Z","volume":51000,"label":" ","price":8.25},{"type":"B","date":"2018-03-27T01:36:42.000Z","volume":53500,"label":" ","price":8.25},{"type":"B","date":"2018-03-27T01:36:42.000Z","volume":1000,"label":" ","price":8.25},{"type":"B","date":"2018-03-27T01:36:44.000Z","volume":20000,"label":" ","price":8.25},{"type":"B","date":"2018-03-27T01:36:44.000Z","volume":5500,"label":" ","price":8.25},{"type":"B","date":"2018-03-27T01:37:01.000Z","volume":11000,"label":" ","price":8.24},{"type":"B","date":"2018-03-27T01:37:01.000Z","volume":1500,"label":" ","price":8.24},{"type":"B","date":"2018-03-27T01:37:01.000Z","volume":2500,"label":" ","price":8.24},{"type":"B","date":"2018-03-27T01:37:16.000Z","volume":1000,"label":" ","price":8.23},{"type":"B","date":"2018-03-27T01:37:47.000Z","volume":1000,"label":" ","price":8.23},{"type":"B","date":"2018-03-27T01:37:48.000Z","volume":13500,"label":" ","price":8.23},{"type":"B","date":"2018-03-27T01:37:50.000Z","volume":5000,"label":" ","price":8.23},{"type":"A","date":"2018-03-27T01:37:50.000Z","volume":500,"label":" ","price":8.23},{"type":"A","date":"2018-03-27T01:37:54.000Z","volume":1500,"label":" ","price":8.23},{"type":"A","date":"2018-03-27T01:38:04.000Z","volume":3000,"label":" ","price":8.23},{"type":"B","date":"2018-03-27T01:38:07.000Z","volume":10000,"label":" ","price":8.22},{"type":"B","date":"2018-03-27T01:38:13.000Z","volume":5000,"label":" ","price":8.22},{"type":"B","date":"2018-03-27T01:38:41.000Z","volume":4000,"label":" ","price":8.22},{"type":"B","date":"2018-03-27T01:39:10.000Z","volume":5500,"label":" ","price":8.22},{"type":"B","date":"2018-03-27T01:39:11.000Z","volume":1500,"label":" ","price":8.22},{"type":"B","date":"2018-03-27T01:39:16.000Z","volume":10000,"label":" ","price":8.22},{"type":"A","date":"2018-03-27T01:39:18.000Z","volume":500,"label":" ","price":8.23},{"type":"B","date":"2018-03-27T01:39:18.000Z","volume":1000,"label":" ","price":8.22},{"type":"B","date":"2018-03-27T01:39:46.000Z","volume":500,"label":"Y","price":8.22},{"type":"B","date":"2018-03-27T01:39:46.000Z","volume":6500,"label":" ","price":8.22},{"type":"B","date":"2018-03-27T01:39:48.000Z","volume":500,"label":" ","price":8.22},{"type":"B","date":"2018-03-27T01:39:49.000Z","volume":10000,"label":" ","price":8.22},{"type":"B","date":"2018-03-27T01:39:51.000Z","volume":500,"label":" ","price":8.22},{"type":"B","date":"2018-03-27T01:40:00.000Z","volume":500,"label":" ","price":8.21},{"type":"A","date":"2018-03-27T01:40:11.000Z","volume":2000,"label":" ","price":8.22},{"type":"A","date":"2018-03-27T01:40:14.000Z","volume":10000,"label":" ","price":8.22},{"type":"A","date":"2018-03-27T01:40:19.000Z","volume":5500,"label":" ","price":8.22},{"type":"A","date":"2018-03-27T01:40:19.000Z","volume":107000,"label":" ","price":8.22},{"type":"A","date":"2018-03-27T01:40:19.000Z","volume":4500,"label":" ","price":8.23},{"type":"A","date":"2018-03-27T01:40:19.000Z","volume":500,"label":" ","price":8.23},{"type":"A","date":"2018-03-27T01:40:19.000Z","volume":1000,"label":" ","price":8.22},{"type":"B","date":"2018-03-27T01:40:26.000Z","volume":500,"label":" ","price":8.22},{"type":"B","date":"2018-03-27T01:40:32.000Z","volume":47000,"label":" ","price":8.22},{"type":"B","date":"2018-03-27T01:40:32.000Z","volume":3000,"label":" ","price":8.21},{"type":"B","date":"2018-03-27T01:40:34.000Z","volume":3500,"label":" ","price":8.22},{"type":"A","date":"2018-03-27T01:40:41.000Z","volume":8000,"label":" ","price":8.23},{"type":"B","date":"2018-03-27T01:40:46.000Z","volume":5000,"label":" ","price":8.22},{"type":"A","date":"2018-03-27T01:40:49.000Z","volume":30000,"label":" ","price":8.23},{"type":"A","date":"2018-03-27T01:40:49.000Z","volume":73500,"label":" ","price":8.23},{"type":"A","date":"2018-03-27T01:40:49.000Z","volume":8500,"label":" ","price":8.24},{"type":"A","date":"2018-03-27T01:40:49.000Z","volume":13500,"label":" ","price":8.24},{"type":"A","date":"2018-03-27T01:40:49.000Z","volume":2500,"label":" ","price":8.24},{"type":"A","date":"2018-03-27T01:40:49.000Z","volume":500,"label":" ","price":8.24},{"type":"B","date":"2018-03-27T01:40:51.000Z","volume":1000,"label":" ","price":8.23},{"type":"A","date":"2018-03-27T01:40:52.000Z","volume":19500,"label":" ","price":8.24},{"type":"A","date":"2018-03-27T01:40:52.000Z","volume":18500,"label":" ","price":8.24},{"type":"A","date":"2018-03-27T01:40:52.000Z","volume":9000,"label":" ","price":8.25},{"type":"A","date":"2018-03-27T01:40:52.000Z","volume":3500,"label":" ","price":8.25},{"type":"A","date":"2018-03-27T01:40:52.000Z","volume":14000,"label":" ","price":8.25},{"type":"A","date":"2018-03-27T01:40:52.000Z","volume":1000,"label":" ","price":8.26},{"type":"A","date":"2018-03-27T01:40:52.000Z","volume":3500,"label":" ","price":8.26},{"type":"B","date":"2018-03-27T01:40:52.000Z","volume":4000,"label":" ","price":8.25},{"type":"A","date":"2018-03-27T01:40:52.000Z","volume":1000,"label":" ","price":8.26},{"type":"A","date":"2018-03-27T01:41:11.000Z","volume":500,"label":" ","price":8.26},{"type":"A","date":"2018-03-27T01:41:14.000Z","volume":4000,"label":" ","price":8.26},{"type":"A","date":"2018-03-27T01:41:14.000Z","volume":1000,"label":" ","price":8.26},{"type":"B","date":"2018-03-27T01:41:21.000Z","volume":5000,"label":" ","price":8.25},{"type":"A","date":"2018-03-27T01:41:23.000Z","volume":1000,"label":"Y","price":8.26},{"type":"A","date":"2018-03-27T01:41:23.000Z","volume":2000,"label":" ","price":8.26},{"type":"A","date":"2018-03-27T01:41:23.000Z","volume":20000,"label":" ","price":8.26},{"type":"A","date":"2018-03-27T01:41:23.000Z","volume":1500,"label":" ","price":8.26},{"type":"A","date":"2018-03-27T01:42:04.000Z","volume":3000,"label":" ","price":8.26},{"type":"A","date":"2018-03-27T01:42:04.000Z","volume":2500,"label":" ","price":8.26},{"type":"A","date":"2018-03-27T01:42:04.000Z","volume":500,"label":" ","price":8.26},{"type":"A","date":"2018-03-27T01:42:04.000Z","volume":500,"label":" ","price":8.26},{"type":"A","date":"2018-03-27T01:42:04.000Z","volume":1500,"label":" ","price":8.26},{"type":"A","date":"2018-03-27T01:42:04.000Z","volume":9500,"label":" ","price":8.26},{"type":"A","date":"2018-03-27T01:42:04.000Z","volume":214000,"label":" ","price":8.26},{"type":"A","date":"2018-03-27T01:42:04.000Z","volume":10000,"label":" ","price":8.27},{"type":"A","date":"2018-03-27T01:42:04.000Z","volume":17000,"label":" ","price":8.28},{"type":"A","date":"2018-03-27T01:42:04.000Z","volume":10000,"label":" ","price":8.28},{"type":"A","date":"2018-03-27T01:42:04.000Z","volume":8500,"label":" ","price":8.29},{"type":"U","date":"2018-03-27T01:42:04.000Z","volume":2500,"label":" ","price":8.29},{"type":"U","date":"2018-03-27T01:42:07.000Z","volume":5000,"label":" ","price":8.29},{"type":"U","date":"2018-03-27T01:42:11.000Z","volume":2500,"label":" ","price":8.29},{"type":"A","date":"2018-03-27T01:42:11.000Z","volume":23500,"label":" ","price":8.3},{"type":"A","date":"2018-03-27T01:42:11.000Z","volume":1000,"label":" ","price":8.3},{"type":"A","date":"2018-03-27T01:42:11.000Z","volume":4500,"label":" ","price":8.3},{"type":"A","date":"2018-03-27T01:42:11.000Z","volume":1000,"label":" ","price":8.3},{"type":"A","date":"2018-03-27T01:42:12.000Z","volume":25500,"label":" ","price":8.3},{"type":"A","date":"2018-03-27T01:42:12.000Z","volume":6000,"label":" ","price":8.3},{"type":"B","date":"2018-03-27T01:42:20.000Z","volume":31500,"label":" ","price":8.27},{"type":"B","date":"2018-03-27T01:42:20.000Z","volume":18500,"label":" ","price":8.26},{"type":"U","date":"2018-03-27T01:42:20.000Z","volume":9500,"label":" ","price":8.29},{"type":"A","date":"2018-03-27T01:42:20.000Z","volume":500,"label":" ","price":8.3},{"type":"B","date":"2018-03-27T01:42:23.000Z","volume":5500,"label":" ","price":8.27},{"type":"B","date":"2018-03-27T01:42:23.000Z","volume":7500,"label":" ","price":8.27},{"type":"A","date":"2018-03-27T01:42:23.000Z","volume":1000,"label":" ","price":8.28},{"type":"B","date":"2018-03-27T01:42:27.000Z","volume":3000,"label":" ","price":8.26},{"type":"A","date":"2018-03-27T01:42:27.000Z","volume":1000,"label":" ","price":8.28},{"type":"U","date":"2018-03-27T01:42:55.000Z","volume":359,"label":"D","price":8.2},{"type":"A","date":"2018-03-27T01:42:57.000Z","volume":3000,"label":" ","price":8.28},{"type":"A","date":"2018-03-27T01:42:57.000Z","volume":9500,"label":" ","price":8.28},{"type":"A","date":"2018-03-27T01:42:57.000Z","volume":3000,"label":" ","price":8.28},{"type":"A","date":"2018-03-27T01:42:57.000Z","volume":2500,"label":" ","price":8.28},{"type":"A","date":"2018-03-27T01:42:57.000Z","volume":1500,"label":" ","price":8.28},{"type":"A","date":"2018-03-27T01:42:57.000Z","volume":1000,"label":" ","price":8.28},{"type":"U","date":"2018-03-27T01:43:16.000Z","volume":5000,"label":" ","price":8.27},{"type":"A","date":"2018-03-27T01:43:16.000Z","volume":1000,"label":" ","price":8.28},{"type":"A","date":"2018-03-27T01:43:18.000Z","volume":21500,"label":" ","price":8.27},{"type":"A","date":"2018-03-27T01:43:18.000Z","volume":5000,"label":" ","price":8.28},{"type":"A","date":"2018-03-27T01:43:18.000Z","volume":500,"label":" ","price":8.28},{"type":"B","date":"2018-03-27T01:43:32.000Z","volume":8000,"label":" ","price":8.27},{"type":"A","date":"2018-03-27T01:43:32.000Z","volume":1000,"label":" ","price":8.28},{"type":"A","date":"2018-03-27T01:43:45.000Z","volume":10000,"label":" ","price":8.28},{"type":"A","date":"2018-03-27T01:43:45.000Z","volume":2500,"label":" ","price":8.28},{"type":"A","date":"2018-03-27T01:43:45.000Z","volume":1500,"label":" ","price":8.28},{"type":"A","date":"2018-03-27T01:43:45.000Z","volume":500,"label":" ","price":8.28},{"type":"A","date":"2018-03-27T01:43:50.000Z","volume":3000,"label":" ","price":8.28},{"type":"A","date":"2018-03-27T01:43:50.000Z","volume":2500,"label":" ","price":8.28},{"type":"A","date":"2018-03-27T01:43:50.000Z","volume":1500,"label":" ","price":8.28},{"type":"A","date":"2018-03-27T01:43:50.000Z","volume":1500,"label":" ","price":8.28},{"type":"A","date":"2018-03-27T01:43:50.000Z","volume":9500,"label":" ","price":8.28},{"type":"A","date":"2018-03-27T01:43:50.000Z","volume":2500,"label":" ","price":8.28},{"type":"A","date":"2018-03-27T01:43:51.000Z","volume":45000,"label":" ","price":8.28},{"type":"A","date":"2018-03-27T01:43:51.000Z","volume":56500,"label":" ","price":8.28},{"type":"A","date":"2018-03-27T01:43:51.000Z","volume":18500,"label":" ","price":8.28},{"type":"A","date":"2018-03-27T01:43:52.000Z","volume":28000,"label":" ","price":8.29},{"type":"A","date":"2018-03-27T01:43:52.000Z","volume":3000,"label":" ","price":8.29},{"type":"A","date":"2018-03-27T01:43:52.000Z","volume":2000,"label":" ","price":8.3},{"type":"B","date":"2018-03-27T01:43:52.000Z","volume":500,"label":" ","price":8.29},{"type":"A","date":"2018-03-27T01:43:52.000Z","volume":500,"label":" ","price":8.29},{"type":"A","date":"2018-03-27T01:43:52.000Z","volume":2000,"label":" ","price":8.29},{"type":"A","date":"2018-03-27T01:44:12.000Z","volume":56500,"label":" ","price":8.29},{"type":"A","date":"2018-03-27T01:44:12.000Z","volume":10000,"label":" ","price":8.29},{"type":"A","date":"2018-03-27T01:44:12.000Z","volume":20500,"label":" ","price":8.29},{"type":"A","date":"2018-03-27T01:44:12.000Z","volume":11000,"label":" ","price":8.29},{"type":"A","date":"2018-03-27T01:44:12.000Z","volume":6000,"label":" ","price":8.29},{"type":"A","date":"2018-03-27T01:44:12.000Z","volume":1500,"label":" ","price":8.29},{"type":"A","date":"2018-03-27T01:44:12.000Z","volume":7000,"label":" ","price":8.29},{"type":"A","date":"2018-03-27T01:44:12.000Z","volume":3000,"label":" ","price":8.3},{"type":"A","date":"2018-03-27T01:44:12.000Z","volume":92000,"label":" ","price":8.3},{"type":"A","date":"2018-03-27T01:44:12.000Z","volume":12000,"label":" ","price":8.32},{"type":"A","date":"2018-03-27T01:44:12.000Z","volume":10000,"label":" ","price":8.33},{"type":"A","date":"2018-03-27T01:44:12.000Z","volume":500,"label":" ","price":8.33},{"type":"A","date":"2018-03-27T01:44:15.000Z","volume":500,"label":" ","price":8.32},{"type":"B","date":"2018-03-27T01:44:18.000Z","volume":10000,"label":" ","price":8.31},{"type":"A","date":"2018-03-27T01:44:18.000Z","volume":1500,"label":" ","price":8.33},{"type":"B","date":"2018-03-27T01:44:19.000Z","volume":2000,"label":" ","price":8.31},{"type":"A","date":"2018-03-27T01:44:19.000Z","volume":500,"label":" ","price":8.33},{"type":"B","date":"2018-03-27T01:44:19.000Z","volume":45000,"label":" ","price":8.31},{"type":"B","date":"2018-03-27T01:44:19.000Z","volume":15000,"label":" ","price":8.31},{"type":"B","date":"2018-03-27T01:44:19.000Z","volume":6500,"label":" ","price":8.31},{"type":"A","date":"2018-03-27T01:44:29.000Z","volume":5000,"label":" ","price":8.31},{"type":"U","date":"2018-03-27T01:44:30.000Z","volume":70,"label":"D","price":8.21},{"type":"B","date":"2018-03-27T01:44:38.000Z","volume":12000,"label":" ","price":8.3},{"type":"U","date":"2018-03-27T01:44:38.000Z","volume":3500,"label":" ","price":8.3},{"type":"A","date":"2018-03-27T01:44:52.000Z","volume":10000,"label":" ","price":8.31},{"type":"B","date":"2018-03-27T01:44:59.000Z","volume":9500,"label":" ","price":8.29},{"type":"A","date":"2018-03-27T01:44:59.000Z","volume":500,"label":" ","price":8.29},{"type":"B","date":"2018-03-27T01:45:31.000Z","volume":9500,"label":" ","price":8.29},{"type":"B","date":"2018-03-27T01:45:31.000Z","volume":3500,"label":" ","price":8.29},{"type":"A","date":"2018-03-27T01:45:33.000Z","volume":8000,"label":" ","price":8.29},{"type":"A","date":"2018-03-27T01:45:33.000Z","volume":2000,"label":" ","price":8.3},{"type":"A","date":"2018-03-27T01:45:37.000Z","volume":17500,"label":" ","price":8.29},{"type":"A","date":"2018-03-27T01:45:38.000Z","volume":30000,"label":" ","price":8.29},{"type":"A","date":"2018-03-27T01:45:38.000Z","volume":21500,"label":" ","price":8.29},{"type":"A","date":"2018-03-27T01:45:38.000Z","volume":52500,"label":" ","price":8.3},{"type":"A","date":"2018-03-27T01:45:38.000Z","volume":11000,"label":" ","price":8.3},{"type":"A","date":"2018-03-27T01:45:38.000Z","volume":500,"label":" ","price":8.3},{"type":"B","date":"2018-03-27T01:45:42.000Z","volume":5000,"label":" ","price":8.29},{"type":"B","date":"2018-03-27T01:45:55.000Z","volume":3000,"label":" ","price":8.29},{"type":"A","date":"2018-03-27T01:45:56.000Z","volume":12000,"label":" ","price":8.3},{"type":"A","date":"2018-03-27T01:46:34.000Z","volume":500,"label":" ","price":8.31},{"type":"A","date":"2018-03-27T01:46:35.000Z","volume":500,"label":" ","price":8.31},{"type":"A","date":"2018-03-27T01:46:50.000Z","volume":3000,"label":" ","price":8.31},{"type":"A","date":"2018-03-27T01:46:53.000Z","volume":47000,"label":" ","price":8.31},{"type":"A","date":"2018-03-27T01:46:53.000Z","volume":3000,"label":" ","price":8.31},{"type":"A","date":"2018-03-27T01:47:00.000Z","volume":40500,"label":" ","price":8.32},{"type":"A","date":"2018-03-27T01:47:00.000Z","volume":500,"label":" ","price":8.32},{"type":"A","date":"2018-03-27T01:47:00.000Z","volume":500,"label":" ","price":8.32},{"type":"A","date":"2018-03-27T01:47:00.000Z","volume":500,"label":" ","price":8.32},{"type":"A","date":"2018-03-27T01:47:00.000Z","volume":4000,"label":" ","price":8.32},{"type":"A","date":"2018-03-27T01:47:00.000Z","volume":1000,"label":" ","price":8.33},{"type":"B","date":"2018-03-27T01:47:01.000Z","volume":34000,"label":" ","price":8.32},{"type":"B","date":"2018-03-27T01:47:01.000Z","volume":3500,"label":" ","price":8.32},{"type":"B","date":"2018-03-27T01:47:01.000Z","volume":500,"label":" ","price":8.32},{"type":"B","date":"2018-03-27T01:47:01.000Z","volume":500,"label":" ","price":8.32},{"type":"B","date":"2018-03-27T01:47:06.000Z","volume":29500,"label":" ","price":8.31},{"type":"B","date":"2018-03-27T01:47:06.000Z","volume":3500,"label":" ","price":8.31},{"type":"B","date":"2018-03-27T01:47:06.000Z","volume":5000,"label":" ","price":8.31},{"type":"A","date":"2018-03-27T01:47:27.000Z","volume":7500,"label":" ","price":8.31},{"type":"A","date":"2018-03-27T01:47:29.000Z","volume":1000,"label":" ","price":8.31},{"type":"A","date":"2018-03-27T01:47:29.000Z","volume":29000,"label":" ","price":8.31},{"type":"A","date":"2018-03-27T01:47:29.000Z","volume":21000,"label":" ","price":8.31},{"type":"B","date":"2018-03-27T01:47:35.000Z","volume":500,"label":" ","price":8.3},{"type":"A","date":"2018-03-27T01:47:36.000Z","volume":2500,"label":" ","price":8.31},{"type":"B","date":"2018-03-27T01:47:36.000Z","volume":10500,"label":" ","price":8.31},{"type":"A","date":"2018-03-27T01:47:43.000Z","volume":50000,"label":" ","price":8.32},{"type":"A","date":"2018-03-27T01:47:43.000Z","volume":4000,"label":" ","price":8.32},{"type":"A","date":"2018-03-27T01:47:43.000Z","volume":500,"label":" ","price":8.32},{"type":"A","date":"2018-03-27T01:47:48.000Z","volume":50000,"label":" ","price":8.32},{"type":"A","date":"2018-03-27T01:47:48.000Z","volume":11500,"label":" ","price":8.32},{"type":"A","date":"2018-03-27T01:47:48.000Z","volume":500,"label":"Y","price":8.32},{"type":"A","date":"2018-03-27T01:47:48.000Z","volume":23500,"label":" ","price":8.32},{"type":"A","date":"2018-03-27T01:47:48.000Z","volume":5000,"label":" ","price":8.33},{"type":"A","date":"2018-03-27T01:47:48.000Z","volume":1500,"label":" ","price":8.33},{"type":"B","date":"2018-03-27T01:47:48.000Z","volume":6500,"label":" ","price":8.32},{"type":"A","date":"2018-03-27T01:47:56.000Z","volume":14000,"label":"Y","price":8.33},{"type":"A","date":"2018-03-27T01:47:56.000Z","volume":35500,"label":" ","price":8.33},{"type":"A","date":"2018-03-27T01:47:56.000Z","volume":9000,"label":" ","price":8.33},{"type":"A","date":"2018-03-27T01:47:56.000Z","volume":40500,"label":" ","price":8.34},{"type":"A","date":"2018-03-27T01:47:56.000Z","volume":10500,"label":" ","price":8.34},{"type":"U","date":"2018-03-27T01:47:58.000Z","volume":500,"label":" ","price":8.33},{"type":"U","date":"2018-03-27T01:48:02.000Z","volume":10000,"label":" ","price":8.33},{"type":"U","date":"2018-03-27T01:48:02.000Z","volume":500,"label":" ","price":8.33},{"type":"B","date":"2018-03-27T01:48:18.000Z","volume":1000,"label":"Y","price":8.32},{"type":"A","date":"2018-03-27T01:48:30.000Z","volume":3500,"label":" ","price":8.34},{"type":"A","date":"2018-03-27T01:48:36.000Z","volume":50000,"label":" ","price":8.34},{"type":"A","date":"2018-03-27T01:48:36.000Z","volume":28000,"label":" ","price":8.34},{"type":"A","date":"2018-03-27T01:48:46.000Z","volume":6000,"label":"Y","price":8.35},{"type":"A","date":"2018-03-27T01:48:46.000Z","volume":44000,"label":" ","price":8.35},{"type":"A","date":"2018-03-27T01:48:46.000Z","volume":5000,"label":" ","price":8.35},{"type":"A","date":"2018-03-27T01:48:46.000Z","volume":16000,"label":" ","price":8.35},{"type":"A","date":"2018-03-27T01:48:46.000Z","volume":500,"label":" ","price":8.35},{"type":"A","date":"2018-03-27T01:48:46.000Z","volume":2500,"label":" ","price":8.35},{"type":"A","date":"2018-03-27T01:48:46.000Z","volume":1000,"label":" ","price":8.35},{"type":"A","date":"2018-03-27T01:48:46.000Z","volume":500,"label":" ","price":8.35},{"type":"A","date":"2018-03-27T01:48:51.000Z","volume":8500,"label":" ","price":8.35},{"type":"A","date":"2018-03-27T01:48:51.000Z","volume":1500,"label":" ","price":8.35},{"type":"U","date":"2018-03-27T01:48:52.000Z","volume":5500,"label":" ","price":8.35},{"type":"U","date":"2018-03-27T01:48:57.000Z","volume":500,"label":" ","price":8.35},{"type":"A","date":"2018-03-27T01:49:03.000Z","volume":500,"label":" ","price":8.35},{"type":"B","date":"2018-03-27T01:49:24.000Z","volume":4000,"label":" ","price":8.34},{"type":"A","date":"2018-03-27T01:49:25.000Z","volume":2000,"label":" ","price":8.35},{"type":"B","date":"2018-03-27T01:49:27.000Z","volume":70500,"label":" ","price":8.34},{"type":"B","date":"2018-03-27T01:49:27.000Z","volume":13500,"label":" ","price":8.34},{"type":"B","date":"2018-03-27T01:49:27.000Z","volume":5500,"label":" ","price":8.34},{"type":"B","date":"2018-03-27T01:49:27.000Z","volume":3500,"label":"Y","price":8.34},{"type":"B","date":"2018-03-27T01:49:27.000Z","volume":45000,"label":" ","price":8.34},{"type":"B","date":"2018-03-27T01:49:42.000Z","volume":44500,"label":" ","price":8.33},{"type":"A","date":"2018-03-27T01:49:49.000Z","volume":66000,"label":" ","price":8.33},{"type":"A","date":"2018-03-27T01:49:49.000Z","volume":32500,"label":" ","price":8.34},{"type":"B","date":"2018-03-27T01:49:49.000Z","volume":71500,"label":" ","price":8.34},{"type":"A","date":"2018-03-27T01:49:53.000Z","volume":500,"label":" ","price":8.34},{"type":"A","date":"2018-03-27T01:50:00.000Z","volume":2000,"label":" ","price":8.34},{"type":"B","date":"2018-03-27T01:50:04.000Z","volume":500,"label":" ","price":8.33},{"type":"A","date":"2018-03-27T01:50:10.000Z","volume":20000,"label":" ","price":8.34},{"type":"B","date":"2018-03-27T01:50:17.000Z","volume":20500,"label":" ","price":8.33},{"type":"B","date":"2018-03-27T01:50:17.000Z","volume":49000,"label":" ","price":8.33},{"type":"B","date":"2018-03-27T01:50:17.000Z","volume":15500,"label":" ","price":8.33},{"type":"B","date":"2018-03-27T01:50:17.000Z","volume":500,"label":" ","price":8.33},{"type":"B","date":"2018-03-27T01:50:46.000Z","volume":6000,"label":" ","price":8.32},{"type":"A","date":"2018-03-27T01:50:53.000Z","volume":2000,"label":" ","price":8.33},{"type":"A","date":"2018-03-27T01:50:56.000Z","volume":5000,"label":" ","price":8.33},{"type":"B","date":"2018-03-27T01:51:03.000Z","volume":8500,"label":" ","price":8.32},{"type":"A","date":"2018-03-27T01:51:19.000Z","volume":20000,"label":" ","price":8.33},{"type":"A","date":"2018-03-27T01:51:30.000Z","volume":2000,"label":" ","price":8.33},{"type":"B","date":"2018-03-27T01:51:43.000Z","volume":10000,"label":" ","price":8.32},{"type":"A","date":"2018-03-27T01:51:49.000Z","volume":500,"label":" ","price":8.33},{"type":"B","date":"2018-03-27T01:52:03.000Z","volume":121000,"label":" ","price":8.32},{"type":"B","date":"2018-03-27T01:52:03.000Z","volume":5000,"label":" ","price":8.31},{"type":"B","date":"2018-03-27T01:52:03.000Z","volume":24000,"label":" ","price":8.31},{"type":"B","date":"2018-03-27T01:52:03.000Z","volume":11000,"label":" ","price":8.32},{"type":"B","date":"2018-03-27T01:52:03.000Z","volume":3500,"label":" ","price":8.31},{"type":"B","date":"2018-03-27T01:52:03.000Z","volume":6000,"label":" ","price":8.31},{"type":"U","date":"2018-03-27T01:52:04.000Z","volume":4000,"label":" ","price":8.32},{"type":"A","date":"2018-03-27T01:52:18.000Z","volume":2500,"label":" ","price":8.32},{"type":"A","date":"2018-03-27T01:52:20.000Z","volume":500,"label":" ","price":8.32},{"type":"A","date":"2018-03-27T01:52:21.000Z","volume":3000,"label":" ","price":8.32},{"type":"B","date":"2018-03-27T01:52:21.000Z","volume":2000,"label":" ","price":8.31},{"type":"A","date":"2018-03-27T01:52:23.000Z","volume":5000,"label":" ","price":8.32},{"type":"A","date":"2018-03-27T01:52:35.000Z","volume":97500,"label":" ","price":8.32},{"type":"A","date":"2018-03-27T01:52:37.000Z","volume":80000,"label":" ","price":8.33},{"type":"B","date":"2018-03-27T01:52:39.000Z","volume":15500,"label":" ","price":8.33},{"type":"A","date":"2018-03-27T01:52:42.000Z","volume":11000,"label":" ","price":8.33},{"type":"A","date":"2018-03-27T01:52:58.000Z","volume":64000,"label":" ","price":8.33},{"type":"A","date":"2018-03-27T01:52:58.000Z","volume":47000,"label":" ","price":8.33},{"type":"B","date":"2018-03-27T01:53:00.000Z","volume":12000,"label":" ","price":8.33},{"type":"B","date":"2018-03-27T01:53:00.000Z","volume":500,"label":" ","price":8.33},{"type":"B","date":"2018-03-27T01:53:01.000Z","volume":45500,"label":" ","price":8.33},{"type":"B","date":"2018-03-27T01:53:02.000Z","volume":21000,"label":" ","price":8.33},{"type":"A","date":"2018-03-27T01:53:07.000Z","volume":11500,"label":" ","price":8.33},{"type":"A","date":"2018-03-27T01:53:07.000Z","volume":8500,"label":" ","price":8.33},{"type":"A","date":"2018-03-27T01:53:11.000Z","volume":500,"label":" ","price":8.33},{"type":"A","date":"2018-03-27T01:53:28.000Z","volume":10000,"label":" ","price":8.33},{"type":"A","date":"2018-03-27T01:53:32.000Z","volume":3500,"label":" ","price":8.33},{"type":"B","date":"2018-03-27T01:53:33.000Z","volume":5000,"label":" ","price":8.32},{"type":"B","date":"2018-03-27T01:53:41.000Z","volume":5000,"label":" ","price":8.32},{"type":"A","date":"2018-03-27T01:53:54.000Z","volume":6000,"label":" ","price":8.33},{"type":"A","date":"2018-03-27T01:53:54.000Z","volume":18500,"label":" ","price":8.33},{"type":"B","date":"2018-03-27T01:53:59.000Z","volume":20000,"label":" ","price":8.32},{"type":"A","date":"2018-03-27T01:54:07.000Z","volume":7500,"label":" ","price":8.34},{"type":"B","date":"2018-03-27T01:54:22.000Z","volume":6000,"label":" ","price":8.32},{"type":"A","date":"2018-03-27T01:54:39.000Z","volume":500,"label":" ","price":8.33},{"type":"B","date":"2018-03-27T01:54:42.000Z","volume":500,"label":" ","price":8.32},{"type":"A","date":"2018-03-27T01:55:06.000Z","volume":500,"label":" ","price":8.33},{"type":"A","date":"2018-03-27T01:55:08.000Z","volume":500,"label":" ","price":8.33},{"type":"B","date":"2018-03-27T01:55:09.000Z","volume":2000,"label":"Y","price":8.32},{"type":"B","date":"2018-03-27T01:55:09.000Z","volume":8000,"label":" ","price":8.32},{"type":"A","date":"2018-03-27T01:55:18.000Z","volume":2000,"label":" ","price":8.33},{"type":"A","date":"2018-03-27T01:55:18.000Z","volume":19000,"label":" ","price":8.33},{"type":"A","date":"2018-03-27T01:55:18.000Z","volume":49000,"label":" ","price":8.33},{"type":"A","date":"2018-03-27T01:55:18.000Z","volume":13500,"label":" ","price":8.34},{"type":"A","date":"2018-03-27T01:55:18.000Z","volume":500,"label":" ","price":8.34},{"type":"A","date":"2018-03-27T01:55:24.000Z","volume":60500,"label":" ","price":8.34},{"type":"A","date":"2018-03-27T01:55:33.000Z","volume":500,"label":" ","price":8.35},{"type":"A","date":"2018-03-27T01:55:38.000Z","volume":500,"label":" ","price":8.35},{"type":"A","date":"2018-03-27T01:55:52.000Z","volume":500,"label":" ","price":8.35},{"type":"A","date":"2018-03-27T01:55:53.000Z","volume":2500,"label":" ","price":8.35},{"type":"A","date":"2018-03-27T01:55:58.000Z","volume":85000,"label":" ","price":8.35},{"type":"A","date":"2018-03-27T01:55:58.000Z","volume":32500,"label":" ","price":8.35},{"type":"A","date":"2018-03-27T01:55:58.000Z","volume":5000,"label":" ","price":8.35},{"type":"U","date":"2018-03-27T01:55:58.000Z","volume":15000,"label":" ","price":8.35},{"type":"A","date":"2018-03-27T01:56:06.000Z","volume":500,"label":" ","price":8.36},{"type":"A","date":"2018-03-27T01:56:12.000Z","volume":2500,"label":" ","price":8.36},{"type":"A","date":"2018-03-27T01:56:12.000Z","volume":9500,"label":" ","price":8.36},{"type":"A","date":"2018-03-27T01:56:12.000Z","volume":3000,"label":" ","price":8.36},{"type":"B","date":"2018-03-27T01:56:18.000Z","volume":10000,"label":" ","price":8.34},{"type":"U","date":"2018-03-27T01:56:27.000Z","volume":2000,"label":" ","price":8.35},{"type":"A","date":"2018-03-27T01:56:27.000Z","volume":500,"label":" ","price":8.35},{"type":"A","date":"2018-03-27T01:56:27.000Z","volume":500,"label":" ","price":8.35},{"type":"A","date":"2018-03-27T01:56:27.000Z","volume":500,"label":" ","price":8.35},{"type":"A","date":"2018-03-27T01:56:28.000Z","volume":2500,"label":" ","price":8.35},{"type":"A","date":"2018-03-27T01:56:35.000Z","volume":500,"label":" ","price":8.35},{"type":"B","date":"2018-03-27T01:56:38.000Z","volume":17500,"label":" ","price":8.34},{"type":"A","date":"2018-03-27T01:56:46.000Z","volume":2000,"label":" ","price":8.35},{"type":"A","date":"2018-03-27T01:56:51.000Z","volume":1000,"label":" ","price":8.35},{"type":"A","date":"2018-03-27T01:56:58.000Z","volume":1500,"label":" ","price":8.35},{"type":"A","date":"2018-03-27T01:56:59.000Z","volume":500,"label":" ","price":8.35},{"type":"A","date":"2018-03-27T01:57:06.000Z","volume":9500,"label":" ","price":8.35},{"type":"A","date":"2018-03-27T01:57:06.000Z","volume":2500,"label":" ","price":8.35},{"type":"A","date":"2018-03-27T01:57:06.000Z","volume":3000,"label":" ","price":8.35},{"type":"A","date":"2018-03-27T01:57:10.000Z","volume":15000,"label":" ","price":8.35},{"type":"A","date":"2018-03-27T01:57:10.000Z","volume":25000,"label":" ","price":8.35},{"type":"A","date":"2018-03-27T01:57:10.000Z","volume":23500,"label":" ","price":8.35},{"type":"A","date":"2018-03-27T01:57:15.000Z","volume":1500,"label":" ","price":8.36},{"type":"A","date":"2018-03-27T01:57:15.000Z","volume":500,"label":" ","price":8.36},{"type":"A","date":"2018-03-27T01:57:18.000Z","volume":1000,"label":" ","price":8.36},{"type":"B","date":"2018-03-27T01:57:27.000Z","volume":10000,"label":" ","price":8.35},{"type":"A","date":"2018-03-27T01:57:27.000Z","volume":500,"label":" ","price":8.36},{"type":"A","date":"2018-03-27T01:57:41.000Z","volume":1500,"label":" ","price":8.36},{"type":"A","date":"2018-03-27T01:57:43.000Z","volume":2500,"label":" ","price":8.36},{"type":"A","date":"2018-03-27T01:57:43.000Z","volume":500,"label":" ","price":8.36},{"type":"A","date":"2018-03-27T01:57:44.000Z","volume":1000,"label":" ","price":8.36},{"type":"A","date":"2018-03-27T01:57:45.000Z","volume":4500,"label":" ","price":8.36},{"type":"A","date":"2018-03-27T01:57:52.000Z","volume":1000,"label":" ","price":8.36},{"type":"A","date":"2018-03-27T01:57:57.000Z","volume":2000,"label":" ","price":8.36},{"type":"A","date":"2018-03-27T01:57:59.000Z","volume":1000,"label":" ","price":8.36},{"type":"A","date":"2018-03-27T01:57:59.000Z","volume":100000,"label":" ","price":8.36},{"type":"A","date":"2018-03-27T01:58:00.000Z","volume":500,"label":" ","price":8.37},{"type":"A","date":"2018-03-27T01:58:03.000Z","volume":2000,"label":" ","price":8.37},{"type":"A","date":"2018-03-27T01:58:04.000Z","volume":53500,"label":" ","price":8.37},{"type":"B","date":"2018-03-27T01:58:04.000Z","volume":20000,"label":" ","price":8.36},{"type":"A","date":"2018-03-27T01:58:06.000Z","volume":3000,"label":"Y","price":8.37},{"type":"A","date":"2018-03-27T01:58:06.000Z","volume":47000,"label":" ","price":8.37},{"type":"A","date":"2018-03-27T01:58:06.000Z","volume":61000,"label":" ","price":8.37},{"type":"B","date":"2018-03-27T01:58:06.000Z","volume":5000,"label":" ","price":8.37},{"type":"B","date":"2018-03-27T01:58:06.000Z","volume":3000,"label":" ","price":8.37},{"type":"A","date":"2018-03-27T01:58:08.000Z","volume":4000,"label":" ","price":8.38},{"type":"A","date":"2018-03-27T01:58:14.000Z","volume":4000,"label":" ","price":8.38},{"type":"A","date":"2018-03-27T01:58:22.000Z","volume":1500,"label":" ","price":8.38},{"type":"B","date":"2018-03-27T01:58:22.000Z","volume":500,"label":" ","price":8.37},{"type":"A","date":"2018-03-27T01:58:22.000Z","volume":500,"label":" ","price":8.38},{"type":"A","date":"2018-03-27T01:58:25.000Z","volume":50000,"label":" ","price":8.38},{"type":"A","date":"2018-03-27T01:58:25.000Z","volume":1000,"label":" ","price":8.38},{"type":"A","date":"2018-03-27T01:58:25.000Z","volume":50000,"label":" ","price":8.38},{"type":"A","date":"2018-03-27T01:58:25.000Z","volume":13500,"label":" ","price":8.38},{"type":"A","date":"2018-03-27T01:58:37.000Z","volume":7500,"label":" ","price":8.39},{"type":"A","date":"2018-03-27T01:58:38.000Z","volume":42500,"label":" ","price":8.39},{"type":"A","date":"2018-03-27T01:58:38.000Z","volume":17000,"label":" ","price":8.39},{"type":"A","date":"2018-03-27T01:58:38.000Z","volume":10500,"label":" ","price":8.39},{"type":"A","date":"2018-03-27T01:58:42.000Z","volume":5000,"label":" ","price":8.4},{"type":"A","date":"2018-03-27T01:58:43.000Z","volume":2000,"label":" ","price":8.4},{"type":"B","date":"2018-03-27T01:58:44.000Z","volume":20000,"label":" ","price":8.38},{"type":"A","date":"2018-03-27T01:58:44.000Z","volume":2000,"label":" ","price":8.4},{"type":"A","date":"2018-03-27T01:58:44.000Z","volume":500,"label":" ","price":8.4},{"type":"A","date":"2018-03-27T01:58:47.000Z","volume":2000,"label":" ","price":8.4},{"type":"A","date":"2018-03-27T01:58:56.000Z","volume":1000,"label":" ","price":8.4},{"type":"A","date":"2018-03-27T01:59:03.000Z","volume":1500,"label":" ","price":8.4},{"type":"A","date":"2018-03-27T01:59:07.000Z","volume":500,"label":" ","price":8.4},{"type":"A","date":"2018-03-27T01:59:29.000Z","volume":3000,"label":" ","price":8.39},{"type":"A","date":"2018-03-27T01:59:29.000Z","volume":2000,"label":" ","price":8.39},{"type":"A","date":"2018-03-27T01:59:33.000Z","volume":2000,"label":" ","price":8.39},{"type":"A","date":"2018-03-27T01:59:39.000Z","volume":1500,"label":" ","price":8.39},{"type":"B","date":"2018-03-27T01:59:42.000Z","volume":1500,"label":" ","price":8.38},{"type":"B","date":"2018-03-27T01:59:43.000Z","volume":150000,"label":" ","price":8.38},{"type":"B","date":"2018-03-27T01:59:43.000Z","volume":38000,"label":" ","price":8.38},{"type":"B","date":"2018-03-27T01:59:45.000Z","volume":10000,"label":" ","price":8.37},{"type":"B","date":"2018-03-27T02:00:13.000Z","volume":21500,"label":" ","price":8.37},{"type":"B","date":"2018-03-27T02:00:13.000Z","volume":32000,"label":" ","price":8.36},{"type":"B","date":"2018-03-27T02:00:13.000Z","volume":162500,"label":" ","price":8.35},{"type":"B","date":"2018-03-27T02:00:13.000Z","volume":45000,"label":" ","price":8.34},{"type":"B","date":"2018-03-27T02:00:13.000Z","volume":107500,"label":" ","price":8.33},{"type":"B","date":"2018-03-27T02:00:13.000Z","volume":72000,"label":" ","price":8.33},{"type":"A","date":"2018-03-27T02:00:13.000Z","volume":24000,"label":" ","price":8.33},{"type":"A","date":"2018-03-27T02:00:13.000Z","volume":46000,"label":" ","price":8.33},{"type":"A","date":"2018-03-27T02:00:14.000Z","volume":500,"label":"Y","price":8.34},{"type":"A","date":"2018-03-27T02:00:14.000Z","volume":10500,"label":" ","price":8.35},{"type":"A","date":"2018-03-27T02:00:15.000Z","volume":14500,"label":" ","price":8.35},{"type":"A","date":"2018-03-27T02:00:17.000Z","volume":500,"label":" ","price":8.36},{"type":"A","date":"2018-03-27T02:00:29.000Z","volume":5000,"label":" ","price":8.37},{"type":"B","date":"2018-03-27T02:00:47.000Z","volume":5000,"label":" ","price":8.36},{"type":"B","date":"2018-03-27T02:01:02.000Z","volume":4000,"label":" ","price":8.36},{"type":"B","date":"2018-03-27T02:01:17.000Z","volume":37000,"label":" ","price":8.36},{"type":"B","date":"2018-03-27T02:01:17.000Z","volume":7500,"label":" ","price":8.36},{"type":"A","date":"2018-03-27T02:01:18.000Z","volume":1000,"label":" ","price":8.36},{"type":"B","date":"2018-03-27T02:01:50.000Z","volume":500,"label":" ","price":8.35},{"type":"A","date":"2018-03-27T02:01:52.000Z","volume":4500,"label":" ","price":8.36},{"type":"A","date":"2018-03-27T02:01:52.000Z","volume":25500,"label":" ","price":8.36},{"type":"A","date":"2018-03-27T02:01:52.000Z","volume":36000,"label":" ","price":8.36},{"type":"B","date":"2018-03-27T02:01:57.000Z","volume":10000,"label":" ","price":8.35},{"type":"B","date":"2018-03-27T02:02:23.000Z","volume":40000,"label":" ","price":8.35},{"type":"B","date":"2018-03-27T02:02:26.000Z","volume":10000,"label":" ","price":8.35},{"type":"B","date":"2018-03-27T02:02:26.000Z","volume":37000,"label":" ","price":8.35},{"type":"U","date":"2018-03-27T02:02:31.000Z","volume":1500,"label":"X","price":8.36},{"type":"A","date":"2018-03-27T02:02:35.000Z","volume":10000,"label":" ","price":8.35},{"type":"B","date":"2018-03-27T02:03:03.000Z","volume":24000,"label":" ","price":8.34},{"type":"B","date":"2018-03-27T02:03:03.000Z","volume":49000,"label":" ","price":8.34},{"type":"B","date":"2018-03-27T02:03:04.000Z","volume":1000,"label":" ","price":8.34},{"type":"A","date":"2018-03-27T02:03:05.000Z","volume":3000,"label":" ","price":8.34},{"type":"B","date":"2018-03-27T02:03:09.000Z","volume":5500,"label":" ","price":8.33},{"type":"B","date":"2018-03-27T02:03:09.000Z","volume":18500,"label":" ","price":8.33},{"type":"B","date":"2018-03-27T02:03:09.000Z","volume":9000,"label":" ","price":8.33},{"type":"B","date":"2018-03-27T02:03:09.000Z","volume":1500,"label":" ","price":8.33},{"type":"B","date":"2018-03-27T02:03:09.000Z","volume":500,"label":" ","price":8.33},{"type":"A","date":"2018-03-27T02:03:16.000Z","volume":500,"label":" ","price":8.33},{"type":"A","date":"2018-03-27T02:03:33.000Z","volume":2500,"label":" ","price":8.33},{"type":"A","date":"2018-03-27T02:03:33.000Z","volume":3000,"label":" ","price":8.33},{"type":"A","date":"2018-03-27T02:03:33.000Z","volume":59000,"label":" ","price":8.33},{"type":"B","date":"2018-03-27T02:03:39.000Z","volume":2000,"label":" ","price":8.32},{"type":"A","date":"2018-03-27T02:04:26.000Z","volume":2500,"label":" ","price":8.34},{"type":"A","date":"2018-03-27T02:04:27.000Z","volume":3000,"label":" ","price":8.34},{"type":"A","date":"2018-03-27T02:04:40.000Z","volume":2500,"label":" ","price":8.34},{"type":"B","date":"2018-03-27T02:04:40.000Z","volume":3000,"label":" ","price":8.32},{"type":"B","date":"2018-03-27T02:04:41.000Z","volume":3000,"label":" ","price":8.32},{"type":"A","date":"2018-03-27T02:04:58.000Z","volume":1000,"label":"Y","price":8.34},{"type":"A","date":"2018-03-27T02:05:05.000Z","volume":2000,"label":" ","price":8.34},{"type":"A","date":"2018-03-27T02:05:05.000Z","volume":258000,"label":" ","price":8.34},{"type":"A","date":"2018-03-27T02:05:05.000Z","volume":270500,"label":" ","price":8.35},{"type":"A","date":"2018-03-27T02:05:05.000Z","volume":46500,"label":" ","price":8.35},{"type":"U","date":"2018-03-27T02:05:06.000Z","volume":9000,"label":" ","price":8.35},{"type":"U","date":"2018-03-27T02:05:06.000Z","volume":4000,"label":" ","price":8.35},{"type":"B","date":"2018-03-27T02:05:11.000Z","volume":4000,"label":" ","price":8.35},{"type":"A","date":"2018-03-27T02:05:13.000Z","volume":1000,"label":" ","price":8.36},{"type":"A","date":"2018-03-27T02:05:14.000Z","volume":123000,"label":" ","price":8.36},{"type":"A","date":"2018-03-27T02:05:14.000Z","volume":11500,"label":" ","price":8.37},{"type":"A","date":"2018-03-27T02:05:14.000Z","volume":10500,"label":" ","price":8.37},{"type":"A","date":"2018-03-27T02:05:14.000Z","volume":7500,"label":" ","price":8.37},{"type":"A","date":"2018-03-27T02:05:39.000Z","volume":7000,"label":" ","price":8.38},{"type":"A","date":"2018-03-27T02:05:39.000Z","volume":19000,"label":" ","price":8.38},{"type":"A","date":"2018-03-27T02:05:39.000Z","volume":7000,"label":" ","price":8.38},{"type":"A","date":"2018-03-27T02:05:39.000Z","volume":21500,"label":" ","price":8.38},{"type":"U","date":"2018-03-27T02:05:40.000Z","volume":8500,"label":" ","price":8.38},{"type":"U","date":"2018-03-27T02:05:40.000Z","volume":2500,"label":" ","price":8.38},{"type":"A","date":"2018-03-27T02:05:40.000Z","volume":500,"label":" ","price":8.39},{"type":"B","date":"2018-03-27T02:05:40.000Z","volume":12000,"label":" ","price":8.38},{"type":"A","date":"2018-03-27T02:05:43.000Z","volume":1000,"label":" ","price":8.39},{"type":"B","date":"2018-03-27T02:05:49.000Z","volume":1000,"label":" ","price":8.38},{"type":"B","date":"2018-03-27T02:05:57.000Z","volume":9000,"label":" ","price":8.38},{"type":"B","date":"2018-03-27T02:06:01.000Z","volume":118500,"label":" ","price":8.38},{"type":"B","date":"2018-03-27T02:06:01.000Z","volume":20500,"label":" ","price":8.37},{"type":"B","date":"2018-03-27T02:06:01.000Z","volume":4000,"label":" ","price":8.37},{"type":"U","date":"2018-03-27T02:06:09.000Z","volume":1000,"label":" ","price":8.37},{"type":"U","date":"2018-03-27T02:06:09.000Z","volume":500,"label":" ","price":8.37},{"type":"B","date":"2018-03-27T02:06:28.000Z","volume":10000,"label":" ","price":8.36},{"type":"A","date":"2018-03-27T02:06:59.000Z","volume":500,"label":" ","price":8.37},{"type":"B","date":"2018-03-27T02:07:12.000Z","volume":2000,"label":" ","price":8.36},{"type":"B","date":"2018-03-27T02:07:17.000Z","volume":10000,"label":" ","price":8.36},{"type":"A","date":"2018-03-27T02:07:22.000Z","volume":500,"label":" ","price":8.37},{"type":"A","date":"2018-03-27T02:07:41.000Z","volume":40500,"label":" ","price":8.37},{"type":"B","date":"2018-03-27T02:07:42.000Z","volume":2000,"label":" ","price":8.37},{"type":"U","date":"2018-03-27T02:07:46.000Z","volume":500,"label":"X","price":8.38},{"type":"A","date":"2018-03-27T02:07:47.000Z","volume":500,"label":" ","price":8.38},{"type":"A","date":"2018-03-27T02:07:52.000Z","volume":50000,"label":" ","price":8.38},{"type":"A","date":"2018-03-27T02:07:52.000Z","volume":2000,"label":" ","price":8.38},{"type":"A","date":"2018-03-27T02:07:52.000Z","volume":2000,"label":" ","price":8.38},{"type":"A","date":"2018-03-27T02:07:52.000Z","volume":1000,"label":" ","price":8.38},{"type":"A","date":"2018-03-27T02:08:15.000Z","volume":500,"label":" ","price":8.38},{"type":"B","date":"2018-03-27T02:08:19.000Z","volume":50000,"label":" ","price":8.37},{"type":"B","date":"2018-03-27T02:08:19.000Z","volume":6500,"label":" ","price":8.37},{"type":"B","date":"2018-03-27T02:08:19.000Z","volume":6500,"label":" ","price":8.37},{"type":"A","date":"2018-03-27T02:08:27.000Z","volume":2500,"label":" ","price":8.38},{"type":"A","date":"2018-03-27T02:08:27.000Z","volume":3000,"label":" ","price":8.38},{"type":"B","date":"2018-03-27T02:08:35.000Z","volume":44000,"label":" ","price":8.37},{"type":"B","date":"2018-03-27T02:08:40.000Z","volume":37500,"label":" ","price":8.36},{"type":"B","date":"2018-03-27T02:08:59.000Z","volume":500,"label":" ","price":8.35},{"type":"A","date":"2018-03-27T02:08:59.000Z","volume":5000,"label":" ","price":8.36},{"type":"A","date":"2018-03-27T02:09:20.000Z","volume":3000,"label":" ","price":8.36},{"type":"A","date":"2018-03-27T02:09:20.000Z","volume":2500,"label":" ","price":8.36},{"type":"A","date":"2018-03-27T02:09:30.000Z","volume":50000,"label":" ","price":8.36},{"type":"B","date":"2018-03-27T02:09:30.000Z","volume":7500,"label":" ","price":8.36},{"type":"A","date":"2018-03-27T02:09:40.000Z","volume":18000,"label":" ","price":8.37},{"type":"A","date":"2018-03-27T02:09:41.000Z","volume":70500,"label":" ","price":8.37},{"type":"A","date":"2018-03-27T02:10:16.000Z","volume":500,"label":" ","price":8.38},{"type":"A","date":"2018-03-27T02:10:32.000Z","volume":24500,"label":" ","price":8.38},{"type":"A","date":"2018-03-27T02:10:34.000Z","volume":500,"label":" ","price":8.38},{"type":"A","date":"2018-03-27T02:10:35.000Z","volume":1500,"label":" ","price":8.38},{"type":"A","date":"2018-03-27T02:10:50.000Z","volume":500,"label":" ","price":8.38},{"type":"A","date":"2018-03-27T02:10:54.000Z","volume":4500,"label":" ","price":8.38},{"type":"A","date":"2018-03-27T02:11:11.000Z","volume":1500,"label":" ","price":8.38},{"type":"A","date":"2018-03-27T02:11:27.000Z","volume":500,"label":" ","price":8.38},{"type":"A","date":"2018-03-27T02:11:39.000Z","volume":50000,"label":" ","price":8.38},{"type":"A","date":"2018-03-27T02:11:39.000Z","volume":17000,"label":" ","price":8.38},{"type":"B","date":"2018-03-27T02:11:39.000Z","volume":2500,"label":" ","price":8.38},{"type":"B","date":"2018-03-27T02:11:47.000Z","volume":10000,"label":" ","price":8.38},{"type":"B","date":"2018-03-27T02:11:52.000Z","volume":5500,"label":" ","price":8.38},{"type":"A","date":"2018-03-27T02:11:56.000Z","volume":50000,"label":" ","price":8.39},{"type":"A","date":"2018-03-27T02:11:57.000Z","volume":500,"label":" ","price":8.39},{"type":"A","date":"2018-03-27T02:11:58.000Z","volume":13500,"label":" ","price":8.39},{"type":"A","date":"2018-03-27T02:11:58.000Z","volume":2000,"label":" ","price":8.39},{"type":"A","date":"2018-03-27T02:11:58.000Z","volume":1000,"label":" ","price":8.39},{"type":"A","date":"2018-03-27T02:11:58.000Z","volume":4000,"label":" ","price":8.39},{"type":"A","date":"2018-03-27T02:11:58.000Z","volume":10000,"label":" ","price":8.39},{"type":"B","date":"2018-03-27T02:12:03.000Z","volume":4500,"label":" ","price":8.39},{"type":"B","date":"2018-03-27T02:12:03.000Z","volume":83500,"label":" ","price":8.39},{"type":"B","date":"2018-03-27T02:12:07.000Z","volume":73000,"label":" ","price":8.38},{"type":"B","date":"2018-03-27T02:12:07.000Z","volume":125500,"label":" ","price":8.37},{"type":"B","date":"2018-03-27T02:12:07.000Z","volume":22500,"label":" ","price":8.36},{"type":"B","date":"2018-03-27T02:12:07.000Z","volume":87000,"label":" ","price":8.36},{"type":"B","date":"2018-03-27T02:12:30.000Z","volume":5500,"label":" ","price":8.35},{"type":"U","date":"2018-03-27T02:12:31.000Z","volume":500,"label":"X","price":8.362},{"type":"A","date":"2018-03-27T02:12:47.000Z","volume":10000,"label":" ","price":8.36},{"type":"B","date":"2018-03-27T02:13:03.000Z","volume":10000,"label":" ","price":8.35},{"type":"A","date":"2018-03-27T02:13:10.000Z","volume":200000,"label":" ","price":8.36},{"type":"A","date":"2018-03-27T02:13:11.000Z","volume":34000,"label":" ","price":8.36},{"type":"A","date":"2018-03-27T02:13:13.000Z","volume":500,"label":" ","price":8.36},{"type":"A","date":"2018-03-27T02:13:23.000Z","volume":500,"label":" ","price":8.36},{"type":"B","date":"2018-03-27T02:14:11.000Z","volume":1500,"label":" ","price":8.35},{"type":"B","date":"2018-03-27T02:14:14.000Z","volume":500,"label":" ","price":8.35},{"type":"A","date":"2018-03-27T02:14:40.000Z","volume":500,"label":" ","price":8.36},{"type":"A","date":"2018-03-27T02:14:56.000Z","volume":500,"label":" ","price":8.36},{"type":"B","date":"2018-03-27T02:15:14.000Z","volume":56000,"label":" ","price":8.35},{"type":"B","date":"2018-03-27T02:15:14.000Z","volume":57000,"label":" ","price":8.35},{"type":"A","date":"2018-03-27T02:15:32.000Z","volume":500,"label":" ","price":8.35},{"type":"B","date":"2018-03-27T02:15:35.000Z","volume":132500,"label":" ","price":8.34},{"type":"B","date":"2018-03-27T02:16:06.000Z","volume":500,"label":"Y","price":8.33},{"type":"B","date":"2018-03-27T02:16:29.000Z","volume":1500,"label":"Y","price":8.33},{"type":"B","date":"2018-03-27T02:16:29.000Z","volume":43500,"label":" ","price":8.33},{"type":"B","date":"2018-03-27T02:16:29.000Z","volume":27500,"label":" ","price":8.33},{"type":"B","date":"2018-03-27T02:16:29.000Z","volume":3500,"label":" ","price":8.33},{"type":"B","date":"2018-03-27T02:16:29.000Z","volume":2000,"label":" ","price":8.33},{"type":"B","date":"2018-03-27T02:16:29.000Z","volume":3000,"label":" ","price":8.33},{"type":"B","date":"2018-03-27T02:16:40.000Z","volume":28500,"label":" ","price":8.32},{"type":"B","date":"2018-03-27T02:17:15.000Z","volume":12500,"label":" ","price":8.31},{"type":"B","date":"2018-03-27T02:17:52.000Z","volume":5000,"label":" ","price":8.3},{"type":"B","date":"2018-03-27T02:17:54.000Z","volume":3000,"label":" ","price":8.3},{"type":"A","date":"2018-03-27T02:18:18.000Z","volume":45000,"label":" ","price":8.31},{"type":"A","date":"2018-03-27T02:18:18.000Z","volume":66500,"label":" ","price":8.31},{"type":"B","date":"2018-03-27T02:18:19.000Z","volume":34000,"label":" ","price":8.31},{"type":"A","date":"2018-03-27T02:18:19.000Z","volume":3000,"label":" ","price":8.31},{"type":"A","date":"2018-03-27T02:19:14.000Z","volume":1000,"label":" ","price":8.31},{"type":"A","date":"2018-03-27T02:19:26.000Z","volume":30000,"label":" ","price":8.31},{"type":"A","date":"2018-03-27T02:19:33.000Z","volume":5000,"label":" ","price":8.31},{"type":"A","date":"2018-03-27T02:19:37.000Z","volume":160500,"label":" ","price":8.31},{"type":"B","date":"2018-03-27T02:19:37.000Z","volume":5500,"label":" ","price":8.31},{"type":"B","date":"2018-03-27T02:19:59.000Z","volume":40000,"label":" ","price":8.31},{"type":"B","date":"2018-03-27T02:20:04.000Z","volume":12000,"label":" ","price":8.31},{"type":"B","date":"2018-03-27T02:20:04.000Z","volume":26500,"label":" ","price":8.31},{"type":"A","date":"2018-03-27T02:20:44.000Z","volume":4000,"label":" ","price":8.31},{"type":"A","date":"2018-03-27T02:21:20.000Z","volume":10000,"label":" ","price":8.31},{"type":"A","date":"2018-03-27T02:21:44.000Z","volume":3000,"label":" ","price":8.31},{"type":"A","date":"2018-03-27T02:22:09.000Z","volume":4000,"label":" ","price":8.31},{"type":"A","date":"2018-03-27T02:22:10.000Z","volume":5000,"label":"Y","price":8.31},{"type":"B","date":"2018-03-27T02:22:15.000Z","volume":1500,"label":" ","price":8.3},{"type":"U","date":"2018-03-27T02:22:31.000Z","volume":500,"label":"X","price":8.331},{"type":"B","date":"2018-03-27T02:22:45.000Z","volume":1500,"label":" ","price":8.3},{"type":"B","date":"2018-03-27T02:22:56.000Z","volume":1000,"label":"Y","price":8.3},{"type":"B","date":"2018-03-27T02:22:56.000Z","volume":9000,"label":" ","price":8.3},{"type":"A","date":"2018-03-27T02:23:00.000Z","volume":3000,"label":" ","price":8.31},{"type":"B","date":"2018-03-27T02:23:14.000Z","volume":500,"label":" ","price":8.3},{"type":"A","date":"2018-03-27T02:23:16.000Z","volume":63500,"label":" ","price":8.31},{"type":"B","date":"2018-03-27T02:23:34.000Z","volume":40000,"label":" ","price":8.31},{"type":"B","date":"2018-03-27T02:23:52.000Z","volume":19000,"label":" ","price":8.31},{"type":"B","date":"2018-03-27T02:24:52.000Z","volume":27000,"label":" ","price":8.3},{"type":"B","date":"2018-03-27T02:24:55.000Z","volume":1000,"label":" ","price":8.3},{"type":"A","date":"2018-03-27T02:24:57.000Z","volume":20000,"label":" ","price":8.31},{"type":"A","date":"2018-03-27T02:24:57.000Z","volume":60000,"label":" ","price":8.31},{"type":"A","date":"2018-03-27T02:25:17.000Z","volume":500,"label":" ","price":8.32},{"type":"B","date":"2018-03-27T02:25:32.000Z","volume":10000,"label":" ","price":8.31},{"type":"B","date":"2018-03-27T02:25:41.000Z","volume":11500,"label":" ","price":8.31},{"type":"U","date":"2018-03-27T02:25:51.000Z","volume":5500,"label":"X","price":8.31},{"type":"A","date":"2018-03-27T02:25:57.000Z","volume":5000,"label":" ","price":8.31},{"type":"B","date":"2018-03-27T02:26:28.000Z","volume":100000,"label":" ","price":8.3},{"type":"B","date":"2018-03-27T02:26:28.000Z","volume":43500,"label":" ","price":8.3},{"type":"B","date":"2018-03-27T02:26:28.000Z","volume":21000,"label":" ","price":8.29},{"type":"A","date":"2018-03-27T02:26:28.000Z","volume":8000,"label":" ","price":8.29},{"type":"B","date":"2018-03-27T02:26:31.000Z","volume":16000,"label":" ","price":8.28},{"type":"A","date":"2018-03-27T02:27:20.000Z","volume":500,"label":"Y","price":8.28},{"type":"A","date":"2018-03-27T02:27:32.000Z","volume":69000,"label":" ","price":8.28},{"type":"B","date":"2018-03-27T02:27:42.000Z","volume":51000,"label":" ","price":8.28},{"type":"A","date":"2018-03-27T02:27:52.000Z","volume":500,"label":" ","price":8.28},{"type":"A","date":"2018-03-27T02:28:01.000Z","volume":10000,"label":" ","price":8.28},{"type":"B","date":"2018-03-27T02:28:12.000Z","volume":10000,"label":" ","price":8.27},{"type":"A","date":"2018-03-27T02:28:37.000Z","volume":1000,"label":" ","price":8.28},{"type":"B","date":"2018-03-27T02:29:33.000Z","volume":37000,"label":" ","price":8.27},{"type":"B","date":"2018-03-27T02:29:33.000Z","volume":23000,"label":" ","price":8.27},{"type":"B","date":"2018-03-27T02:29:33.000Z","volume":1000,"label":" ","price":8.26},{"type":"B","date":"2018-03-27T02:29:33.000Z","volume":28500,"label":" ","price":8.26},{"type":"B","date":"2018-03-27T02:29:33.000Z","volume":1500,"label":" ","price":8.26},{"type":"B","date":"2018-03-27T02:29:44.000Z","volume":2000,"label":" ","price":8.26},{"type":"B","date":"2018-03-27T02:29:44.000Z","volume":8000,"label":" ","price":8.26},{"type":"B","date":"2018-03-27T02:29:44.000Z","volume":500,"label":" ","price":8.26},{"type":"B","date":"2018-03-27T02:30:02.000Z","volume":10000,"label":" ","price":8.26},{"type":"B","date":"2018-03-27T02:30:22.000Z","volume":500,"label":" ","price":8.26},{"type":"B","date":"2018-03-27T02:30:38.000Z","volume":10000,"label":" ","price":8.26},{"type":"B","date":"2018-03-27T02:30:39.000Z","volume":2500,"label":" ","price":8.26},{"type":"B","date":"2018-03-27T02:30:39.000Z","volume":4500,"label":" ","price":8.26},{"type":"U","date":"2018-03-27T02:30:48.000Z","volume":5000,"label":" ","price":8.26},{"type":"A","date":"2018-03-27T02:31:08.000Z","volume":51500,"label":" ","price":8.26},{"type":"B","date":"2018-03-27T02:31:09.000Z","volume":1000,"label":" ","price":8.26},{"type":"B","date":"2018-03-27T02:31:09.000Z","volume":1000,"label":" ","price":8.25},{"type":"B","date":"2018-03-27T02:31:13.000Z","volume":15000,"label":" ","price":8.26},{"type":"A","date":"2018-03-27T02:32:12.000Z","volume":1000,"label":" ","price":8.27},{"type":"A","date":"2018-03-27T02:33:00.000Z","volume":3000,"label":" ","price":8.27},{"type":"B","date":"2018-03-27T02:33:06.000Z","volume":2000,"label":" ","price":8.26},{"type":"B","date":"2018-03-27T02:33:07.000Z","volume":27000,"label":" ","price":8.26},{"type":"B","date":"2018-03-27T02:33:07.000Z","volume":1000,"label":" ","price":8.26},{"type":"A","date":"2018-03-27T02:33:08.000Z","volume":15000,"label":" ","price":8.26},{"type":"A","date":"2018-03-27T02:33:09.000Z","volume":15000,"label":" ","price":8.26},{"type":"A","date":"2018-03-27T02:33:20.000Z","volume":3000,"label":" ","price":8.27},{"type":"A","date":"2018-03-27T02:33:57.000Z","volume":2000,"label":" ","price":8.27},{"type":"B","date":"2018-03-27T02:34:36.000Z","volume":3000,"label":" ","price":8.26},{"type":"A","date":"2018-03-27T02:34:37.000Z","volume":10000,"label":" ","price":8.27},{"type":"A","date":"2018-03-27T02:34:57.000Z","volume":46000,"label":" ","price":8.27},{"type":"B","date":"2018-03-27T02:34:57.000Z","volume":4000,"label":" ","price":8.27},{"type":"A","date":"2018-03-27T02:35:00.000Z","volume":1000,"label":" ","price":8.28},{"type":"A","date":"2018-03-27T02:35:33.000Z","volume":5500,"label":" ","price":8.28},{"type":"A","date":"2018-03-27T02:35:35.000Z","volume":90000,"label":" ","price":8.28},{"type":"A","date":"2018-03-27T02:35:35.000Z","volume":2000,"label":"Y","price":8.28},{"type":"A","date":"2018-03-27T02:35:35.000Z","volume":44500,"label":" ","price":8.28},{"type":"A","date":"2018-03-27T02:36:00.000Z","volume":20000,"label":" ","price":8.29},{"type":"B","date":"2018-03-27T02:36:12.000Z","volume":64000,"label":" ","price":8.28},{"type":"B","date":"2018-03-27T02:36:15.000Z","volume":5000,"label":" ","price":8.27},{"type":"A","date":"2018-03-27T02:36:37.000Z","volume":100000,"label":" ","price":8.28},{"type":"A","date":"2018-03-27T02:37:18.000Z","volume":60000,"label":" ","price":8.28},{"type":"A","date":"2018-03-27T02:37:18.000Z","volume":31500,"label":" ","price":8.28},{"type":"B","date":"2018-03-27T02:37:30.000Z","volume":500,"label":" ","price":8.28},{"type":"B","date":"2018-03-27T02:37:37.000Z","volume":1500,"label":" ","price":8.28},{"type":"B","date":"2018-03-27T02:38:36.000Z","volume":62000,"label":" ","price":8.28},{"type":"A","date":"2018-03-27T02:40:12.000Z","volume":500,"label":" ","price":8.28},{"type":"A","date":"2018-03-27T02:40:23.000Z","volume":10000,"label":" ","price":8.28},{"type":"A","date":"2018-03-27T02:40:33.000Z","volume":90000,"label":" ","price":8.28},{"type":"A","date":"2018-03-27T02:40:33.000Z","volume":10500,"label":" ","price":8.28},{"type":"B","date":"2018-03-27T02:40:33.000Z","volume":1500,"label":" ","price":8.28},{"type":"B","date":"2018-03-27T02:40:33.000Z","volume":19500,"label":" ","price":8.27},{"type":"A","date":"2018-03-27T02:41:12.000Z","volume":26000,"label":" ","price":8.28},{"type":"U","date":"2018-03-27T02:41:13.000Z","volume":2000,"label":" ","price":8.28},{"type":"U","date":"2018-03-27T02:41:13.000Z","volume":5000,"label":" ","price":8.28},{"type":"A","date":"2018-03-27T02:41:15.000Z","volume":25500,"label":" ","price":8.29},{"type":"A","date":"2018-03-27T02:41:34.000Z","volume":20000,"label":" ","price":8.29},{"type":"A","date":"2018-03-27T02:41:38.000Z","volume":16000,"label":" ","price":8.29},{"type":"A","date":"2018-03-27T02:41:49.000Z","volume":27500,"label":" ","price":8.29},{"type":"A","date":"2018-03-27T02:41:49.000Z","volume":17500,"label":" ","price":8.3},{"type":"U","date":"2018-03-27T02:41:52.000Z","volume":4000,"label":"X","price":8.29},{"type":"U","date":"2018-03-27T02:41:52.000Z","volume":500,"label":"X","price":8.29},{"type":"A","date":"2018-03-27T02:42:28.000Z","volume":11000,"label":" ","price":8.3},{"type":"A","date":"2018-03-27T02:42:57.000Z","volume":500,"label":" ","price":8.3},{"type":"A","date":"2018-03-27T02:43:11.000Z","volume":2500,"label":" ","price":8.3},{"type":"B","date":"2018-03-27T02:43:21.000Z","volume":22000,"label":" ","price":8.29},{"type":"B","date":"2018-03-27T02:43:21.000Z","volume":52000,"label":" ","price":8.29},{"type":"B","date":"2018-03-27T02:43:21.000Z","volume":16000,"label":" ","price":8.28},{"type":"A","date":"2018-03-27T02:43:43.000Z","volume":20000,"label":" ","price":8.28},{"type":"A","date":"2018-03-27T02:43:43.000Z","volume":12000,"label":" ","price":8.28},{"type":"B","date":"2018-03-27T02:43:46.000Z","volume":9500,"label":" ","price":8.28},{"type":"B","date":"2018-03-27T02:43:46.000Z","volume":13000,"label":" ","price":8.28},{"type":"B","date":"2018-03-27T02:43:50.000Z","volume":1500,"label":" ","price":8.27},{"type":"A","date":"2018-03-27T02:43:59.000Z","volume":10000,"label":" ","price":8.28},{"type":"A","date":"2018-03-27T02:44:12.000Z","volume":20000,"label":" ","price":8.28},{"type":"A","date":"2018-03-27T02:44:12.000Z","volume":8500,"label":" ","price":8.28},{"type":"B","date":"2018-03-27T02:44:39.000Z","volume":500,"label":" ","price":8.28},{"type":"B","date":"2018-03-27T02:44:48.000Z","volume":1000,"label":" ","price":8.28},{"type":"A","date":"2018-03-27T02:45:04.000Z","volume":5000,"label":" ","price":8.29},{"type":"A","date":"2018-03-27T02:45:19.000Z","volume":2000,"label":" ","price":8.29},{"type":"B","date":"2018-03-27T02:45:27.000Z","volume":1000,"label":" ","price":8.28},{"type":"A","date":"2018-03-27T02:45:29.000Z","volume":30000,"label":" ","price":8.29},{"type":"A","date":"2018-03-27T02:45:33.000Z","volume":11500,"label":" ","price":8.29},{"type":"A","date":"2018-03-27T02:47:08.000Z","volume":11500,"label":" ","price":8.29},{"type":"A","date":"2018-03-27T02:47:11.000Z","volume":500,"label":"Y","price":8.29},{"type":"B","date":"2018-03-27T02:47:41.000Z","volume":19500,"label":" ","price":8.28},{"type":"B","date":"2018-03-27T02:47:41.000Z","volume":32000,"label":" ","price":8.28},{"type":"B","date":"2018-03-27T02:47:41.000Z","volume":15500,"label":" ","price":8.27},{"type":"U","date":"2018-03-27T02:48:22.000Z","volume":1000,"label":" ","price":8.27},{"type":"U","date":"2018-03-27T02:48:22.000Z","volume":3000,"label":" ","price":8.27},{"type":"U","date":"2018-03-27T02:49:14.000Z","volume":1000,"label":" ","price":8.27},{"type":"U","date":"2018-03-27T02:49:14.000Z","volume":500,"label":" ","price":8.27},{"type":"U","date":"2018-03-27T02:49:14.000Z","volume":2000,"label":" ","price":8.27},{"type":"U","date":"2018-03-27T02:49:15.000Z","volume":500,"label":"X","price":8.284},{"type":"A","date":"2018-03-27T02:49:18.000Z","volume":8000,"label":" ","price":8.27},{"type":"A","date":"2018-03-27T02:49:48.000Z","volume":6000,"label":" ","price":8.27},{"type":"A","date":"2018-03-27T02:50:17.000Z","volume":46500,"label":" ","price":8.27},{"type":"U","date":"2018-03-27T02:51:01.000Z","volume":500,"label":"X","price":8.28},{"type":"B","date":"2018-03-27T02:51:08.000Z","volume":1500,"label":" ","price":8.27},{"type":"A","date":"2018-03-27T02:51:18.000Z","volume":39500,"label":" ","price":8.28},{"type":"A","date":"2018-03-27T02:51:18.000Z","volume":6500,"label":" ","price":8.28},{"type":"U","date":"2018-03-27T02:51:18.000Z","volume":7000,"label":" ","price":8.28},{"type":"U","date":"2018-03-27T02:51:18.000Z","volume":1000,"label":" ","price":8.28},{"type":"A","date":"2018-03-27T02:51:26.000Z","volume":2500,"label":" ","price":8.29},{"type":"B","date":"2018-03-27T02:51:33.000Z","volume":53500,"label":" ","price":8.28},{"type":"B","date":"2018-03-27T02:51:33.000Z","volume":46500,"label":" ","price":8.27},{"type":"U","date":"2018-03-27T02:52:43.000Z","volume":6500,"label":" ","price":8.27},{"type":"A","date":"2018-03-27T02:52:43.000Z","volume":10500,"label":" ","price":8.27},{"type":"A","date":"2018-03-27T02:52:43.000Z","volume":500,"label":" ","price":8.27},{"type":"A","date":"2018-03-27T02:52:43.000Z","volume":500,"label":" ","price":8.27},{"type":"U","date":"2018-03-27T02:52:46.000Z","volume":1000,"label":" ","price":8.27},{"type":"B","date":"2018-03-27T02:53:22.000Z","volume":1000,"label":" ","price":8.26},{"type":"A","date":"2018-03-27T02:53:58.000Z","volume":24500,"label":" ","price":8.27},{"type":"U","date":"2018-03-27T02:53:58.000Z","volume":1000,"label":" ","price":8.27},{"type":"U","date":"2018-03-27T02:53:58.000Z","volume":500,"label":" ","price":8.27},{"type":"U","date":"2018-03-27T02:53:59.000Z","volume":5000,"label":" ","price":8.27},{"type":"U","date":"2018-03-27T02:54:40.000Z","volume":26000,"label":" ","price":8.27},{"type":"A","date":"2018-03-27T02:54:40.000Z","volume":500,"label":" ","price":8.27},{"type":"A","date":"2018-03-27T02:54:40.000Z","volume":500,"label":" ","price":8.27},{"type":"A","date":"2018-03-27T02:54:43.000Z","volume":11000,"label":" ","price":8.27},{"type":"A","date":"2018-03-27T02:55:05.000Z","volume":27500,"label":" ","price":8.27},{"type":"A","date":"2018-03-27T02:55:05.000Z","volume":1000,"label":" ","price":8.27},{"type":"U","date":"2018-03-27T02:55:06.000Z","volume":1500,"label":" ","price":8.27},{"type":"A","date":"2018-03-27T02:55:06.000Z","volume":1000,"label":" ","price":8.27},{"type":"B","date":"2018-03-27T02:55:13.000Z","volume":7500,"label":" ","price":8.27},{"type":"A","date":"2018-03-27T02:55:19.000Z","volume":10000,"label":" ","price":8.28},{"type":"A","date":"2018-03-27T02:55:40.000Z","volume":41500,"label":" ","price":8.28},{"type":"B","date":"2018-03-27T02:55:42.000Z","volume":10000,"label":" ","price":8.28},{"type":"B","date":"2018-03-27T02:56:37.000Z","volume":500,"label":" ","price":8.27},{"type":"A","date":"2018-03-27T02:57:53.000Z","volume":9000,"label":" ","price":8.28},{"type":"B","date":"2018-03-27T02:58:05.000Z","volume":500,"label":" ","price":8.27},{"type":"B","date":"2018-03-27T02:58:54.000Z","volume":500,"label":" ","price":8.27},{"type":"B","date":"2018-03-27T02:59:03.000Z","volume":35000,"label":" ","price":8.27},{"type":"B","date":"2018-03-27T02:59:03.000Z","volume":59000,"label":" ","price":8.27},{"type":"B","date":"2018-03-27T02:59:03.000Z","volume":59500,"label":" ","price":8.26},{"type":"B","date":"2018-03-27T02:59:03.000Z","volume":29500,"label":" ","price":8.26},{"type":"B","date":"2018-03-27T02:59:03.000Z","volume":6000,"label":" ","price":8.26},{"type":"B","date":"2018-03-27T02:59:03.000Z","volume":4000,"label":" ","price":8.26},{"type":"B","date":"2018-03-27T02:59:03.000Z","volume":2000,"label":" ","price":8.26},{"type":"U","date":"2018-03-27T02:59:03.000Z","volume":1500,"label":" ","price":8.26},{"type":"U","date":"2018-03-27T02:59:03.000Z","volume":500,"label":" ","price":8.26},{"type":"U","date":"2018-03-27T02:59:15.000Z","volume":500,"label":"X","price":8.271},{"type":"B","date":"2018-03-27T02:59:33.000Z","volume":18500,"label":" ","price":8.26},{"type":"B","date":"2018-03-27T02:59:33.000Z","volume":2500,"label":" ","price":8.26},{"type":"B","date":"2018-03-27T03:00:35.000Z","volume":13000,"label":" ","price":8.26},{"type":"B","date":"2018-03-27T03:00:35.000Z","volume":500,"label":"Y","price":8.26},{"type":"B","date":"2018-03-27T03:00:56.000Z","volume":500,"label":" ","price":8.26},{"type":"A","date":"2018-03-27T03:01:56.000Z","volume":20000,"label":" ","price":8.27},{"type":"A","date":"2018-03-27T03:01:56.000Z","volume":22000,"label":" ","price":8.27},{"type":"A","date":"2018-03-27T03:01:56.000Z","volume":2000,"label":" ","price":8.27},{"type":"A","date":"2018-03-27T03:02:08.000Z","volume":16500,"label":" ","price":8.28},{"type":"A","date":"2018-03-27T03:03:07.000Z","volume":2000,"label":" ","price":8.28},{"type":"B","date":"2018-03-27T03:03:45.000Z","volume":28000,"label":" ","price":8.27},{"type":"U","date":"2018-03-27T03:03:51.000Z","volume":500,"label":"X","price":8.27},{"type":"A","date":"2018-03-27T03:04:01.000Z","volume":10000,"label":" ","price":8.27},{"type":"B","date":"2018-03-27T03:04:07.000Z","volume":1000,"label":" ","price":8.26},{"type":"A","date":"2018-03-27T03:04:13.000Z","volume":1500,"label":"Y","price":8.27},{"type":"B","date":"2018-03-27T03:04:14.000Z","volume":7000,"label":" ","price":8.26},{"type":"A","date":"2018-03-27T03:05:24.000Z","volume":65500,"label":" ","price":8.27},{"type":"B","date":"2018-03-27T03:05:24.000Z","volume":500,"label":" ","price":8.27},{"type":"B","date":"2018-03-27T03:05:24.000Z","volume":3000,"label":" ","price":8.27},{"type":"B","date":"2018-03-27T03:05:24.000Z","volume":30500,"label":" ","price":8.26},{"type":"U","date":"2018-03-27T03:05:24.000Z","volume":22500,"label":" ","price":8.26},{"type":"B","date":"2018-03-27T03:05:35.000Z","volume":16000,"label":" ","price":8.27},{"type":"B","date":"2018-03-27T03:05:54.000Z","volume":4500,"label":" ","price":8.26},{"type":"B","date":"2018-03-27T03:05:54.000Z","volume":12500,"label":" ","price":8.26},{"type":"B","date":"2018-03-27T03:06:03.000Z","volume":500,"label":" ","price":8.26},{"type":"B","date":"2018-03-27T03:06:48.000Z","volume":8000,"label":" ","price":8.26},{"type":"B","date":"2018-03-27T03:06:59.000Z","volume":2000,"label":" ","price":8.26},{"type":"U","date":"2018-03-27T03:07:32.000Z","volume":500,"label":"X","price":8.267},{"type":"A","date":"2018-03-27T03:07:59.000Z","volume":11000,"label":" ","price":8.27},{"type":"A","date":"2018-03-27T03:08:01.000Z","volume":9500,"label":" ","price":8.27},{"type":"A","date":"2018-03-27T03:08:02.000Z","volume":43500,"label":" ","price":8.27},{"type":"A","date":"2018-03-27T03:08:02.000Z","volume":1000,"label":" ","price":8.27},{"type":"A","date":"2018-03-27T03:08:02.000Z","volume":500,"label":" ","price":8.27},{"type":"U","date":"2018-03-27T03:08:02.000Z","volume":1500,"label":" ","price":8.27},{"type":"B","date":"2018-03-27T03:08:33.000Z","volume":2000,"label":" ","price":8.27},{"type":"B","date":"2018-03-27T03:09:03.000Z","volume":22000,"label":" ","price":8.27},{"type":"B","date":"2018-03-27T03:09:05.000Z","volume":5000,"label":" ","price":8.26},{"type":"A","date":"2018-03-27T03:09:08.000Z","volume":6000,"label":" ","price":8.27},{"type":"A","date":"2018-03-27T03:09:10.000Z","volume":7000,"label":" ","price":8.27},{"type":"U","date":"2018-03-27T03:10:14.000Z","volume":1500,"label":"X","price":8.265},{"type":"B","date":"2018-03-27T03:10:26.000Z","volume":2000,"label":" ","price":8.26},{"type":"A","date":"2018-03-27T03:10:52.000Z","volume":500,"label":" ","price":8.27},{"type":"A","date":"2018-03-27T03:11:20.000Z","volume":2000,"label":" ","price":8.27},{"type":"A","date":"2018-03-27T03:11:36.000Z","volume":500,"label":" ","price":8.27},{"type":"A","date":"2018-03-27T03:11:51.000Z","volume":10000,"label":" ","price":8.27},{"type":"B","date":"2018-03-27T03:13:10.000Z","volume":500,"label":" ","price":8.26},{"type":"B","date":"2018-03-27T03:13:41.000Z","volume":38500,"label":" ","price":8.26},{"type":"B","date":"2018-03-27T03:13:41.000Z","volume":1000,"label":" ","price":8.25},{"type":"A","date":"2018-03-27T03:13:47.000Z","volume":3500,"label":" ","price":8.26},{"type":"A","date":"2018-03-27T03:13:47.000Z","volume":1500,"label":" ","price":8.26},{"type":"A","date":"2018-03-27T03:15:49.000Z","volume":50000,"label":" ","price":8.26},{"type":"A","date":"2018-03-27T03:15:52.000Z","volume":4000,"label":" ","price":8.26},{"type":"B","date":"2018-03-27T03:15:53.000Z","volume":40000,"label":" ","price":8.25},{"type":"B","date":"2018-03-27T03:15:53.000Z","volume":2500,"label":" ","price":8.25},{"type":"A","date":"2018-03-27T03:16:15.000Z","volume":10500,"label":"Y","price":8.26},{"type":"A","date":"2018-03-27T03:16:15.000Z","volume":120000,"label":" ","price":8.26},{"type":"U","date":"2018-03-27T03:16:21.000Z","volume":500,"label":"X","price":8.27},{"type":"A","date":"2018-03-27T03:16:25.000Z","volume":8000,"label":"Y","price":8.27},{"type":"B","date":"2018-03-27T03:17:10.000Z","volume":40500,"label":" ","price":8.26},{"type":"B","date":"2018-03-27T03:17:10.000Z","volume":3500,"label":" ","price":8.26},{"type":"B","date":"2018-03-27T03:17:10.000Z","volume":6000,"label":" ","price":8.25},{"type":"B","date":"2018-03-27T03:17:10.000Z","volume":120500,"label":" ","price":8.25},{"type":"B","date":"2018-03-27T03:17:10.000Z","volume":20000,"label":" ","price":8.25},{"type":"B","date":"2018-03-27T03:17:10.000Z","volume":118500,"label":" ","price":8.25},{"type":"B","date":"2018-03-27T03:17:19.000Z","volume":23500,"label":" ","price":8.24},{"type":"B","date":"2018-03-27T03:17:19.000Z","volume":500,"label":" ","price":8.24},{"type":"B","date":"2018-03-27T03:17:21.000Z","volume":26000,"label":" ","price":8.23},{"type":"B","date":"2018-03-27T03:17:58.000Z","volume":5000,"label":" ","price":8.22},{"type":"B","date":"2018-03-27T03:18:08.000Z","volume":7500,"label":" ","price":8.22},{"type":"A","date":"2018-03-27T03:18:21.000Z","volume":10000,"label":" ","price":8.23},{"type":"A","date":"2018-03-27T03:18:31.000Z","volume":2000,"label":" ","price":8.23},{"type":"A","date":"2018-03-27T03:18:50.000Z","volume":1000,"label":" ","price":8.23},{"type":"A","date":"2018-03-27T03:19:04.000Z","volume":1000,"label":" ","price":8.23},{"type":"A","date":"2018-03-27T03:19:54.000Z","volume":2000,"label":" ","price":8.23},{"type":"U","date":"2018-03-27T03:19:58.000Z","volume":2500,"label":"X","price":8.22},{"type":"U","date":"2018-03-27T03:19:58.000Z","volume":3000,"label":"X","price":8.22},{"type":"A","date":"2018-03-27T03:20:16.000Z","volume":74500,"label":" ","price":8.23},{"type":"A","date":"2018-03-27T03:20:16.000Z","volume":24500,"label":" ","price":8.23},{"type":"B","date":"2018-03-27T03:20:19.000Z","volume":2500,"label":" ","price":8.23},{"type":"A","date":"2018-03-27T03:20:19.000Z","volume":65000,"label":" ","price":8.24},{"type":"A","date":"2018-03-27T03:20:22.000Z","volume":24500,"label":" ","price":8.24},{"type":"A","date":"2018-03-27T03:20:27.000Z","volume":500,"label":" ","price":8.24},{"type":"A","date":"2018-03-27T03:20:27.000Z","volume":28000,"label":" ","price":8.24},{"type":"A","date":"2018-03-27T03:20:27.000Z","volume":5500,"label":" ","price":8.24},{"type":"U","date":"2018-03-27T03:20:29.000Z","volume":2000,"label":" ","price":8.24},{"type":"A","date":"2018-03-27T03:20:29.000Z","volume":255000,"label":" ","price":8.25},{"type":"U","date":"2018-03-27T03:20:29.000Z","volume":500,"label":" ","price":8.24},{"type":"B","date":"2018-03-27T03:20:31.000Z","volume":16500,"label":" ","price":8.24},{"type":"B","date":"2018-03-27T03:20:35.000Z","volume":10000,"label":" ","price":8.23},{"type":"B","date":"2018-03-27T03:20:35.000Z","volume":2000,"label":" ","price":8.23},{"type":"A","date":"2018-03-27T03:20:51.000Z","volume":3000,"label":" ","price":8.24},{"type":"B","date":"2018-03-27T03:20:52.000Z","volume":4000,"label":" ","price":8.23},{"type":"U","date":"2018-03-27T03:21:10.000Z","volume":1500,"label":" ","price":8.23},{"type":"B","date":"2018-03-27T03:21:46.000Z","volume":5000,"label":" ","price":8.22},{"type":"A","date":"2018-03-27T03:22:15.000Z","volume":4500,"label":" ","price":8.23},{"type":"A","date":"2018-03-27T03:22:15.000Z","volume":8500,"label":" ","price":8.23},{"type":"A","date":"2018-03-27T03:22:27.000Z","volume":7000,"label":"Y","price":8.24},{"type":"A","date":"2018-03-27T03:22:27.000Z","volume":29500,"label":" ","price":8.24},{"type":"A","date":"2018-03-27T03:22:27.000Z","volume":11500,"label":" ","price":8.24},{"type":"U","date":"2018-03-27T03:22:27.000Z","volume":6500,"label":" ","price":8.24},{"type":"A","date":"2018-03-27T03:23:33.000Z","volume":200000,"label":" ","price":8.25},{"type":"B","date":"2018-03-27T03:23:40.000Z","volume":18500,"label":" ","price":8.23},{"type":"A","date":"2018-03-27T03:23:40.000Z","volume":1500,"label":" ","price":8.24},{"type":"A","date":"2018-03-27T03:23:40.000Z","volume":212000,"label":" ","price":8.25},{"type":"B","date":"2018-03-27T03:23:40.000Z","volume":500,"label":" ","price":8.25},{"type":"A","date":"2018-03-27T03:26:12.000Z","volume":60500,"label":" ","price":8.26},{"type":"A","date":"2018-03-27T03:26:12.000Z","volume":29000,"label":" ","price":8.26},{"type":"A","date":"2018-03-27T03:26:37.000Z","volume":1000,"label":"Y","price":8.27},{"type":"A","date":"2018-03-27T03:26:37.000Z","volume":33500,"label":" ","price":8.27},{"type":"B","date":"2018-03-27T03:26:37.000Z","volume":3500,"label":" ","price":8.27},{"type":"B","date":"2018-03-27T03:26:38.000Z","volume":3000,"label":" ","price":8.27},{"type":"B","date":"2018-03-27T03:26:38.000Z","volume":46500,"label":" ","price":8.27},{"type":"B","date":"2018-03-27T03:26:38.000Z","volume":13500,"label":" ","price":8.27},{"type":"B","date":"2018-03-27T03:26:41.000Z","volume":82000,"label":" ","price":8.27},{"type":"U","date":"2018-03-27T03:26:45.000Z","volume":1000,"label":"X","price":8.275},{"type":"U","date":"2018-03-27T03:26:45.000Z","volume":3000,"label":"X","price":8.275},{"type":"A","date":"2018-03-27T03:27:14.000Z","volume":5000,"label":" ","price":8.27},{"type":"B","date":"2018-03-27T03:27:19.000Z","volume":500,"label":" ","price":8.26},{"type":"U","date":"2018-03-27T03:30:03.000Z","volume":500,"label":"X","price":8.265},{"type":"B","date":"2018-03-27T03:30:11.000Z","volume":500,"label":" ","price":8.26},{"type":"U","date":"2018-03-27T03:31:26.000Z","volume":500,"label":"X","price":8.27},{"type":"B","date":"2018-03-27T03:32:25.000Z","volume":5000,"label":" ","price":8.26},{"type":"A","date":"2018-03-27T03:32:32.000Z","volume":500,"label":" ","price":8.27},{"type":"B","date":"2018-03-27T03:32:32.000Z","volume":36000,"label":" ","price":8.26},{"type":"B","date":"2018-03-27T03:32:32.000Z","volume":28500,"label":" ","price":8.26},{"type":"B","date":"2018-03-27T03:32:32.000Z","volume":15000,"label":" ","price":8.26},{"type":"B","date":"2018-03-27T03:32:32.000Z","volume":1500,"label":" ","price":8.25},{"type":"A","date":"2018-03-27T03:32:57.000Z","volume":10000,"label":" ","price":8.26},{"type":"A","date":"2018-03-27T03:33:23.000Z","volume":500,"label":" ","price":8.26},{"type":"A","date":"2018-03-27T03:33:39.000Z","volume":74500,"label":" ","price":8.26},{"type":"A","date":"2018-03-27T03:33:39.000Z","volume":500,"label":" ","price":8.26},{"type":"A","date":"2018-03-27T03:33:39.000Z","volume":1500,"label":" ","price":8.26},{"type":"A","date":"2018-03-27T03:33:39.000Z","volume":500,"label":" ","price":8.26},{"type":"A","date":"2018-03-27T03:33:51.000Z","volume":500,"label":"Y","price":8.27},{"type":"A","date":"2018-03-27T03:35:59.000Z","volume":7500,"label":" ","price":8.27},{"type":"A","date":"2018-03-27T03:36:14.000Z","volume":500,"label":" ","price":8.27},{"type":"A","date":"2018-03-27T03:36:28.000Z","volume":13000,"label":" ","price":8.27},{"type":"A","date":"2018-03-27T03:36:28.000Z","volume":50000,"label":" ","price":8.27},{"type":"A","date":"2018-03-27T03:36:28.000Z","volume":23500,"label":" ","price":8.27},{"type":"B","date":"2018-03-27T03:36:28.000Z","volume":1500,"label":" ","price":8.27},{"type":"B","date":"2018-03-27T03:36:41.000Z","volume":1000,"label":" ","price":8.27},{"type":"B","date":"2018-03-27T03:36:52.000Z","volume":40000,"label":" ","price":8.27},{"type":"U","date":"2018-03-27T03:37:23.000Z","volume":1500,"label":"X","price":8.265},{"type":"B","date":"2018-03-27T03:37:23.000Z","volume":10000,"label":" ","price":8.26},{"type":"B","date":"2018-03-27T03:37:23.000Z","volume":500,"label":" ","price":8.26},{"type":"B","date":"2018-03-27T03:38:04.000Z","volume":48000,"label":" ","price":8.26},{"type":"B","date":"2018-03-27T03:38:04.000Z","volume":72000,"label":" ","price":8.25},{"type":"B","date":"2018-03-27T03:38:37.000Z","volume":20500,"label":" ","price":8.24},{"type":"U","date":"2018-03-27T03:38:56.000Z","volume":500,"label":"X","price":8.24},{"type":"A","date":"2018-03-27T03:39:14.000Z","volume":7000,"label":" ","price":8.24},{"type":"B","date":"2018-03-27T03:39:41.000Z","volume":1000,"label":" ","price":8.23},{"type":"A","date":"2018-03-27T03:40:44.000Z","volume":7000,"label":" ","price":8.24},{"type":"A","date":"2018-03-27T03:41:37.000Z","volume":5500,"label":"Y","price":8.24},{"type":"A","date":"2018-03-27T03:41:37.000Z","volume":65000,"label":" ","price":8.24},{"type":"A","date":"2018-03-27T03:41:37.000Z","volume":309000,"label":" ","price":8.25},{"type":"A","date":"2018-03-27T03:41:37.000Z","volume":3500,"label":"Y","price":8.25},{"type":"A","date":"2018-03-27T03:41:37.000Z","volume":491500,"label":" ","price":8.25},{"type":"A","date":"2018-03-27T03:41:37.000Z","volume":1000,"label":"Y","price":8.26},{"type":"A","date":"2018-03-27T03:41:37.000Z","volume":19500,"label":" ","price":8.26},{"type":"B","date":"2018-03-27T03:41:37.000Z","volume":1000,"label":" ","price":8.24},{"type":"U","date":"2018-03-27T03:41:37.000Z","volume":10000,"label":" ","price":8.25},{"type":"A","date":"2018-03-27T03:41:38.000Z","volume":4000,"label":"Y","price":8.26},{"type":"A","date":"2018-03-27T03:41:38.000Z","volume":4500,"label":"Y","price":8.26},{"type":"A","date":"2018-03-27T03:41:40.000Z","volume":500,"label":"Y","price":8.26},{"type":"U","date":"2018-03-27T03:41:41.000Z","volume":500,"label":" ","price":8.25},{"type":"A","date":"2018-03-27T03:41:41.000Z","volume":500,"label":"Y","price":8.26},{"type":"A","date":"2018-03-27T03:41:41.000Z","volume":500,"label":" ","price":8.26},{"type":"A","date":"2018-03-27T03:41:42.000Z","volume":500,"label":" ","price":8.26},{"type":"A","date":"2018-03-27T03:41:52.000Z","volume":6500,"label":" ","price":8.26},{"type":"A","date":"2018-03-27T03:41:52.000Z","volume":5000,"label":" ","price":8.26},{"type":"A","date":"2018-03-27T03:42:00.000Z","volume":500,"label":" ","price":8.26},{"type":"A","date":"2018-03-27T03:42:07.000Z","volume":3000,"label":" ","price":8.26},{"type":"A","date":"2018-03-27T03:42:07.000Z","volume":3000,"label":" ","price":8.26},{"type":"A","date":"2018-03-27T03:42:07.000Z","volume":5500,"label":" ","price":8.26},{"type":"A","date":"2018-03-27T03:42:07.000Z","volume":25000,"label":" ","price":8.26},{"type":"A","date":"2018-03-27T03:42:07.000Z","volume":4500,"label":" ","price":8.26},{"type":"A","date":"2018-03-27T03:42:07.000Z","volume":17000,"label":" ","price":8.26},{"type":"B","date":"2018-03-27T03:42:08.000Z","volume":500,"label":" ","price":8.26},{"type":"B","date":"2018-03-27T03:42:08.000Z","volume":4000,"label":" ","price":8.26},{"type":"A","date":"2018-03-27T03:42:17.000Z","volume":500,"label":" ","price":8.27},{"type":"A","date":"2018-03-27T03:42:17.000Z","volume":29000,"label":" ","price":8.27},{"type":"U","date":"2018-03-27T03:42:17.000Z","volume":1000,"label":" ","price":8.27},{"type":"A","date":"2018-03-27T03:43:07.000Z","volume":10000,"label":"Y","price":8.28},{"type":"A","date":"2018-03-27T03:43:17.000Z","volume":500,"label":" ","price":8.28},{"type":"B","date":"2018-03-27T03:43:36.000Z","volume":30000,"label":" ","price":8.27},{"type":"A","date":"2018-03-27T03:43:36.000Z","volume":30500,"label":" ","price":8.28},{"type":"A","date":"2018-03-27T03:43:38.000Z","volume":500,"label":" ","price":8.28},{"type":"A","date":"2018-03-27T03:44:00.000Z","volume":1000,"label":" ","price":8.28},{"type":"A","date":"2018-03-27T03:44:24.000Z","volume":7500,"label":" ","price":8.28},{"type":"A","date":"2018-03-27T03:44:44.000Z","volume":5000,"label":" ","price":8.28},{"type":"A","date":"2018-03-27T03:44:44.000Z","volume":6500,"label":" ","price":8.28},{"type":"A","date":"2018-03-27T03:45:19.000Z","volume":500,"label":" ","price":8.28},{"type":"B","date":"2018-03-27T03:46:08.000Z","volume":90000,"label":" ","price":8.27},{"type":"B","date":"2018-03-27T03:46:08.000Z","volume":9500,"label":" ","price":8.27},{"type":"B","date":"2018-03-27T03:46:08.000Z","volume":5000,"label":" ","price":8.26},{"type":"B","date":"2018-03-27T03:46:09.000Z","volume":1500,"label":" ","price":8.25},{"type":"A","date":"2018-03-27T03:46:25.000Z","volume":1000,"label":" ","price":8.26},{"type":"B","date":"2018-03-27T03:46:48.000Z","volume":31500,"label":" ","price":8.25},{"type":"B","date":"2018-03-27T03:46:48.000Z","volume":31000,"label":" ","price":8.24},{"type":"B","date":"2018-03-27T03:46:48.000Z","volume":87500,"label":" ","price":8.23},{"type":"A","date":"2018-03-27T03:47:02.000Z","volume":59500,"label":" ","price":8.25},{"type":"B","date":"2018-03-27T03:47:06.000Z","volume":5000,"label":" ","price":8.25},{"type":"B","date":"2018-03-27T03:47:14.000Z","volume":5000,"label":" ","price":8.25},{"type":"U","date":"2018-03-27T03:47:16.000Z","volume":1500,"label":"X","price":8.255},{"type":"U","date":"2018-03-27T03:47:16.000Z","volume":1500,"label":"X","price":8.255},{"type":"A","date":"2018-03-27T03:47:28.000Z","volume":6000,"label":" ","price":8.26},{"type":"U","date":"2018-03-27T03:48:14.000Z","volume":500,"label":"X","price":8.26},{"type":"B","date":"2018-03-27T03:48:23.000Z","volume":20000,"label":" ","price":8.25},{"type":"B","date":"2018-03-27T03:48:23.000Z","volume":5000,"label":" ","price":8.25},{"type":"B","date":"2018-03-27T03:48:23.000Z","volume":16000,"label":" ","price":8.25},{"type":"B","date":"2018-03-27T03:51:10.000Z","volume":1000,"label":" ","price":8.24},{"type":"A","date":"2018-03-27T03:51:59.000Z","volume":6500,"label":" ","price":8.25},{"type":"A","date":"2018-03-27T03:52:19.000Z","volume":59000,"label":" ","price":8.25},{"type":"A","date":"2018-03-27T03:52:19.000Z","volume":1000,"label":" ","price":8.25},{"type":"A","date":"2018-03-27T03:52:32.000Z","volume":8000,"label":" ","price":8.26},{"type":"A","date":"2018-03-27T03:52:49.000Z","volume":17500,"label":" ","price":8.26},{"type":"A","date":"2018-03-27T03:52:49.000Z","volume":35000,"label":" ","price":8.26},{"type":"B","date":"2018-03-27T03:52:49.000Z","volume":1000,"label":" ","price":8.26},{"type":"B","date":"2018-03-27T03:53:27.000Z","volume":2500,"label":" ","price":8.26},{"type":"A","date":"2018-03-27T03:53:27.000Z","volume":500,"label":" ","price":8.27},{"type":"A","date":"2018-03-27T03:53:36.000Z","volume":500,"label":" ","price":8.27},{"type":"B","date":"2018-03-27T03:53:52.000Z","volume":33500,"label":" ","price":8.26},{"type":"A","date":"2018-03-27T03:55:20.000Z","volume":29500,"label":" ","price":8.26},{"type":"A","date":"2018-03-27T03:55:49.000Z","volume":10000,"label":" ","price":8.26},{"type":"A","date":"2018-03-27T03:55:53.000Z","volume":15000,"label":" ","price":8.26},{"type":"A","date":"2018-03-27T03:56:23.000Z","volume":500,"label":" ","price":8.26},{"type":"A","date":"2018-03-27T03:56:25.000Z","volume":13000,"label":" ","price":8.26},{"type":"A","date":"2018-03-27T03:58:11.000Z","volume":10000,"label":" ","price":8.27},{"type":"A","date":"2018-03-27T03:58:11.000Z","volume":19500,"label":" ","price":8.27},{"type":"B","date":"2018-03-27T03:58:11.000Z","volume":500,"label":" ","price":8.27},{"type":"U","date":"2018-03-27T03:58:11.000Z","volume":500,"label":" ","price":8.27},{"type":"U","date":"2018-03-27T03:58:11.000Z","volume":3500,"label":" ","price":8.27},{"type":"U","date":"2018-03-27T03:58:11.000Z","volume":500,"label":" ","price":8.27},{"type":"A","date":"2018-03-27T03:58:44.000Z","volume":18000,"label":" ","price":8.28},{"type":"B","date":"2018-03-27T03:58:45.000Z","volume":27500,"label":" ","price":8.27},{"type":"A","date":"2018-03-27T03:59:09.000Z","volume":9000,"label":" ","price":8.28},{"type":"A","date":"2018-03-27T03:59:11.000Z","volume":1500,"label":" ","price":8.28},{"type":"A","date":"2018-03-27T03:59:55.000Z","volume":9000,"label":" ","price":8.28},{"type":"A","date":"2018-03-27T03:59:55.000Z","volume":4000,"label":" ","price":8.28},{"type":"B","date":"2018-03-27T05:00:00.000Z","volume":500,"label":" ","price":8.27},{"type":"B","date":"2018-03-27T05:00:00.000Z","volume":5000,"label":" ","price":8.27},{"type":"U","date":"2018-03-27T05:00:00.000Z","volume":22500,"label":" ","price":8.28},{"type":"B","date":"2018-03-27T05:00:00.000Z","volume":2500,"label":" ","price":8.28},{"type":"B","date":"2018-03-27T05:00:00.000Z","volume":25000,"label":" ","price":8.28},{"type":"B","date":"2018-03-27T05:00:02.000Z","volume":1000,"label":" ","price":8.27},{"type":"B","date":"2018-03-27T05:00:12.000Z","volume":500,"label":" ","price":8.27},{"type":"B","date":"2018-03-27T05:00:13.000Z","volume":10000,"label":" ","price":8.28},{"type":"B","date":"2018-03-27T05:00:21.000Z","volume":500,"label":" ","price":8.27},{"type":"B","date":"2018-03-27T05:00:30.000Z","volume":500,"label":" ","price":8.27},{"type":"A","date":"2018-03-27T05:00:36.000Z","volume":1500,"label":" ","price":8.28},{"type":"B","date":"2018-03-27T05:00:43.000Z","volume":500,"label":" ","price":8.27},{"type":"B","date":"2018-03-27T05:00:50.000Z","volume":500,"label":" ","price":8.27},{"type":"B","date":"2018-03-27T05:01:06.000Z","volume":500,"label":" ","price":8.27},{"type":"B","date":"2018-03-27T05:01:16.000Z","volume":500,"label":" ","price":8.27},{"type":"B","date":"2018-03-27T05:01:33.000Z","volume":500,"label":" ","price":8.27},{"type":"B","date":"2018-03-27T05:01:33.000Z","volume":36500,"label":" ","price":8.27},{"type":"B","date":"2018-03-27T05:01:36.000Z","volume":45000,"label":" ","price":8.27},{"type":"B","date":"2018-03-27T05:01:36.000Z","volume":500,"label":" ","price":8.26},{"type":"B","date":"2018-03-27T05:01:51.000Z","volume":500,"label":" ","price":8.26},{"type":"B","date":"2018-03-27T05:02:02.000Z","volume":500,"label":" ","price":8.26},{"type":"B","date":"2018-03-27T05:02:02.000Z","volume":27000,"label":" ","price":8.26},{"type":"B","date":"2018-03-27T05:02:15.000Z","volume":40500,"label":" ","price":8.26},{"type":"B","date":"2018-03-27T05:02:15.000Z","volume":6500,"label":" ","price":8.26},{"type":"B","date":"2018-03-27T05:02:22.000Z","volume":500,"label":" ","price":8.25},{"type":"B","date":"2018-03-27T05:02:44.000Z","volume":500,"label":" ","price":8.25},{"type":"B","date":"2018-03-27T05:02:44.000Z","volume":500,"label":" ","price":8.25},{"type":"B","date":"2018-03-27T05:03:18.000Z","volume":500,"label":" ","price":8.25},{"type":"B","date":"2018-03-27T05:03:48.000Z","volume":500,"label":" ","price":8.25},{"type":"B","date":"2018-03-27T05:04:47.000Z","volume":500,"label":" ","price":8.25},{"type":"B","date":"2018-03-27T05:05:16.000Z","volume":500,"label":" ","price":8.25},{"type":"B","date":"2018-03-27T05:05:23.000Z","volume":5000,"label":" ","price":8.25},{"type":"B","date":"2018-03-27T05:05:40.000Z","volume":500,"label":" ","price":8.25},{"type":"B","date":"2018-03-27T05:05:47.000Z","volume":1000,"label":"Y","price":8.25},{"type":"B","date":"2018-03-27T05:05:47.000Z","volume":3000,"label":" ","price":8.25},{"type":"B","date":"2018-03-27T05:06:07.000Z","volume":500,"label":" ","price":8.25},{"type":"B","date":"2018-03-27T05:06:38.000Z","volume":500,"label":" ","price":8.25},{"type":"B","date":"2018-03-27T05:07:09.000Z","volume":500,"label":" ","price":8.25},{"type":"B","date":"2018-03-27T05:07:46.000Z","volume":500,"label":" ","price":8.25},{"type":"B","date":"2018-03-27T05:07:48.000Z","volume":34000,"label":" ","price":8.25}