[{"type":"U","date":"2018-03-20T01:20:00.000Z","volume":580000,"label":"U","price":0.115},{"type":"B","date":"2018-03-20T01:30:01.000Z","volume":200000,"label":" ","price":0.115},{"type":"B","date":"2018-03-20T01:30:01.000Z","volume":200000,"label":" ","price":0.115},{"type":"B","date":"2018-03-20T01:30:05.000Z","volume":60000,"label":" ","price":0.113},{"type":"A","date":"2018-03-20T01:30:14.000Z","volume":20000,"label":" ","price":0.114},{"type":"A","date":"2018-03-20T01:30:14.000Z","volume":500000,"label":" ","price":0.115},{"type":"A","date":"2018-03-20T01:30:14.000Z","volume":20000,"label":" ","price":0.115},{"type":"A","date":"2018-03-20T01:30:37.000Z","volume":20000,"label":" ","price":0.116},{"type":"A","date":"2018-03-20T01:30:48.000Z","volume":240000,"label":" ","price":0.116},{"type":"A","date":"2018-03-20T01:30:48.000Z","volume":80000,"label":" ","price":0.116},{"type":"B","date":"2018-03-20T01:31:06.000Z","volume":160000,"label":" ","price":0.115},{"type":"B","date":"2018-03-20T01:31:09.000Z","volume":720000,"label":" ","price":0.115},{"type":"A","date":"2018-03-20T01:31:24.000Z","volume":160000,"label":"Y","price":0.116},{"type":"A","date":"2018-03-20T01:31:43.000Z","volume":20000,"label":" ","price":0.116},{"type":"A","date":"2018-03-20T01:31:43.000Z","volume":100000,"label":" ","price":0.117},{"type":"A","date":"2018-03-20T01:31:43.000Z","volume":80000,"label":" ","price":0.117},{"type":"B","date":"2018-03-20T01:31:50.000Z","volume":80000,"label":" ","price":0.117},{"type":"A","date":"2018-03-20T01:31:53.000Z","volume":120000,"label":" ","price":0.117},{"type":"A","date":"2018-03-20T01:31:53.000Z","volume":80000,"label":" ","price":0.118},{"type":"A","date":"2018-03-20T01:32:14.000Z","volume":180000,"label":" ","price":0.117},{"type":"A","date":"2018-03-20T01:32:17.000Z","volume":340000,"label":" ","price":0.118},{"type":"B","date":"2018-03-20T01:32:19.000Z","volume":160000,"label":" ","price":0.118},{"type":"A","date":"2018-03-20T01:32:28.000Z","volume":220000,"label":" ","price":0.118},{"type":"A","date":"2018-03-20T01:32:36.000Z","volume":120000,"label":" ","price":0.118},{"type":"A","date":"2018-03-20T01:32:50.000Z","volume":40000,"label":" ","price":0.118},{"type":"A","date":"2018-03-20T01:33:09.000Z","volume":100000,"label":" ","price":0.119},{"type":"A","date":"2018-03-20T01:33:21.000Z","volume":20000,"label":" ","price":0.118},{"type":"A","date":"2018-03-20T01:33:21.000Z","volume":180000,"label":" ","price":0.118},{"type":"A","date":"2018-03-20T01:33:28.000Z","volume":120000,"label":" ","price":0.119},{"type":"B","date":"2018-03-20T01:33:29.000Z","volume":20000,"label":" ","price":0.118},{"type":"A","date":"2018-03-20T01:33:40.000Z","volume":240000,"label":" ","price":0.118},{"type":"A","date":"2018-03-20T01:33:40.000Z","volume":160000,"label":" ","price":0.119},{"type":"B","date":"2018-03-20T01:33:42.000Z","volume":80000,"label":" ","price":0.117},{"type":"A","date":"2018-03-20T01:33:47.000Z","volume":200000,"label":" ","price":0.119},{"type":"A","date":"2018-03-20T01:33:48.000Z","volume":20000,"label":"Y","price":0.119},{"type":"A","date":"2018-03-20T01:33:48.000Z","volume":20000,"label":" ","price":0.119},{"type":"A","date":"2018-03-20T01:33:49.000Z","volume":20000,"label":" ","price":0.12},{"type":"A","date":"2018-03-20T01:33:49.000Z","volume":20000,"label":" ","price":0.12},{"type":"A","date":"2018-03-20T01:33:50.000Z","volume":20000,"label":" ","price":0.12},{"type":"A","date":"2018-03-20T01:33:51.000Z","volume":600000,"label":" ","price":0.12},{"type":"A","date":"2018-03-20T01:33:51.000Z","volume":20000,"label":" ","price":0.12},{"type":"A","date":"2018-03-20T01:33:51.000Z","volume":20000,"label":" ","price":0.12},{"type":"A","date":"2018-03-20T01:33:51.000Z","volume":20000,"label":" ","price":0.12},{"type":"A","date":"2018-03-20T01:33:52.000Z","volume":200000,"label":" ","price":0.12},{"type":"A","date":"2018-03-20T01:33:52.000Z","volume":220000,"label":" ","price":0.12},{"type":"A","date":"2018-03-20T01:33:52.000Z","volume":20000,"label":" ","price":0.121},{"type":"A","date":"2018-03-20T01:33:53.000Z","volume":20000,"label":" ","price":0.122},{"type":"A","date":"2018-03-20T01:33:56.000Z","volume":20000,"label":" ","price":0.122},{"type":"B","date":"2018-03-20T01:33:57.000Z","volume":40000,"label":" ","price":0.12},{"type":"A","date":"2018-03-20T01:33:59.000Z","volume":20000,"label":" ","price":0.122},{"type":"A","date":"2018-03-20T01:34:00.000Z","volume":20000,"label":" ","price":0.122},{"type":"A","date":"2018-03-20T01:34:04.000Z","volume":80000,"label":" ","price":0.121},{"type":"A","date":"2018-03-20T01:34:06.000Z","volume":20000,"label":" ","price":0.121},{"type":"A","date":"2018-03-20T01:34:23.000Z","volume":300000,"label":" ","price":0.121},{"type":"A","date":"2018-03-20T01:34:23.000Z","volume":100000,"label":" ","price":0.121},{"type":"B","date":"2018-03-20T01:34:28.000Z","volume":900000,"label":" ","price":0.118},{"type":"B","date":"2018-03-20T01:34:31.000Z","volume":20000,"label":" ","price":0.117},{"type":"A","date":"2018-03-20T01:34:36.000Z","volume":300000,"label":" ","price":0.118},{"type":"A","date":"2018-03-20T01:34:38.000Z","volume":100000,"label":" ","price":0.118},{"type":"B","date":"2018-03-20T01:34:47.000Z","volume":40000,"label":" ","price":0.117},{"type":"B","date":"2018-03-20T01:34:53.000Z","volume":40000,"label":" ","price":0.118},{"type":"A","date":"2018-03-20T01:34:55.000Z","volume":40000,"label":" ","price":0.119},{"type":"A","date":"2018-03-20T01:34:57.000Z","volume":300000,"label":" ","price":0.119},{"type":"A","date":"2018-03-20T01:35:05.000Z","volume":20000,"label":" ","price":0.119},{"type":"B","date":"2018-03-20T01:35:17.000Z","volume":300000,"label":" ","price":0.117},{"type":"A","date":"2018-03-20T01:35:26.000Z","volume":100000,"label":" ","price":0.118},{"type":"B","date":"2018-03-20T01:35:31.000Z","volume":200000,"label":" ","price":0.115},{"type":"A","date":"2018-03-20T01:35:37.000Z","volume":1000000,"label":" ","price":0.117},{"type":"A","date":"2018-03-20T01:35:44.000Z","volume":20000,"label":" ","price":0.118},{"type":"A","date":"2018-03-20T01:35:49.000Z","volume":200000,"label":" ","price":0.118},{"type":"A","date":"2018-03-20T01:35:50.000Z","volume":20000,"label":" ","price":0.119},{"type":"B","date":"2018-03-20T01:35:53.000Z","volume":180000,"label":" ","price":0.117},{"type":"B","date":"2018-03-20T01:35:55.000Z","volume":100000,"label":" ","price":0.117},{"type":"B","date":"2018-03-20T01:35:56.000Z","volume":100000,"label":" ","price":0.117},{"type":"B","date":"2018-03-20T01:35:58.000Z","volume":80000,"label":" ","price":0.117},{"type":"B","date":"2018-03-20T01:36:06.000Z","volume":20000,"label":" ","price":0.117},{"type":"B","date":"2018-03-20T01:36:10.000Z","volume":480000,"label":"Y","price":0.117},{"type":"B","date":"2018-03-20T01:36:11.000Z","volume":60000,"label":" ","price":0.117},{"type":"B","date":"2018-03-20T01:36:12.000Z","volume":80000,"label":" ","price":0.117},{"type":"A","date":"2018-03-20T01:36:13.000Z","volume":120000,"label":" ","price":0.117},{"type":"B","date":"2018-03-20T01:36:13.000Z","volume":40000,"label":" ","price":0.117},{"type":"B","date":"2018-03-20T01:36:21.000Z","volume":20000,"label":" ","price":0.116},{"type":"B","date":"2018-03-20T01:36:25.000Z","volume":400000,"label":" ","price":0.115},{"type":"A","date":"2018-03-20T01:36:25.000Z","volume":40000,"label":" ","price":0.116},{"type":"A","date":"2018-03-20T01:36:34.000Z","volume":200000,"label":" ","price":0.115},{"type":"B","date":"2018-03-20T01:36:39.000Z","volume":80000,"label":" ","price":0.114},{"type":"A","date":"2018-03-20T01:36:48.000Z","volume":20000,"label":" ","price":0.114},{"type":"A","date":"2018-03-20T01:37:05.000Z","volume":20000,"label":" ","price":0.114},{"type":"A","date":"2018-03-20T01:37:07.000Z","volume":40000,"label":" ","price":0.114},{"type":"A","date":"2018-03-20T01:37:07.000Z","volume":200000,"label":" ","price":0.115},{"type":"B","date":"2018-03-20T01:37:11.000Z","volume":40000,"label":" ","price":0.115},{"type":"B","date":"2018-03-20T01:37:14.000Z","volume":80000,"label":" ","price":0.115},{"type":"B","date":"2018-03-20T01:37:22.000Z","volume":200000,"label":" ","price":0.115},{"type":"B","date":"2018-03-20T01:37:24.000Z","volume":40000,"label":" ","price":0.115},{"type":"B","date":"2018-03-20T01:37:30.000Z","volume":40000,"label":" ","price":0.114},{"type":"B","date":"2018-03-20T01:37:32.000Z","volume":200000,"label":"Y","price":0.114},{"type":"B","date":"2018-03-20T01:37:32.000Z","volume":20000,"label":" ","price":0.114},{"type":"B","date":"2018-03-20T01:37:35.000Z","volume":420000,"label":" ","price":0.113},{"type":"B","date":"2018-03-20T01:37:35.000Z","volume":100000,"label":" ","price":0.112},{"type":"B","date":"2018-03-20T01:37:35.000Z","volume":20000,"label":" ","price":0.112},{"type":"B","date":"2018-03-20T01:37:37.000Z","volume":180000,"label":" ","price":0.112},{"type":"B","date":"2018-03-20T01:37:37.000Z","volume":320000,"label":"Y","price":0.111},{"type":"B","date":"2018-03-20T01:37:37.000Z","volume":500000,"label":" ","price":0.111},{"type":"U","date":"2018-03-20T01:37:40.000Z","volume":20000,"label":" ","price":0.113},{"type":"B","date":"2018-03-20T01:37:41.000Z","volume":760000,"label":" ","price":0.11},{"type":"B","date":"2018-03-20T01:37:47.000Z","volume":20000,"label":" ","price":0.108},{"type":"A","date":"2018-03-20T01:37:57.000Z","volume":40000,"label":" ","price":0.11},{"type":"B","date":"2018-03-20T01:38:02.000Z","volume":20000,"label":" ","price":0.11},{"type":"B","date":"2018-03-20T01:38:02.000Z","volume":440000,"label":" ","price":0.109},{"type":"B","date":"2018-03-20T01:38:02.000Z","volume":380000,"label":"Y","price":0.108},{"type":"A","date":"2018-03-20T01:38:05.000Z","volume":60000,"label":" ","price":0.108},{"type":"A","date":"2018-03-20T01:38:05.000Z","volume":120000,"label":" ","price":0.113},{"type":"B","date":"2018-03-20T01:38:19.000Z","volume":60000,"label":" ","price":0.109},{"type":"B","date":"2018-03-20T01:38:27.000Z","volume":60000,"label":" ","price":0.108},{"type":"B","date":"2018-03-20T01:38:37.000Z","volume":140000,"label":" ","price":0.108},{"type":"A","date":"2018-03-20T01:38:39.000Z","volume":20000,"label":" ","price":0.108},{"type":"B","date":"2018-03-20T01:38:40.000Z","volume":500000,"label":"Y","price":0.107},{"type":"B","date":"2018-03-20T01:38:47.000Z","volume":400000,"label":" ","price":0.106},{"type":"A","date":"2018-03-20T01:39:05.000Z","volume":320000,"label":" ","price":0.106},{"type":"A","date":"2018-03-20T01:39:09.000Z","volume":80000,"label":" ","price":0.105},{"type":"B","date":"2018-03-20T01:39:10.000Z","volume":40000,"label":" ","price":0.104},{"type":"A","date":"2018-03-20T01:39:11.000Z","volume":200000,"label":" ","price":0.105},{"type":"A","date":"2018-03-20T01:39:18.000Z","volume":20000,"label":" ","price":0.107},{"type":"A","date":"2018-03-20T01:39:24.000Z","volume":100000,"label":" ","price":0.107},{"type":"A","date":"2018-03-20T01:39:30.000Z","volume":400000,"label":" ","price":0.107},{"type":"A","date":"2018-03-20T01:39:30.000Z","volume":180000,"label":" ","price":0.107},{"type":"A","date":"2018-03-20T01:39:30.000Z","volume":180000,"label":" ","price":0.107},{"type":"A","date":"2018-03-20T01:39:32.000Z","volume":40000,"label":" ","price":0.108},{"type":"B","date":"2018-03-20T01:39:55.000Z","volume":20000,"label":" ","price":0.107},{"type":"B","date":"2018-03-20T01:39:55.000Z","volume":300000,"label":" ","price":0.106},{"type":"A","date":"2018-03-20T01:40:01.000Z","volume":220000,"label":" ","price":0.106},{"type":"A","date":"2018-03-20T01:40:01.000Z","volume":180000,"label":" ","price":0.107},{"type":"U","date":"2018-03-20T01:40:06.000Z","volume":20000,"label":" ","price":0.107},{"type":"A","date":"2018-03-20T01:40:11.000Z","volume":20000,"label":" ","price":0.108},{"type":"A","date":"2018-03-20T01:40:52.000Z","volume":260000,"label":" ","price":0.108},{"type":"A","date":"2018-03-20T01:41:03.000Z","volume":20000,"label":" ","price":0.108},{"type":"A","date":"2018-03-20T01:41:04.000Z","volume":300000,"label":" ","price":0.108},{"type":"A","date":"2018-03-20T01:41:10.000Z","volume":20000,"label":" ","price":0.108},{"type":"B","date":"2018-03-20T01:41:19.000Z","volume":400000,"label":" ","price":0.106},{"type":"A","date":"2018-03-20T01:41:26.000Z","volume":20000,"label":" ","price":0.108},{"type":"B","date":"2018-03-20T01:41:31.000Z","volume":120000,"label":" ","price":0.106},{"type":"B","date":"2018-03-20T01:41:54.000Z","volume":40000,"label":" ","price":0.106},{"type":"A","date":"2018-03-20T01:42:07.000Z","volume":20000,"label":" ","price":0.108},{"type":"A","date":"2018-03-20T01:42:09.000Z","volume":180000,"label":" ","price":0.108},{"type":"A","date":"2018-03-20T01:42:12.000Z","volume":200000,"label":" ","price":0.108},{"type":"A","date":"2018-03-20T01:42:13.000Z","volume":260000,"label":" ","price":0.108},{"type":"A","date":"2018-03-20T01:42:15.000Z","volume":20000,"label":" ","price":0.109},{"type":"A","date":"2018-03-20T01:42:16.000Z","volume":20000,"label":" ","price":0.11},{"type":"U","date":"2018-03-20T01:42:27.000Z","volume":20000,"label":" ","price":0.11},{"type":"B","date":"2018-03-20T01:42:54.000Z","volume":260000,"label":" ","price":0.109},{"type":"B","date":"2018-03-20T01:43:02.000Z","volume":400000,"label":" ","price":0.108},{"type":"B","date":"2018-03-20T01:43:05.000Z","volume":340000,"label":" ","price":0.108},{"type":"B","date":"2018-03-20T01:43:10.000Z","volume":40000,"label":" ","price":0.107},{"type":"A","date":"2018-03-20T01:43:21.000Z","volume":20000,"label":" ","price":0.109},{"type":"B","date":"2018-03-20T01:43:40.000Z","volume":40000,"label":" ","price":0.106},{"type":"A","date":"2018-03-20T01:43:42.000Z","volume":260000,"label":" ","price":0.108},{"type":"A","date":"2018-03-20T01:43:42.000Z","volume":80000,"label":" ","price":0.109},{"type":"B","date":"2018-03-20T01:44:31.000Z","volume":300000,"label":" ","price":0.107},{"type":"B","date":"2018-03-20T01:44:31.000Z","volume":360000,"label":" ","price":0.106},{"type":"A","date":"2018-03-20T01:44:57.000Z","volume":100000,"label":" ","price":0.108},{"type":"A","date":"2018-03-20T01:44:57.000Z","volume":20000,"label":"Y","price":0.109},{"type":"A","date":"2018-03-20T01:44:57.000Z","volume":380000,"label":" ","price":0.109},{"type":"B","date":"2018-03-20T01:45:56.000Z","volume":100000,"label":" ","price":0.107},{"type":"B","date":"2018-03-20T01:46:06.000Z","volume":200000,"label":" ","price":0.107},{"type":"B","date":"2018-03-20T01:46:06.000Z","volume":840000,"label":" ","price":0.106},{"type":"B","date":"2018-03-20T01:46:06.000Z","volume":600000,"label":" ","price":0.105},{"type":"B","date":"2018-03-20T01:46:06.000Z","volume":420000,"label":" ","price":0.104},{"type":"B","date":"2018-03-20T01:46:14.000Z","volume":40000,"label":" ","price":0.104},{"type":"B","date":"2018-03-20T01:46:18.000Z","volume":20000,"label":" ","price":0.104},{"type":"A","date":"2018-03-20T01:47:02.000Z","volume":40000,"label":" ","price":0.106},{"type":"B","date":"2018-03-20T01:47:08.000Z","volume":60000,"label":"Y","price":0.106},{"type":"B","date":"2018-03-20T01:47:20.000Z","volume":180000,"label":" ","price":0.105},{"type":"A","date":"2018-03-20T01:47:30.000Z","volume":60000,"label":" ","price":0.106},{"type":"B","date":"2018-03-20T01:47:31.000Z","volume":40000,"label":" ","price":0.105},{"type":"B","date":"2018-03-20T01:47:44.000Z","volume":300000,"label":" ","price":0.105},{"type":"B","date":"2018-03-20T01:47:56.000Z","volume":200000,"label":" ","price":0.105},{"type":"B","date":"2018-03-20T01:47:58.000Z","volume":400000,"label":" ","price":0.105},{"type":"A","date":"2018-03-20T01:48:29.000Z","volume":20000,"label":" ","price":0.106},{"type":"A","date":"2018-03-20T01:48:31.000Z","volume":300000,"label":" ","price":0.106},{"type":"A","date":"2018-03-20T01:49:46.000Z","volume":20000,"label":" ","price":0.107},{"type":"A","date":"2018-03-20T01:51:27.000Z","volume":20000,"label":"Y","price":0.108},{"type":"A","date":"2018-03-20T01:51:27.000Z","volume":20000,"label":" ","price":0.109},{"type":"A","date":"2018-03-20T01:53:23.000Z","volume":200000,"label":" ","price":0.109},{"type":"B","date":"2018-03-20T01:53:58.000Z","volume":500000,"label":" ","price":0.107},{"type":"B","date":"2018-03-20T01:55:32.000Z","volume":140000,"label":" ","price":0.107},{"type":"A","date":"2018-03-20T01:55:39.000Z","volume":200000,"label":" ","price":0.108},{"type":"A","date":"2018-03-20T01:57:06.000Z","volume":100000,"label":" ","price":0.108},{"type":"B","date":"2018-03-20T01:57:08.000Z","volume":460000,"label":" ","price":0.107},{"type":"A","date":"2018-03-20T01:58:35.000Z","volume":300000,"label":" ","price":0.109},{"type":"B","date":"2018-03-20T01:58:58.000Z","volume":20000,"label":" ","price":0.108},{"type":"A","date":"2018-03-20T01:59:52.000Z","volume":60000,"label":" ","price":0.109},{"type":"A","date":"2018-03-20T01:59:56.000Z","volume":300000,"label":" ","price":0.11},{"type":"A","date":"2018-03-20T02:00:41.000Z","volume":320000,"label":" ","price":0.11},{"type":"A","date":"2018-03-20T02:01:10.000Z","volume":260000,"label":" ","price":0.11},{"type":"A","date":"2018-03-20T02:01:27.000Z","volume":400000,"label":" ","price":0.111},{"type":"B","date":"2018-03-20T02:01:27.000Z","volume":80000,"label":" ","price":0.111},{"type":"B","date":"2018-03-20T02:01:27.000Z","volume":220000,"label":" ","price":0.11},{"type":"B","date":"2018-03-20T02:02:47.000Z","volume":280000,"label":" ","price":0.11},{"type":"B","date":"2018-03-20T02:02:47.000Z","volume":60000,"label":" ","price":0.11},{"type":"B","date":"2018-03-20T02:02:49.000Z","volume":20000,"label":" ","price":0.11},{"type":"B","date":"2018-03-20T02:03:20.000Z","volume":20000,"label":" ","price":0.11},{"type":"A","date":"2018-03-20T02:03:40.000Z","volume":340000,"label":" ","price":0.11},{"type":"B","date":"2018-03-20T02:05:18.000Z","volume":60000,"label":" ","price":0.11},{"type":"A","date":"2018-03-20T02:05:45.000Z","volume":20000,"label":" ","price":0.11},{"type":"A","date":"2018-03-20T02:09:18.000Z","volume":400000,"label":" ","price":0.11},{"type":"B","date":"2018-03-20T02:09:22.000Z","volume":200000,"label":" ","price":0.11},{"type":"B","date":"2018-03-20T02:09:24.000Z","volume":40000,"label":" ","price":0.11},{"type":"B","date":"2018-03-20T02:09:24.000Z","volume":200000,"label":" ","price":0.109},{"type":"A","date":"2018-03-20T02:10:16.000Z","volume":460000,"label":" ","price":0.11},{"type":"B","date":"2018-03-20T02:10:59.000Z","volume":40000,"label":" ","price":0.109},{"type":"A","date":"2018-03-20T02:11:21.000Z","volume":280000,"label":" ","price":0.111},{"type":"A","date":"2018-03-20T02:11:45.000Z","volume":840000,"label":" ","price":0.113},{"type":"A","date":"2018-03-20T02:11:49.000Z","volume":20000,"label":" ","price":0.114},{"type":"A","date":"2018-03-20T02:12:02.000Z","volume":360000,"label":" ","price":0.113},{"type":"A","date":"2018-03-20T02:12:49.000Z","volume":80000,"label":" ","price":0.113},{"type":"B","date":"2018-03-20T02:13:20.000Z","volume":20000,"label":" ","price":0.113},{"type":"A","date":"2018-03-20T02:13:57.000Z","volume":360000,"label":" ","price":0.114},{"type":"A","date":"2018-03-20T02:13:57.000Z","volume":360000,"label":" ","price":0.115},{"type":"A","date":"2018-03-20T02:15:01.000Z","volume":120000,"label":" ","price":0.115},{"type":"A","date":"2018-03-20T02:15:11.000Z","volume":60000,"label":" ","price":0.115},{"type":"B","date":"2018-03-20T02:15:13.000Z","volume":200000,"label":" ","price":0.115},{"type":"B","date":"2018-03-20T02:15:16.000Z","volume":300000,"label":" ","price":0.115},{"type":"B","date":"2018-03-20T02:15:19.000Z","volume":40000,"label":" ","price":0.115},{"type":"A","date":"2018-03-20T02:16:46.000Z","volume":40000,"label":" ","price":0.115},{"type":"A","date":"2018-03-20T02:17:38.000Z","volume":360000,"label":" ","price":0.115},{"type":"B","date":"2018-03-20T02:17:56.000Z","volume":300000,"label":" ","price":0.115},{"type":"B","date":"2018-03-20T02:18:38.000Z","volume":260000,"label":" ","price":0.115},{"type":"B","date":"2018-03-20T02:18:40.000Z","volume":60000,"label":" ","price":0.115},{"type":"B","date":"2018-03-20T02:21:51.000Z","volume":20000,"label":" ","price":0.112},{"type":"A","date":"2018-03-20T02:24:59.000Z","volume":20000,"label":" ","price":0.115},{"type":"A","date":"2018-03-20T02:25:46.000Z","volume":20000,"label":" ","price":0.113},{"type":"A","date":"2018-03-20T02:27:17.000Z","volume":200000,"label":" ","price":0.113},{"type":"B","date":"2018-03-20T02:29:10.000Z","volume":120000,"label":" ","price":0.112},{"type":"A","date":"2018-03-20T02:29:29.000Z","volume":80000,"label":" ","price":0.112},{"type":"B","date":"2018-03-20T02:29:42.000Z","volume":420000,"label":" ","price":0.113},{"type":"A","date":"2018-03-20T02:31:16.000Z","volume":60000,"label":" ","price":0.113},{"type":"A","date":"2018-03-20T02:32:08.000Z","volume":400000,"label":" ","price":0.113},{"type":"B","date":"2018-03-20T02:34:28.000Z","volume":520000,"label":" ","price":0.113},{"type":"B","date":"2018-03-20T02:34:52.000Z","volume":400000,"label":" ","price":0.112},{"type":"B","date":"2018-03-20T02:34:52.000Z","volume":440000,"label":" ","price":0.111},{"type":"B","date":"2018-03-20T02:34:52.000Z","volume":160000,"label":" ","price":0.11},{"type":"A","date":"2018-03-20T02:35:32.000Z","volume":100000,"label":" ","price":0.112},{"type":"A","date":"2018-03-20T02:35:32.000Z","volume":700000,"label":" ","price":0.113},{"type":"B","date":"2018-03-20T02:38:09.000Z","volume":20000,"label":" ","price":0.111},{"type":"A","date":"2018-03-20T02:38:13.000Z","volume":60000,"label":"Y","price":0.113},{"type":"A","date":"2018-03-20T02:38:13.000Z","volume":80000,"label":" ","price":0.113},{"type":"A","date":"2018-03-20T02:39:32.000Z","volume":480000,"label":" ","price":0.113},{"type":"A","date":"2018-03-20T02:42:54.000Z","volume":300000,"label":" ","price":0.112},{"type":"A","date":"2018-03-20T02:44:46.000Z","volume":20000,"label":" ","price":0.113},{"type":"B","date":"2018-03-20T02:45:13.000Z","volume":660000,"label":" ","price":0.11},{"type":"A","date":"2018-03-20T02:45:17.000Z","volume":300000,"label":" ","price":0.11},{"type":"A","date":"2018-03-20T02:45:17.000Z","volume":40000,"label":" ","price":0.11},{"type":"A","date":"2018-03-20T02:47:52.000Z","volume":200000,"label":"Y","price":0.112},{"type":"B","date":"2018-03-20T02:48:05.000Z","volume":340000,"label":" ","price":0.109},{"type":"B","date":"2018-03-20T02:48:58.000Z","volume":200000,"label":" ","price":0.108},{"type":"B","date":"2018-03-20T02:49:09.000Z","volume":120000,"label":" ","price":0.107},{"type":"B","date":"2018-03-20T02:49:15.000Z","volume":80000,"label":" ","price":0.107},{"type":"A","date":"2018-03-20T02:49:18.000Z","volume":640000,"label":" ","price":0.108},{"type":"B","date":"2018-03-20T02:49:37.000Z","volume":200000,"label":" ","price":0.108},{"type":"B","date":"2018-03-20T02:49:48.000Z","volume":200000,"label":" ","price":0.107},{"type":"B","date":"2018-03-20T02:49:48.000Z","volume":860000,"label":"Y","price":0.106},{"type":"B","date":"2018-03-20T02:49:48.000Z","volume":940000,"label":" ","price":0.106},{"type":"B","date":"2018-03-20T02:50:19.000Z","volume":200000,"label":"Y","price":0.106},{"type":"B","date":"2018-03-20T02:50:19.000Z","volume":800000,"label":" ","price":0.105},{"type":"B","date":"2018-03-20T02:50:28.000Z","volume":540000,"label":" ","price":0.105},{"type":"A","date":"2018-03-20T02:50:43.000Z","volume":200000,"label":" ","price":0.106},{"type":"B","date":"2018-03-20T02:51:07.000Z","volume":180000,"label":" ","price":0.105},{"type":"A","date":"2018-03-20T02:51:17.000Z","volume":20000,"label":" ","price":0.106},{"type":"B","date":"2018-03-20T02:53:42.000Z","volume":20000,"label":" ","price":0.106},{"type":"B","date":"2018-03-20T02:53:42.000Z","volume":400000,"label":" ","price":0.105},{"type":"B","date":"2018-03-20T02:53:42.000Z","volume":20000,"label":" ","price":0.105},{"type":"B","date":"2018-03-20T02:54:24.000Z","volume":300000,"label":" ","price":0.106},{"type":"B","date":"2018-03-20T02:54:24.000Z","volume":180000,"label":" ","price":0.105},{"type":"A","date":"2018-03-20T02:54:34.000Z","volume":180000,"label":" ","price":0.107},{"type":"A","date":"2018-03-20T02:54:34.000Z","volume":200000,"label":" ","price":0.108},{"type":"A","date":"2018-03-20T02:54:50.000Z","volume":400000,"label":" ","price":0.108},{"type":"A","date":"2018-03-20T02:56:00.000Z","volume":500000,"label":" ","price":0.108},{"type":"A","date":"2018-03-20T02:56:13.000Z","volume":400000,"label":"Y","price":0.108},{"type":"A","date":"2018-03-20T02:56:13.000Z","volume":100000,"label":" ","price":0.108},{"type":"B","date":"2018-03-20T02:56:46.000Z","volume":20000,"label":" ","price":0.107},{"type":"B","date":"2018-03-20T02:56:46.000Z","volume":760000,"label":" ","price":0.106},{"type":"A","date":"2018-03-20T02:56:46.000Z","volume":140000,"label":" ","price":0.106},{"type":"A","date":"2018-03-20T02:57:16.000Z","volume":200000,"label":" ","price":0.107},{"type":"B","date":"2018-03-20T02:58:18.000Z","volume":200000,"label":" ","price":0.107},{"type":"B","date":"2018-03-20T02:58:18.000Z","volume":100000,"label":" ","price":0.106},{"type":"A","date":"2018-03-20T02:58:34.000Z","volume":360000,"label":" ","price":0.109},{"type":"A","date":"2018-03-20T02:59:21.000Z","volume":380000,"label":" ","price":0.109},{"type":"A","date":"2018-03-20T02:59:49.000Z","volume":600000,"label":" ","price":0.11},{"type":"A","date":"2018-03-20T02:59:55.000Z","volume":20000,"label":" ","price":0.111},{"type":"A","date":"2018-03-20T03:00:37.000Z","volume":280000,"label":" ","price":0.111},{"type":"B","date":"2018-03-20T03:03:25.000Z","volume":60000,"label":" ","price":0.108},{"type":"B","date":"2018-03-20T03:03:28.000Z","volume":740000,"label":" ","price":0.108},{"type":"B","date":"2018-03-20T03:08:41.000Z","volume":20000,"label":" ","price":0.107},{"type":"B","date":"2018-03-20T03:08:47.000Z","volume":120000,"label":" ","price":0.106},{"type":"B","date":"2018-03-20T03:08:54.000Z","volume":320000,"label":" ","price":0.105},{"type":"B","date":"2018-03-20T03:09:13.000Z","volume":540000,"label":" ","price":0.104},{"type":"B","date":"2018-03-20T03:14:11.000Z","volume":100000,"label":" ","price":0.106},{"type":"A","date":"2018-03-20T03:18:55.000Z","volume":320000,"label":" ","price":0.108},{"type":"B","date":"2018-03-20T03:25:11.000Z","volume":40000,"label":" ","price":0.109},{"type":"B","date":"2018-03-20T03:31:01.000Z","volume":200000,"label":" ","price":0.108},{"type":"B","date":"2018-03-20T03:31:01.000Z","volume":80000,"label":" ","price":0.108},{"type":"A","date":"2018-03-20T03:37:37.000Z","volume":100000,"label":" ","price":0.11},{"type":"A","date":"2018-03-20T03:39:02.000Z","volume":500000,"label":" ","price":0.11},{"type":"A","date":"2018-03-20T03:45:09.000Z","volume":20000,"label":" ","price":0.109},{"type":"A","date":"2018-03-20T03:48:16.000Z","volume":400000,"label":" ","price":0.109},{"type":"B","date":"2018-03-20T03:49:34.000Z","volume":40000,"label":" ","price":0.109},{"type":"A","date":"2018-03-20T03:50:20.000Z","volume":20000,"label":" ","price":0.111},{"type":"B","date":"2018-03-20T03:54:48.000Z","volume":20000,"label":" ","price":0.109},{"type":"B","date":"2018-03-20T03:55:00.000Z","volume":80000,"label":" ","price":0.109},{"type":"B","date":"2018-03-20T03:58:47.000Z","volume":1000000,"label":" ","price":0.109},{"type":"B","date":"2018-03-20T03:58:47.000Z","volume":200000,"label":" ","price":0.109},{"type":"A","date":"2018-03-20T03:59:12.000Z","volume":140000,"label":" ","price":0.11},{"type":"B","date":"2018-03-20T03:59:26.000Z","volume":660000,"label":" ","price":0.107},{"type":"B","date":"2018-03-20T03:59:26.000Z","volume":80000,"label":" ","price":0.107},{"type":"B","date":"2018-03-20T05:00:05.000Z","volume":180000,"label":" ","price":0.106},{"type":"B","date":"2018-03-20T05:00:05.000Z","volume":420000,"label":" ","price":0.105},{"type":"B","date":"2018-03-20T05:02:05.000Z","volume":100000,"label":" ","price":0.107},{"type":"A","date":"2018-03-20T05:06:50.000Z","volume":240000,"label":"Y","price":0.108},{"type":"A","date":"2018-03-20T05:06:50.000Z","volume":160000,"label":" ","price":0.108},{"type":"A","date":"2018-03-20T05:15:03.000Z","volume":20000,"label":" ","price":0.109},{"type":"B","date":"2018-03-20T05:15:13.000Z","volume":1000000,"label":" ","price":0.108},{"type":"B","date":"2018-03-20T05:15:13.000Z","volume":100000,"label":" ","price":0.108},{"type":"A","date":"2018-03-20T05:15:14.000Z","volume":80000,"label":" ","price":0.109},{"type":"B","date":"2018-03-20T05:15:19.000Z","volume":320000,"label":" ","price":0.109},{"type":"A","date":"2018-03-20T05:17:47.000Z","volume":20000,"label":" ","price":0.109},{"type":"A","date":"2018-03-20T05:17:47.000Z","volume":220000,"label":" ","price":0.109},{"type":"B","date":"2018-03-20T05:17:54.000Z","volume":160000,"label":" ","price":0.109},{"type":"B","date":"2018-03-20T05:20:14.000Z","volume":20000,"label":" ","price":0.109},{"type":"A","date":"2018-03-20T05:30:13.000Z","volume":80000,"label":" ","price":0.11},{"type":"A","date":"2018-03-20T05:34:10.000Z","volume":100000,"label":" ","price":0.11},{"type":"B","date":"2018-03-20T05:44:43.000Z","volume":20000,"label":" ","price":0.109},{"type":"A","date":"2018-03-20T05:48:50.000Z","volume":200000,"label":" ","price":0.109},{"type":"A","date":"2018-03-20T05:51:36.000Z","volume":240000,"label":" ","price":0.109},{"type":"A","date":"2018-03-20T05:53:11.000Z","volume":20000,"label":" ","price":0.11},{"type":"A","date":"2018-03-20T05:57:50.000Z","volume":60000,"label":" ","price":0.109},{"type":"A","date":"2018-03-20T06:01:51.000Z","volume":120000,"label":" ","price":0.11},{"type":"B","date":"2018-03-20T06:02:19.000Z","volume":380000,"label":" ","price":0.109},{"type":"A","date":"2018-03-20T06:02:26.000Z","volume":20000,"label":" ","price":0.109},{"type":"A","date":"2018-03-20T06:02:39.000Z","volume":240000,"label":" ","price":0.111},{"type":"A","date":"2018-03-20T06:03:28.000Z","volume":260000,"label":" ","price":0.112},{"type":"A","date":"2018-03-20T06:04:23.000Z","volume":20000,"label":" ","price":0.113},{"type":"A","date":"2018-03-20T06:05:44.000Z","volume":40000,"label":" ","price":0.113},{"type":"A","date":"2018-03-20T06:05:44.000Z","volume":20000,"label":" ","price":0.114},{"type":"A","date":"2018-03-20T06:13:26.000Z","volume":120000,"label":" ","price":0.113},{"type":"B","date":"2018-03-20T06:20:33.000Z","volume":20000,"label":" ","price":0.113},{"type":"A","date":"2018-03-20T06:20:50.000Z","volume":20000,"label":" ","price":0.114},{"type":"A","date":"2018-03-20T06:23:18.000Z","volume":20000,"label":"Y","price":0.114},{"type":"A","date":"2018-03-20T06:23:18.000Z","volume":100000,"label":" ","price":0.114},{"type":"B","date":"2018-03-20T06:28:29.000Z","volume":20000,"label":" ","price":0.111},{"type":"A","date":"2018-03-20T06:28:38.000Z","volume":20000,"label":" ","price":0.111},{"type":"A","date":"2018-03-20T06:33:13.000Z","volume":320000,"label":" ","price":0.113},{"type":"B","date":"2018-03-20T06:42:02.000Z","volume":500000,"label":" ","price":0.11},{"type":"B","date":"2018-03-20T06:42:03.000Z","volume":240000,"label":" ","price":0.11},{"type":"B","date":"2018-03-20T06:45:34.000Z","volume":140000,"label":" ","price":0.11},{"type":"B","date":"2018-03-20T06:45:34.000Z","volume":380000,"label":" ","price":0.109},{"type":"B","date":"2018-03-20T06:45:34.000Z","volume":20000,"label":" ","price":0.109},{"type":"B","date":"2018-03-20T06:46:55.000Z","volume":40000,"label":" ","price":0.11},{"type":"B","date":"2018-03-20T06:47:25.000Z","volume":20000,"label":" ","price":0.11},{"type":"B","date":"2018-03-20T06:48:34.000Z","volume":20000,"label":" ","price":0.11},{"type":"A","date":"2018-03-20T06:49:55.000Z","volume":20000,"label":" ","price":0.112},{"type":"A","date":"2018-03-20T07:07:18.000Z","volume":300000,"label":" ","price":0.112},{"type":"B","date":"2018-03-20T07:14:39.000Z","volume":60000,"label":" ","price":0.11},{"type":"B","date":"2018-03-20T07:14:40.000Z","volume":240000,"label":" ","price":0.109},{"type":"B","date":"2018-03-20T07:19:10.000Z","volume":40000,"label":" ","price":0.109},{"type":"B","date":"2018-03-20T07:19:26.000Z","volume":40000,"label":" ","price":0.109},{"type":"B","date":"2018-03-20T07:19:30.000Z","volume":180000,"label":" ","price":0.109},{"type":"B","date":"2018-03-20T07:21:11.000Z","volume":200000,"label":" ","price":0.108},{"type":"B","date":"2018-03-20T07:21:55.000Z","volume":280000,"label":" ","price":0.109},{"type":"B","date":"2018-03-20T07:22:21.000Z","volume":1140000,"label":" ","price":0.108},{"type":"B","date":"2018-03-20T07:22:32.000Z","volume":700000,"label":" ","price":0.108},{"type":"A","date":"2018-03-20T07:28:15.000Z","volume":20000,"label":" ","price":0.11},{"type":"A","date":"2018-03-20T07:28:51.000Z","volume":100000,"label":" ","price":0.11},{"type":"A","date":"2018-03-20T07:28:51.000Z","volume":520000,"label":" ","price":0.111},{"type":"A","date":"2018-03-20T07:28:51.000Z","volume":320000,"label":" ","price":0.112},{"type":"A","date":"2018-03-20T07:28:51.000Z","volume":60000,"label":" ","price":0.113},{"type":"B","date":"2018-03-20T07:30:39.000Z","volume":140000,"label":" ","price":0.11},{"type":"B","date":"2018-03-20T07:30:39.000Z","volume":160000,"label":" ","price":0.109},{"type":"B","date":"2018-03-20T07:30:39.000Z","volume":640000,"label":" ","price":0.108},{"type":"B","date":"2018-03-20T07:30:39.000Z","volume":80000,"label":" ","price":0.107},{"type":"A","date":"2018-03-20T07:31:34.000Z","volume":300000,"label":" ","price":0.11},{"type":"A","date":"2018-03-20T07:31:43.000Z","volume":20000,"label":" ","price":0.109},{"type":"A","date":"2018-03-20T07:32:49.000Z","volume":20000,"label":" ","price":0.11},{"type":"B","date":"2018-03-20T07:33:01.000Z","volume":200000,"label":" ","price":0.109},{"type":"B","date":"2018-03-20T07:34:23.000Z","volume":380000,"label":" ","price":0.108},{"type":"A","date":"2018-03-20T07:36:21.000Z","volume":360000,"label":" ","price":0.109},{"type":"A","date":"2018-03-20T07:40:32.000Z","volume":40000,"label":" ","price":0.108},{"type":"B","date":"2018-03-20T07:41:44.000Z","volume":60000,"label":" ","price":0.108},{"type":"A","date":"2018-03-20T07:42:20.000Z","volume":280000,"label":" ","price":0.108},{"type":"A","date":"2018-03-20T07:42:41.000Z","volume":200000,"label":" ","price":0.108},{"type":"A","date":"2018-03-20T07:42:59.000Z","volume":420000,"label":" ","price":0.109},{"type":"A","date":"2018-03-20T07:44:07.000Z","volume":200000,"label":" ","price":0.109},{"type":"A","date":"2018-03-20T07:44:47.000Z","volume":100000,"label":" ","price":0.109},{"type":"A","date":"2018-03-20T07:44:47.000Z","volume":520000,"label":" ","price":0.11},{"type":"B","date":"2018-03-20T07:45:13.000Z","volume":200000,"label":" ","price":0.108},{"type":"A","date":"2018-03-20T07:45:13.000Z","volume":100000,"label":" ","price":0.108},{"type":"B","date":"2018-03-20T07:47:33.000Z","volume":40000,"label":" ","price":0.108},{"type":"A","date":"2018-03-20T07:49:00.000Z","volume":280000,"label":" ","price":0.108},{"type":"B","date":"2018-03-20T07:51:00.000Z","volume":60000,"label":" ","price":0.108},{"type":"B","date":"2018-03-20T07:51:31.000Z","volume":340000,"label":" ","price":0.108},{"type":"A","date":"2018-03-20T07:53:11.000Z","volume":180000,"label":" ","price":0.109},{"type":"A","date":"2018-03-20T07:53:11.000Z","volume":20000,"label":" ","price":0.11},{"type":"B","date":"2018-03-20T07:53:35.000Z","volume":100000,"label":" ","price":0.108},{"type":"B","date":"2018-03-20T07:54:36.000Z","volume":200000,"label":" ","price":0.108},{"type":"A","date":"2018-03-20T07:54:46.000Z","volume":100000,"label":" ","price":0.109},{"type":"A","date":"2018-03-20T07:57:06.000Z","volume":80000,"label":" ","price":0.109},{"type":"B","date":"2018-03-20T07:57:06.000Z","volume":120000,"label":" ","price":0.109},{"type":"B","date":"2018-03-20T07:57:06.000Z","volume":100000,"label":" ","price":0.109},{"type":"B","date":"2018-03-20T07:57:39.000Z","volume":20000,"label":" ","price":0.108},{"type":"A","date":"2018-03-20T07:57:39.000Z","volume":360000,"label":" ","price":0.108},{"type":"A","date":"2018-03-20T07:57:39.000Z","volume":120000,"label":" ","price":0.108},{"type":"B","date":"2018-03-20T07:58:00.000Z","volume":800000,"label":" ","price":0.107},{"type":"B","date":"2018-03-20T07:58:01.000Z","volume":100000,"label":" ","price":0.107},{"type":"B","date":"2018-03-20T07:58:01.000Z","volume":20000,"label":"Y","price":0.107},{"type":"A","date":"2018-03-20T07:58:07.000Z","volume":500000,"label":" ","price":0.109},{"type":"A","date":"2018-03-20T07:58:56.000Z","volume":140000,"label":" ","price":0.109},{"type":"B","date":"2018-03-20T07:59:40.000Z","volume":400000,"label":" ","price":0.109},{"type":"B","date":"2018-03-20T07:59:40.000Z","volume":20000,"label":" ","price":0.109}]