[{"type":"U","date":"2018-04-27T01:00:00.000Z","volume":1868,"label":"P","price":120.859},{"type":"U","date":"2018-04-27T01:00:00.000Z","volume":1032,"label":"P","price":120.858},{"type":"U","date":"2018-04-27T01:02:03.000Z","volume":63,"label":"P","price":121.4},{"type":"U","date":"2018-04-27T01:05:03.000Z","volume":3500,"label":"P","price":113.17},{"type":"U","date":"2018-04-27T01:20:00.000Z","volume":220900,"label":"U","price":125},{"type":"A","date":"2018-04-27T01:30:00.000Z","volume":3700,"label":" ","price":125},{"type":"A","date":"2018-04-27T01:30:00.000Z","volume":1800,"label":" ","price":125},{"type":"A","date":"2018-04-27T01:30:00.000Z","volume":15000,"label":" ","price":125},{"type":"A","date":"2018-04-27T01:30:01.000Z","volume":700,"label":" ","price":125},{"type":"A","date":"2018-04-27T01:30:01.000Z","volume":12500,"label":" ","price":125},{"type":"A","date":"2018-04-27T01:30:01.000Z","volume":2000,"label":" ","price":125},{"type":"A","date":"2018-04-27T01:30:01.000Z","volume":4000,"label":" ","price":125.1},{"type":"A","date":"2018-04-27T01:30:01.000Z","volume":6300,"label":" ","price":125.1},{"type":"A","date":"2018-04-27T01:30:01.000Z","volume":200,"label":" ","price":125},{"type":"A","date":"2018-04-27T01:30:01.000Z","volume":3500,"label":" ","price":125},{"type":"A","date":"2018-04-27T01:30:01.000Z","volume":2600,"label":" ","price":125.1},{"type":"A","date":"2018-04-27T01:30:01.000Z","volume":2500,"label":" ","price":125.2},{"type":"A","date":"2018-04-27T01:30:01.000Z","volume":400,"label":" ","price":125.2},{"type":"B","date":"2018-04-27T01:30:01.000Z","volume":100,"label":" ","price":125.1},{"type":"B","date":"2018-04-27T01:30:01.000Z","volume":300,"label":" ","price":125},{"type":"B","date":"2018-04-27T01:30:01.000Z","volume":100,"label":" ","price":125},{"type":"B","date":"2018-04-27T01:30:01.000Z","volume":500,"label":" ","price":125},{"type":"B","date":"2018-04-27T01:30:01.000Z","volume":800,"label":" ","price":125},{"type":"B","date":"2018-04-27T01:30:01.000Z","volume":500,"label":" ","price":125},{"type":"B","date":"2018-04-27T01:30:01.000Z","volume":100,"label":" ","price":125},{"type":"B","date":"2018-04-27T01:30:01.000Z","volume":100,"label":" ","price":125.1},{"type":"B","date":"2018-04-27T01:30:01.000Z","volume":1100,"label":" ","price":125.1},{"type":"A","date":"2018-04-27T01:30:01.000Z","volume":2100,"label":" ","price":125.3},{"type":"A","date":"2018-04-27T01:30:02.000Z","volume":1200,"label":" ","price":125.3},{"type":"A","date":"2018-04-27T01:30:02.000Z","volume":11000,"label":" ","price":125.4},{"type":"A","date":"2018-04-27T01:30:02.000Z","volume":400,"label":" ","price":125.3},{"type":"A","date":"2018-04-27T01:30:02.000Z","volume":400,"label":"Y","price":125.3},{"type":"A","date":"2018-04-27T01:30:02.000Z","volume":100,"label":" ","price":125.3},{"type":"A","date":"2018-04-27T01:30:02.000Z","volume":500,"label":" ","price":125.3},{"type":"B","date":"2018-04-27T01:30:02.000Z","volume":200,"label":" ","price":125.1},{"type":"A","date":"2018-04-27T01:30:02.000Z","volume":200,"label":" ","price":125.3},{"type":"A","date":"2018-04-27T01:30:02.000Z","volume":3400,"label":" ","price":125.5},{"type":"A","date":"2018-04-27T01:30:02.000Z","volume":100,"label":" ","price":125.5},{"type":"A","date":"2018-04-27T01:30:02.000Z","volume":2500,"label":" ","price":125.5},{"type":"A","date":"2018-04-27T01:30:02.000Z","volume":200,"label":" ","price":125.5},{"type":"U","date":"2018-04-27T01:30:02.000Z","volume":100,"label":" ","price":125.2},{"type":"A","date":"2018-04-27T01:30:02.000Z","volume":1200,"label":" ","price":125.6},{"type":"A","date":"2018-04-27T01:30:02.000Z","volume":100,"label":" ","price":125.6},{"type":"A","date":"2018-04-27T01:30:02.000Z","volume":100,"label":" ","price":125.6},{"type":"B","date":"2018-04-27T01:30:02.000Z","volume":1100,"label":" ","price":125.6},{"type":"B","date":"2018-04-27T01:30:02.000Z","volume":100,"label":" ","price":125.2},{"type":"A","date":"2018-04-27T01:30:03.000Z","volume":300,"label":" ","price":125.7},{"type":"A","date":"2018-04-27T01:30:03.000Z","volume":100,"label":" ","price":125.7},{"type":"A","date":"2018-04-27T01:30:03.000Z","volume":200,"label":" ","price":125.7},{"type":"B","date":"2018-04-27T01:30:03.000Z","volume":200,"label":" ","price":125.5},{"type":"B","date":"2018-04-27T01:30:03.000Z","volume":9600,"label":" ","price":125.3},{"type":"A","date":"2018-04-27T01:30:03.000Z","volume":500,"label":" ","price":125.7},{"type":"B","date":"2018-04-27T01:30:03.000Z","volume":300,"label":" ","price":125.3},{"type":"B","date":"2018-04-27T01:30:03.000Z","volume":600,"label":" ","price":125.3},{"type":"B","date":"2018-04-27T01:30:03.000Z","volume":300,"label":" ","price":125.3},{"type":"B","date":"2018-04-27T01:30:03.000Z","volume":100,"label":" ","price":125.3},{"type":"B","date":"2018-04-27T01:30:03.000Z","volume":100,"label":" ","price":125.2},{"type":"B","date":"2018-04-27T01:30:03.000Z","volume":200,"label":" ","price":125.2},{"type":"B","date":"2018-04-27T01:30:03.000Z","volume":100,"label":" ","price":125.4},{"type":"B","date":"2018-04-27T01:30:03.000Z","volume":100,"label":" ","price":125.5},{"type":"B","date":"2018-04-27T01:30:03.000Z","volume":300,"label":" ","price":125.5},{"type":"B","date":"2018-04-27T01:30:03.000Z","volume":100,"label":" ","price":125.4},{"type":"B","date":"2018-04-27T01:30:03.000Z","volume":300,"label":" ","price":125.4},{"type":"B","date":"2018-04-27T01:30:03.000Z","volume":700,"label":" ","price":125.3},{"type":"A","date":"2018-04-27T01:30:03.000Z","volume":200,"label":" ","price":125.5},{"type":"A","date":"2018-04-27T01:30:03.000Z","volume":100,"label":" ","price":125.5},{"type":"A","date":"2018-04-27T01:30:03.000Z","volume":100,"label":" ","price":125.5},{"type":"A","date":"2018-04-27T01:30:03.000Z","volume":3000,"label":" ","price":125.6},{"type":"A","date":"2018-04-27T01:30:03.000Z","volume":300,"label":" ","price":125.6},{"type":"B","date":"2018-04-27T01:30:04.000Z","volume":400,"label":" ","price":125.5},{"type":"B","date":"2018-04-27T01:30:04.000Z","volume":2100,"label":" ","price":125.5},{"type":"B","date":"2018-04-27T01:30:04.000Z","volume":900,"label":" ","price":125.4},{"type":"U","date":"2018-04-27T01:30:04.000Z","volume":400,"label":" ","price":125.6},{"type":"B","date":"2018-04-27T01:30:04.000Z","volume":300,"label":" ","price":125.4},{"type":"A","date":"2018-04-27T01:30:04.000Z","volume":1300,"label":" ","price":125.8},{"type":"A","date":"2018-04-27T01:30:04.000Z","volume":300,"label":" ","price":125.8},{"type":"A","date":"2018-04-27T01:30:04.000Z","volume":100,"label":" ","price":125.8},{"type":"U","date":"2018-04-27T01:30:04.000Z","volume":100,"label":" ","price":125.8},{"type":"U","date":"2018-04-27T01:30:04.000Z","volume":100,"label":" ","price":125.6},{"type":"A","date":"2018-04-27T01:30:04.000Z","volume":100,"label":" ","price":125.8},{"type":"A","date":"2018-04-27T01:30:04.000Z","volume":3000,"label":" ","price":125.9},{"type":"B","date":"2018-04-27T01:30:05.000Z","volume":700,"label":" ","price":125.6},{"type":"A","date":"2018-04-27T01:30:05.000Z","volume":100,"label":" ","price":125.8},{"type":"B","date":"2018-04-27T01:30:05.000Z","volume":100,"label":" ","price":125.6},{"type":"U","date":"2018-04-27T01:30:05.000Z","volume":100,"label":" ","price":125.8},{"type":"A","date":"2018-04-27T01:30:05.000Z","volume":100,"label":" ","price":125.8},{"type":"A","date":"2018-04-27T01:30:05.000Z","volume":100,"label":" ","price":125.8},{"type":"A","date":"2018-04-27T01:30:05.000Z","volume":100,"label":"Y","price":125.9},{"type":"A","date":"2018-04-27T01:30:05.000Z","volume":4100,"label":" ","price":125.9},{"type":"U","date":"2018-04-27T01:30:05.000Z","volume":2400,"label":"X","price":125.85},{"type":"A","date":"2018-04-27T01:30:05.000Z","volume":200,"label":" ","price":125.9},{"type":"A","date":"2018-04-27T01:30:05.000Z","volume":300,"label":" ","price":125.9},{"type":"B","date":"2018-04-27T01:30:06.000Z","volume":300,"label":" ","price":125.9},{"type":"B","date":"2018-04-27T01:30:06.000Z","volume":2900,"label":" ","price":125.8},{"type":"A","date":"2018-04-27T01:30:06.000Z","volume":100,"label":" ","price":126},{"type":"B","date":"2018-04-27T01:30:06.000Z","volume":300,"label":" ","price":125.9},{"type":"A","date":"2018-04-27T01:30:06.000Z","volume":500,"label":" ","price":126},{"type":"A","date":"2018-04-27T01:30:06.000Z","volume":900,"label":" ","price":126},{"type":"A","date":"2018-04-27T01:30:06.000Z","volume":100,"label":" ","price":126},{"type":"A","date":"2018-04-27T01:30:06.000Z","volume":14600,"label":" ","price":126},{"type":"B","date":"2018-04-27T01:30:06.000Z","volume":200,"label":" ","price":126},{"type":"B","date":"2018-04-27T01:30:06.000Z","volume":500,"label":" ","price":125.8},{"type":"B","date":"2018-04-27T01:30:07.000Z","volume":400,"label":" ","price":126},{"type":"B","date":"2018-04-27T01:30:07.000Z","volume":100,"label":" ","price":125.8},{"type":"B","date":"2018-04-27T01:30:07.000Z","volume":900,"label":" ","price":125.8},{"type":"B","date":"2018-04-27T01:30:07.000Z","volume":700,"label":" ","price":125.6},{"type":"B","date":"2018-04-27T01:30:07.000Z","volume":300,"label":" ","price":125.5},{"type":"A","date":"2018-04-27T01:30:07.000Z","volume":2400,"label":" ","price":126},{"type":"A","date":"2018-04-27T01:30:07.000Z","volume":3100,"label":" ","price":126},{"type":"A","date":"2018-04-27T01:30:07.000Z","volume":300,"label":" ","price":126},{"type":"A","date":"2018-04-27T01:30:07.000Z","volume":500,"label":" ","price":126},{"type":"A","date":"2018-04-27T01:30:07.000Z","volume":500,"label":" ","price":126},{"type":"A","date":"2018-04-27T01:30:07.000Z","volume":200,"label":" ","price":126.1},{"type":"A","date":"2018-04-27T01:30:08.000Z","volume":600,"label":" ","price":126.2},{"type":"B","date":"2018-04-27T01:30:09.000Z","volume":4500,"label":" ","price":126},{"type":"A","date":"2018-04-27T01:30:09.000Z","volume":200,"label":"Y","price":126.2},{"type":"A","date":"2018-04-27T01:30:09.000Z","volume":1000,"label":" ","price":126.2},{"type":"A","date":"2018-04-27T01:30:09.000Z","volume":100,"label":" ","price":126.2},{"type":"B","date":"2018-04-27T01:30:09.000Z","volume":100,"label":" ","price":126},{"type":"A","date":"2018-04-27T01:30:09.000Z","volume":100,"label":" ","price":126.2},{"type":"B","date":"2018-04-27T01:30:10.000Z","volume":200,"label":" ","price":126},{"type":"A","date":"2018-04-27T01:30:10.000Z","volume":900,"label":" ","price":126.3},{"type":"B","date":"2018-04-27T01:30:11.000Z","volume":500,"label":"Y","price":126},{"type":"B","date":"2018-04-27T01:30:11.000Z","volume":5400,"label":" ","price":126},{"type":"B","date":"2018-04-27T01:30:12.000Z","volume":200,"label":" ","price":126.1},{"type":"A","date":"2018-04-27T01:30:12.000Z","volume":1200,"label":" ","price":126.3},{"type":"A","date":"2018-04-27T01:30:13.000Z","volume":100,"label":" ","price":126.3},{"type":"B","date":"2018-04-27T01:30:13.000Z","volume":100,"label":" ","price":126.1},{"type":"B","date":"2018-04-27T01:30:13.000Z","volume":1700,"label":" ","price":126.1},{"type":"B","date":"2018-04-27T01:30:13.000Z","volume":3900,"label":" ","price":126.1},{"type":"U","date":"2018-04-27T01:30:13.000Z","volume":1600,"label":" ","price":126.2},{"type":"B","date":"2018-04-27T01:30:13.000Z","volume":700,"label":" ","price":126.1},{"type":"B","date":"2018-04-27T01:30:13.000Z","volume":100,"label":" ","price":126.1},{"type":"B","date":"2018-04-27T01:30:13.000Z","volume":1200,"label":" ","price":126.1},{"type":"B","date":"2018-04-27T01:30:13.000Z","volume":2000,"label":" ","price":126},{"type":"A","date":"2018-04-27T01:30:13.000Z","volume":1900,"label":" ","price":126.3},{"type":"B","date":"2018-04-27T01:30:13.000Z","volume":1300,"label":" ","price":126},{"type":"B","date":"2018-04-27T01:30:13.000Z","volume":1000,"label":" ","price":125.9},{"type":"U","date":"2018-04-27T01:30:13.000Z","volume":200,"label":" ","price":126.1},{"type":"A","date":"2018-04-27T01:30:15.000Z","volume":100,"label":" ","price":126.4},{"type":"B","date":"2018-04-27T01:30:15.000Z","volume":2700,"label":" ","price":126},{"type":"U","date":"2018-04-27T01:30:15.000Z","volume":100,"label":" ","price":126.1},{"type":"A","date":"2018-04-27T01:30:15.000Z","volume":5600,"label":" ","price":126.4},{"type":"B","date":"2018-04-27T01:30:15.000Z","volume":100,"label":" ","price":126.1},{"type":"A","date":"2018-04-27T01:30:16.000Z","volume":200,"label":" ","price":126.4},{"type":"A","date":"2018-04-27T01:30:16.000Z","volume":800,"label":" ","price":126.4},{"type":"B","date":"2018-04-27T01:30:16.000Z","volume":8200,"label":" ","price":126.1},{"type":"B","date":"2018-04-27T01:30:16.000Z","volume":14800,"label":" ","price":126},{"type":"B","date":"2018-04-27T01:30:16.000Z","volume":900,"label":" ","price":126},{"type":"B","date":"2018-04-27T01:30:17.000Z","volume":100,"label":" ","price":126},{"type":"B","date":"2018-04-27T01:30:17.000Z","volume":5400,"label":" ","price":126},{"type":"U","date":"2018-04-27T01:30:17.000Z","volume":100,"label":" ","price":126.1},{"type":"B","date":"2018-04-27T01:30:17.000Z","volume":400,"label":" ","price":126},{"type":"B","date":"2018-04-27T01:30:17.000Z","volume":300,"label":" ","price":126.1},{"type":"B","date":"2018-04-27T01:30:17.000Z","volume":700,"label":" ","price":126},{"type":"B","date":"2018-04-27T01:30:17.000Z","volume":100,"label":" ","price":126},{"type":"B","date":"2018-04-27T01:30:18.000Z","volume":1000,"label":" ","price":126},{"type":"B","date":"2018-04-27T01:30:18.000Z","volume":1000,"label":" ","price":126},{"type":"B","date":"2018-04-27T01:30:18.000Z","volume":200,"label":" ","price":126},{"type":"U","date":"2018-04-27T01:30:18.000Z","volume":300,"label":"X","price":126.2},{"type":"A","date":"2018-04-27T01:30:18.000Z","volume":100,"label":"Y","price":126.4},{"type":"A","date":"2018-04-27T01:30:18.000Z","volume":100,"label":" ","price":126.4},{"type":"B","date":"2018-04-27T01:30:19.000Z","volume":100,"label":" ","price":126},{"type":"B","date":"2018-04-27T01:30:19.000Z","volume":900,"label":" ","price":126},{"type":"B","date":"2018-04-27T01:30:19.000Z","volume":1500,"label":" ","price":126},{"type":"U","date":"2018-04-27T01:30:19.000Z","volume":1000,"label":" ","price":126.1},{"type":"U","date":"2018-04-27T01:30:19.000Z","volume":500,"label":" ","price":126.1},{"type":"B","date":"2018-04-27T01:30:19.000Z","volume":200,"label":" ","price":126},{"type":"A","date":"2018-04-27T01:30:20.000Z","volume":100,"label":" ","price":126.3},{"type":"A","date":"2018-04-27T01:30:20.000Z","volume":100,"label":" ","price":126.3},{"type":"B","date":"2018-04-27T01:30:21.000Z","volume":700,"label":" ","price":126.1},{"type":"A","date":"2018-04-27T01:30:21.000Z","volume":100,"label":" ","price":126.3},{"type":"B","date":"2018-04-27T01:30:21.000Z","volume":2000,"label":" ","price":126.1},{"type":"B","date":"2018-04-27T01:30:23.000Z","volume":500,"label":" ","price":126.1},{"type":"B","date":"2018-04-27T01:30:23.000Z","volume":300,"label":" ","price":126.1},{"type":"U","date":"2018-04-27T01:30:23.000Z","volume":300,"label":" ","price":126.2},{"type":"B","date":"2018-04-27T01:30:23.000Z","volume":100,"label":" ","price":126},{"type":"B","date":"2018-04-27T01:30:23.000Z","volume":600,"label":" ","price":126},{"type":"B","date":"2018-04-27T01:30:23.000Z","volume":100,"label":"Y","price":126},{"type":"B","date":"2018-04-27T01:30:25.000Z","volume":300,"label":" ","price":125.8},{"type":"B","date":"2018-04-27T01:30:26.000Z","volume":600,"label":" ","price":125.9},{"type":"B","date":"2018-04-27T01:30:26.000Z","volume":200,"label":" ","price":125.7},{"type":"B","date":"2018-04-27T01:30:26.000Z","volume":200,"label":" ","price":125.5},{"type":"U","date":"2018-04-27T01:30:26.000Z","volume":100,"label":" ","price":125.6},{"type":"A","date":"2018-04-27T01:30:27.000Z","volume":100,"label":" ","price":126.2},{"type":"U","date":"2018-04-27T01:30:27.000Z","volume":300,"label":" ","price":125.7},{"type":"U","date":"2018-04-27T01:30:27.000Z","volume":100,"label":" ","price":125.7},{"type":"U","date":"2018-04-27T01:30:27.000Z","volume":300,"label":" ","price":126},{"type":"U","date":"2018-04-27T01:30:27.000Z","volume":100,"label":" ","price":125.9},{"type":"B","date":"2018-04-27T01:30:28.000Z","volume":200,"label":" ","price":126},{"type":"B","date":"2018-04-27T01:30:28.000Z","volume":500,"label":" ","price":125.9},{"type":"B","date":"2018-04-27T01:30:29.000Z","volume":400,"label":" ","price":125.9},{"type":"B","date":"2018-04-27T01:30:29.000Z","volume":100,"label":" ","price":125.8},{"type":"B","date":"2018-04-27T01:30:29.000Z","volume":200,"label":" ","price":125.7},{"type":"B","date":"2018-04-27T01:30:29.000Z","volume":100,"label":" ","price":125.6},{"type":"B","date":"2018-04-27T01:30:29.000Z","volume":200,"label":" ","price":125.5},{"type":"B","date":"2018-04-27T01:30:29.000Z","volume":100,"label":" ","price":125.5},{"type":"U","date":"2018-04-27T01:30:29.000Z","volume":100,"label":" ","price":126},{"type":"B","date":"2018-04-27T01:30:29.000Z","volume":200,"label":" ","price":125.9},{"type":"B","date":"2018-04-27T01:30:29.000Z","volume":400,"label":" ","price":126},{"type":"B","date":"2018-04-27T01:30:29.000Z","volume":100,"label":" ","price":125.9},{"type":"A","date":"2018-04-27T01:30:30.000Z","volume":100,"label":" ","price":126.1},{"type":"B","date":"2018-04-27T01:30:30.000Z","volume":900,"label":" ","price":126},{"type":"B","date":"2018-04-27T01:30:30.000Z","volume":100,"label":" ","price":126},{"type":"B","date":"2018-04-27T01:30:31.000Z","volume":500,"label":" ","price":126},{"type":"B","date":"2018-04-27T01:30:31.000Z","volume":700,"label":" ","price":126},{"type":"A","date":"2018-04-27T01:30:31.000Z","volume":200,"label":" ","price":126.1},{"type":"B","date":"2018-04-27T01:30:32.000Z","volume":100,"label":" ","price":126},{"type":"B","date":"2018-04-27T01:30:32.000Z","volume":400,"label":" ","price":125.9},{"type":"B","date":"2018-04-27T01:30:32.000Z","volume":100,"label":" ","price":125.9},{"type":"B","date":"2018-04-27T01:30:32.000Z","volume":600,"label":" ","price":125.5},{"type":"B","date":"2018-04-27T01:30:32.000Z","volume":600,"label":" ","price":125.4},{"type":"B","date":"2018-04-27T01:30:32.000Z","volume":200,"label":" ","price":125.2},{"type":"B","date":"2018-04-27T01:30:32.000Z","volume":100,"label":" ","price":125.1},{"type":"B","date":"2018-04-27T01:30:32.000Z","volume":2500,"label":" ","price":125},{"type":"B","date":"2018-04-27T01:30:32.000Z","volume":300,"label":" ","price":125},{"type":"B","date":"2018-04-27T01:30:32.000Z","volume":400,"label":" ","price":125},{"type":"A","date":"2018-04-27T01:30:32.000Z","volume":1100,"label":" ","price":126},{"type":"U","date":"2018-04-27T01:30:32.000Z","volume":600,"label":" ","price":125.4},{"type":"B","date":"2018-04-27T01:30:33.000Z","volume":1000,"label":" ","price":125.6},{"type":"B","date":"2018-04-27T01:30:33.000Z","volume":100,"label":" ","price":125.5},{"type":"B","date":"2018-04-27T01:30:33.000Z","volume":1900,"label":" ","price":125.5},{"type":"U","date":"2018-04-27T01:30:33.000Z","volume":200,"label":" ","price":125.6},{"type":"A","date":"2018-04-27T01:30:33.000Z","volume":600,"label":" ","price":126},{"type":"B","date":"2018-04-27T01:30:34.000Z","volume":500,"label":" ","price":125.9},{"type":"B","date":"2018-04-27T01:30:34.000Z","volume":500,"label":" ","price":125.9},{"type":"A","date":"2018-04-27T01:30:34.000Z","volume":200,"label":" ","price":126},{"type":"B","date":"2018-04-27T01:30:34.000Z","volume":200,"label":" ","price":125.9},{"type":"B","date":"2018-04-27T01:30:34.000Z","volume":1900,"label":" ","price":125.9},{"type":"B","date":"2018-04-27T01:30:34.000Z","volume":100,"label":" ","price":125.8},{"type":"A","date":"2018-04-27T01:30:34.000Z","volume":1800,"label":" ","price":126},{"type":"A","date":"2018-04-27T01:30:34.000Z","volume":2400,"label":" ","price":126},{"type":"B","date":"2018-04-27T01:30:34.000Z","volume":800,"label":" ","price":125.9},{"type":"B","date":"2018-04-27T01:30:34.000Z","volume":100,"label":" ","price":125.9},{"type":"A","date":"2018-04-27T01:30:35.000Z","volume":1000,"label":"Y","price":125.9},{"type":"B","date":"2018-04-27T01:30:35.000Z","volume":1000,"label":" ","price":125.6},{"type":"B","date":"2018-04-27T01:30:35.000Z","volume":1000,"label":" ","price":125.6},{"type":"B","date":"2018-04-27T01:30:36.000Z","volume":500,"label":" ","price":125.7},{"type":"B","date":"2018-04-27T01:30:37.000Z","volume":800,"label":" ","price":125.8},{"type":"A","date":"2018-04-27T01:30:37.000Z","volume":1300,"label":"Y","price":125.9},{"type":"A","date":"2018-04-27T01:30:37.000Z","volume":4200,"label":" ","price":125.9},{"type":"B","date":"2018-04-27T01:30:37.000Z","volume":400,"label":" ","price":125.8},{"type":"A","date":"2018-04-27T01:30:38.000Z","volume":300,"label":" ","price":125.9},{"type":"A","date":"2018-04-27T01:30:38.000Z","volume":700,"label":"Y","price":126},{"type":"A","date":"2018-04-27T01:30:38.000Z","volume":800,"label":"Y","price":126},{"type":"A","date":"2018-04-27T01:30:38.000Z","volume":200,"label":" ","price":126},{"type":"A","date":"2018-04-27T01:30:38.000Z","volume":100,"label":" ","price":125.9},{"type":"B","date":"2018-04-27T01:30:38.000Z","volume":100,"label":" ","price":125.8},{"type":"B","date":"2018-04-27T01:30:39.000Z","volume":700,"label":" ","price":125.8},{"type":"A","date":"2018-04-27T01:30:39.000Z","volume":100,"label":" ","price":125.9},{"type":"B","date":"2018-04-27T01:30:39.000Z","volume":500,"label":" ","price":125.8},{"type":"B","date":"2018-04-27T01:30:39.000Z","volume":100,"label":" ","price":125.8},{"type":"A","date":"2018-04-27T01:30:39.000Z","volume":100,"label":" ","price":125.9},{"type":"B","date":"2018-04-27T01:30:39.000Z","volume":100,"label":" ","price":125.9},{"type":"A","date":"2018-04-27T01:30:39.000Z","volume":600,"label":" ","price":126},{"type":"B","date":"2018-04-27T01:30:39.000Z","volume":100,"label":" ","price":125.9},{"type":"A","date":"2018-04-27T01:30:40.000Z","volume":300,"label":" ","price":126},{"type":"A","date":"2018-04-27T01:30:40.000Z","volume":1500,"label":" ","price":126},{"type":"U","date":"2018-04-27T01:30:40.000Z","volume":400,"label":"X","price":125.95},{"type":"A","date":"2018-04-27T01:30:40.000Z","volume":500,"label":" ","price":126},{"type":"A","date":"2018-04-27T01:30:40.000Z","volume":2600,"label":" ","price":126},{"type":"A","date":"2018-04-27T01:30:40.000Z","volume":300,"label":" ","price":126},{"type":"B","date":"2018-04-27T01:30:40.000Z","volume":200,"label":" ","price":125.9},{"type":"B","date":"2018-04-27T01:30:41.000Z","volume":300,"label":" ","price":126},{"type":"A","date":"2018-04-27T01:30:41.000Z","volume":200,"label":" ","price":126.1},{"type":"A","date":"2018-04-27T01:30:41.000Z","volume":100,"label":" ","price":126.1},{"type":"A","date":"2018-04-27T01:30:41.000Z","volume":500,"label":" ","price":126.2},{"type":"A","date":"2018-04-27T01:30:41.000Z","volume":1600,"label":" ","price":126.3},{"type":"A","date":"2018-04-27T01:30:41.000Z","volume":100,"label":" ","price":126.1},{"type":"B","date":"2018-04-27T01:30:43.000Z","volume":500,"label":" ","price":126.1},{"type":"B","date":"2018-04-27T01:30:43.000Z","volume":300,"label":" ","price":126.2},{"type":"B","date":"2018-04-27T01:30:44.000Z","volume":500,"label":" ","price":126.2},{"type":"A","date":"2018-04-27T01:30:44.000Z","volume":100,"label":" ","price":126.3},{"type":"A","date":"2018-04-27T01:30:44.000Z","volume":100,"label":" ","price":126.3},{"type":"B","date":"2018-04-27T01:30:45.000Z","volume":200,"label":" ","price":126.2},{"type":"A","date":"2018-04-27T01:30:45.000Z","volume":300,"label":" ","price":126.3},{"type":"B","date":"2018-04-27T01:30:45.000Z","volume":2000,"label":" ","price":126.2},{"type":"A","date":"2018-04-27T01:30:46.000Z","volume":100,"label":" ","price":126.3},{"type":"B","date":"2018-04-27T01:30:46.000Z","volume":100,"label":" ","price":126.2},{"type":"B","date":"2018-04-27T01:30:46.000Z","volume":700,"label":" ","price":126.2},{"type":"B","date":"2018-04-27T01:30:46.000Z","volume":300,"label":" ","price":126.1},{"type":"B","date":"2018-04-27T01:30:46.000Z","volume":2300,"label":" ","price":126.2},{"type":"B","date":"2018-04-27T01:30:47.000Z","volume":300,"label":" ","price":126.1},{"type":"A","date":"2018-04-27T01:30:47.000Z","volume":1400,"label":"Y","price":126.2},{"type":"A","date":"2018-04-27T01:30:47.000Z","volume":5800,"label":" ","price":126.2},{"type":"B","date":"2018-04-27T01:30:49.000Z","volume":800,"label":" ","price":126.1},{"type":"A","date":"2018-04-27T01:30:49.000Z","volume":200,"label":" ","price":126.2},{"type":"A","date":"2018-04-27T01:30:49.000Z","volume":100,"label":" ","price":126.2},{"type":"B","date":"2018-04-27T01:30:49.000Z","volume":100,"label":" ","price":126.2},{"type":"B","date":"2018-04-27T01:30:50.000Z","volume":300,"label":" ","price":126.2},{"type":"B","date":"2018-04-27T01:30:50.000Z","volume":1300,"label":" ","price":126.1},{"type":"B","date":"2018-04-27T01:30:50.000Z","volume":6700,"label":" ","price":126},{"type":"B","date":"2018-04-27T01:30:51.000Z","volume":1900,"label":" ","price":126},{"type":"U","date":"2018-04-27T01:30:51.000Z","volume":1000,"label":"X","price":126.15},{"type":"A","date":"2018-04-27T01:30:52.000Z","volume":5900,"label":" ","price":126.2},{"type":"A","date":"2018-04-27T01:30:52.000Z","volume":100,"label":" ","price":126.2},{"type":"A","date":"2018-04-27T01:30:52.000Z","volume":9200,"label":" ","price":126.2},{"type":"A","date":"2018-04-27T01:30:52.000Z","volume":500,"label":" ","price":126.2},{"type":"A","date":"2018-04-27T01:30:52.000Z","volume":400,"label":" ","price":126.3},{"type":"A","date":"2018-04-27T01:30:52.000Z","volume":100,"label":" ","price":126.3},{"type":"B","date":"2018-04-27T01:30:53.000Z","volume":200,"label":" ","price":126.2},{"type":"A","date":"2018-04-27T01:30:53.000Z","volume":100,"label":" ","price":126.4},{"type":"B","date":"2018-04-27T01:30:53.000Z","volume":1000,"label":" ","price":126.2},{"type":"B","date":"2018-04-27T01:30:55.000Z","volume":200,"label":" ","price":126.2},{"type":"U","date":"2018-04-27T01:30:55.000Z","volume":100,"label":" ","price":126.3},{"type":"A","date":"2018-04-27T01:30:56.000Z","volume":1000,"label":" ","price":126.4},{"type":"A","date":"2018-04-27T01:30:56.000Z","volume":900,"label":" ","price":126.4},{"type":"B","date":"2018-04-27T01:30:56.000Z","volume":200,"label":" ","price":126.3},{"type":"B","date":"2018-04-27T01:30:57.000Z","volume":2900,"label":" ","price":126.3},{"type":"B","date":"2018-04-27T01:30:57.000Z","volume":1100,"label":" ","price":126.3},{"type":"A","date":"2018-04-27T01:30:57.000Z","volume":2300,"label":"Y","price":126.4},{"type":"A","date":"2018-04-27T01:30:57.000Z","volume":9300,"label":" ","price":126.4},{"type":"B","date":"2018-04-27T01:30:57.000Z","volume":300,"label":" ","price":126.3},{"type":"A","date":"2018-04-27T01:30:58.000Z","volume":100,"label":" ","price":126.4},{"type":"A","date":"2018-04-27T01:30:59.000Z","volume":300,"label":" ","price":126.4},{"type":"A","date":"2018-04-27T01:30:59.000Z","volume":100,"label":" ","price":126.4},{"type":"B","date":"2018-04-27T01:30:59.000Z","volume":500,"label":" ","price":126.3},{"type":"B","date":"2018-04-27T01:31:00.000Z","volume":300,"label":" ","price":126.3},{"type":"U","date":"2018-04-27T01:31:00.000Z","volume":1900,"label":" ","price":126.4},{"type":"B","date":"2018-04-27T01:31:00.000Z","volume":500,"label":" ","price":126.2},{"type":"B","date":"2018-04-27T01:31:00.000Z","volume":700,"label":" ","price":126.2},{"type":"B","date":"2018-04-27T01:31:00.000Z","volume":2800,"label":" ","price":126.1},{"type":"B","date":"2018-04-27T01:31:00.000Z","volume":13700,"label":" ","price":126},{"type":"B","date":"2018-04-27T01:31:00.000Z","volume":300,"label":" ","price":126.2},{"type":"B","date":"2018-04-27T01:31:00.000Z","volume":100,"label":" ","price":126.2},{"type":"B","date":"2018-04-27T01:31:00.000Z","volume":1000,"label":" ","price":126},{"type":"B","date":"2018-04-27T01:31:01.000Z","volume":1100,"label":" ","price":126},{"type":"U","date":"2018-04-27T01:31:01.000Z","volume":100,"label":" ","price":126.1},{"type":"B","date":"2018-04-27T01:31:01.000Z","volume":200,"label":" ","price":126},{"type":"B","date":"2018-04-27T01:31:01.000Z","volume":200,"label":" ","price":126},{"type":"B","date":"2018-04-27T01:31:01.000Z","volume":100,"label":" ","price":126},{"type":"B","date":"2018-04-27T01:31:02.000Z","volume":1000,"label":" ","price":126},{"type":"B","date":"2018-04-27T01:31:02.000Z","volume":800,"label":" ","price":126},{"type":"A","date":"2018-04-27T01:31:02.000Z","volume":200,"label":" ","price":126.2},{"type":"B","date":"2018-04-27T01:31:03.000Z","volume":600,"label":" ","price":125.7},{"type":"A","date":"2018-04-27T01:31:03.000Z","volume":1000,"label":"Y","price":126.2},{"type":"A","date":"2018-04-27T01:31:03.000Z","volume":4300,"label":" ","price":126.2},{"type":"B","date":"2018-04-27T01:31:04.000Z","volume":500,"label":" ","price":126},{"type":"B","date":"2018-04-27T01:31:05.000Z","volume":300,"label":" ","price":126},{"type":"U","date":"2018-04-27T01:31:05.000Z","volume":1700,"label":" ","price":126.1},{"type":"B","date":"2018-04-27T01:31:06.000Z","volume":2800,"label":" ","price":125.9},{"type":"B","date":"2018-04-27T01:31:07.000Z","volume":100,"label":"Y","price":125.7},{"type":"B","date":"2018-04-27T01:31:07.000Z","volume":800,"label":" ","price":125.7},{"type":"U","date":"2018-04-27T01:31:07.000Z","volume":2500,"label":" ","price":126},{"type":"B","date":"2018-04-27T01:31:08.000Z","volume":500,"label":" ","price":125.7},{"type":"B","date":"2018-04-27T01:31:08.000Z","volume":100,"label":" ","price":125.7},{"type":"B","date":"2018-04-27T01:31:09.000Z","volume":2100,"label":" ","price":125.6},{"type":"A","date":"2018-04-27T01:31:09.000Z","volume":1000,"label":" ","price":126},{"type":"U","date":"2018-04-27T01:31:09.000Z","volume":1400,"label":"X","price":125.85},{"type":"B","date":"2018-04-27T01:31:11.000Z","volume":500,"label":"Y","price":125.7},{"type":"B","date":"2018-04-27T01:31:11.000Z","volume":500,"label":" ","price":125.7},{"type":"U","date":"2018-04-27T01:31:11.000Z","volume":1200,"label":" ","price":125.8},{"type":"U","date":"2018-04-27T01:31:12.000Z","volume":200,"label":" ","price":125.7},{"type":"B","date":"2018-04-27T01:31:13.000Z","volume":400,"label":" ","price":125.5},{"type":"A","date":"2018-04-27T01:31:13.000Z","volume":500,"label":" ","price":125.8},{"type":"B","date":"2018-04-27T01:31:15.000Z","volume":300,"label":" ","price":125.5},{"type":"A","date":"2018-04-27T01:31:15.000Z","volume":3000,"label":" ","price":125.7},{"type":"B","date":"2018-04-27T01:31:16.000Z","volume":600,"label":" ","price":125.5},{"type":"B","date":"2018-04-27T01:31:17.000Z","volume":100,"label":"Y","price":125.3},{"type":"B","date":"2018-04-27T01:31:17.000Z","volume":700,"label":" ","price":125.3},{"type":"B","date":"2018-04-27T01:31:17.000Z","volume":100,"label":" ","price":125.6},{"type":"A","date":"2018-04-27T01:31:18.000Z","volume":600,"label":" ","price":125.7},{"type":"B","date":"2018-04-27T01:31:18.000Z","volume":1800,"label":" ","price":125.6},{"type":"A","date":"2018-04-27T01:31:18.000Z","volume":500,"label":" ","price":125.7},{"type":"B","date":"2018-04-27T01:31:19.000Z","volume":500,"label":" ","price":125.3},{"type":"U","date":"2018-04-27T01:31:20.000Z","volume":100,"label":" ","price":125.6},{"type":"U","date":"2018-04-27T01:31:20.000Z","volume":100,"label":" ","price":125.6},{"type":"A","date":"2018-04-27T01:31:20.000Z","volume":100,"label":" ","price":125.6},{"type":"A","date":"2018-04-27T01:31:20.000Z","volume":4100,"label":" ","price":125.6},{"type":"B","date":"2018-04-27T01:31:20.000Z","volume":400,"label":" ","price":125.5},{"type":"A","date":"2018-04-27T01:31:20.000Z","volume":2500,"label":" ","price":125.6},{"type":"B","date":"2018-04-27T01:31:21.000Z","volume":100,"label":"Y","price":125.3},{"type":"B","date":"2018-04-27T01:31:21.000Z","volume":1500,"label":" ","price":125.3},{"type":"A","date":"2018-04-27T01:31:23.000Z","volume":1800,"label":" ","price":125.6},{"type":"A","date":"2018-04-27T01:31:23.000Z","volume":2300,"label":" ","price":125.6},{"type":"B","date":"2018-04-27T01:31:25.000Z","volume":900,"label":" ","price":125.5},{"type":"A","date":"2018-04-27T01:31:25.000Z","volume":700,"label":" ","price":125.6},{"type":"A","date":"2018-04-27T01:31:27.000Z","volume":300,"label":" ","price":125.6},{"type":"A","date":"2018-04-27T01:31:29.000Z","volume":200,"label":" ","price":125.6},{"type":"A","date":"2018-04-27T01:31:29.000Z","volume":900,"label":" ","price":125.6},{"type":"A","date":"2018-04-27T01:31:30.000Z","volume":300,"label":" ","price":125.6},{"type":"A","date":"2018-04-27T01:31:30.000Z","volume":1000,"label":" ","price":125.6},{"type":"U","date":"2018-04-27T01:31:30.000Z","volume":100,"label":"X","price":125.55},{"type":"A","date":"2018-04-27T01:31:31.000Z","volume":100,"label":" ","price":125.6},{"type":"A","date":"2018-04-27T01:31:31.000Z","volume":100,"label":"Y","price":125.6},{"type":"A","date":"2018-04-27T01:31:31.000Z","volume":300,"label":" ","price":125.6},{"type":"A","date":"2018-04-27T01:31:31.000Z","volume":100,"label":" ","price":125.6},{"type":"A","date":"2018-04-27T01:31:31.000Z","volume":100,"label":" ","price":125.6},{"type":"A","date":"2018-04-27T01:31:31.000Z","volume":100,"label":" ","price":125.6},{"type":"A","date":"2018-04-27T01:31:32.000Z","volume":100,"label":" ","price":125.7},{"type":"A","date":"2018-04-27T01:31:32.000Z","volume":3700,"label":" ","price":125.7},{"type":"A","date":"2018-04-27T01:31:33.000Z","volume":100,"label":" ","price":125.7},{"type":"A","date":"2018-04-27T01:31:33.000Z","volume":100,"label":" ","price":125.7},{"type":"A","date":"2018-04-27T01:31:33.000Z","volume":100,"label":"Y","price":125.8},{"type":"A","date":"2018-04-27T01:31:33.000Z","volume":100,"label":" ","price":125.8},{"type":"B","date":"2018-04-27T01:31:33.000Z","volume":900,"label":" ","price":125.7},{"type":"A","date":"2018-04-27T01:31:33.000Z","volume":100,"label":" ","price":125.8},{"type":"A","date":"2018-04-27T01:31:33.000Z","volume":100,"label":" ","price":125.9},{"type":"A","date":"2018-04-27T01:31:33.000Z","volume":100,"label":" ","price":125.8},{"type":"A","date":"2018-04-27T01:31:34.000Z","volume":100,"label":" ","price":125.8},{"type":"A","date":"2018-04-27T01:31:35.000Z","volume":1100,"label":" ","price":125.8},{"type":"B","date":"2018-04-27T01:31:36.000Z","volume":100,"label":" ","price":125.7},{"type":"A","date":"2018-04-27T01:31:36.000Z","volume":400,"label":" ","price":125.8},{"type":"U","date":"2018-04-27T01:31:37.000Z","volume":100,"label":"X","price":125.75},{"type":"B","date":"2018-04-27T01:31:38.000Z","volume":100,"label":" ","price":125.7},{"type":"A","date":"2018-04-27T01:31:39.000Z","volume":100,"label":" ","price":125.8},{"type":"A","date":"2018-04-27T01:31:40.000Z","volume":200,"label":" ","price":125.9},{"type":"A","date":"2018-04-27T01:31:41.000Z","volume":200,"label":" ","price":125.9},{"type":"U","date":"2018-04-27T01:31:41.000Z","volume":100,"label":"X","price":125.85},{"type":"B","date":"2018-04-27T01:31:42.000Z","volume":100,"label":" ","price":125.8},{"type":"A","date":"2018-04-27T01:31:42.000Z","volume":200,"label":" ","price":125.9},{"type":"A","date":"2018-04-27T01:31:42.000Z","volume":200,"label":" ","price":125.9},{"type":"U","date":"2018-04-27T01:31:43.000Z","volume":200,"label":" ","price":125.9},{"type":"A","date":"2018-04-27T01:31:44.000Z","volume":200,"label":" ","price":126},{"type":"A","date":"2018-04-27T01:31:45.000Z","volume":1600,"label":" ","price":126},{"type":"A","date":"2018-04-27T01:31:45.000Z","volume":700,"label":" ","price":126},{"type":"U","date":"2018-04-27T01:31:46.000Z","volume":300,"label":"X","price":125.95},{"type":"A","date":"2018-04-27T01:31:47.000Z","volume":300,"label":" ","price":126},{"type":"A","date":"2018-04-27T01:31:48.000Z","volume":100,"label":" ","price":126},{"type":"B","date":"2018-04-27T01:31:49.000Z","volume":700,"label":" ","price":125.9},{"type":"B","date":"2018-04-27T01:31:50.000Z","volume":2300,"label":" ","price":125.9},{"type":"B","date":"2018-04-27T01:31:50.000Z","volume":100,"label":" ","price":125.9},{"type":"U","date":"2018-04-27T01:31:50.000Z","volume":1300,"label":" ","price":125.8},{"type":"A","date":"2018-04-27T01:31:50.000Z","volume":100,"label":" ","price":125.9},{"type":"B","date":"2018-04-27T01:31:50.000Z","volume":200,"label":" ","price":125.7},{"type":"B","date":"2018-04-27T01:31:51.000Z","volume":100,"label":"Y","price":125.7},{"type":"B","date":"2018-04-27T01:31:51.000Z","volume":400,"label":" ","price":125.7},{"type":"A","date":"2018-04-27T01:31:51.000Z","volume":100,"label":" ","price":125.9},{"type":"U","date":"2018-04-27T01:31:52.000Z","volume":300,"label":" ","price":125.8},{"type":"B","date":"2018-04-27T01:31:53.000Z","volume":100,"label":" ","price":125.7},{"type":"B","date":"2018-04-27T01:31:53.000Z","volume":200,"label":" ","price":125.7},{"type":"A","date":"2018-04-27T01:31:53.000Z","volume":300,"label":" ","price":125.8},{"type":"B","date":"2018-04-27T01:31:55.000Z","volume":100,"label":" ","price":125.7},{"type":"U","date":"2018-04-27T01:31:57.000Z","volume":100,"label":"X","price":125.75},{"type":"A","date":"2018-04-27T01:32:00.000Z","volume":100,"label":" ","price":125.8},{"type":"B","date":"2018-04-27T01:32:01.000Z","volume":100,"label":" ","price":125.7},{"type":"A","date":"2018-04-27T01:32:03.000Z","volume":200,"label":" ","price":125.8},{"type":"A","date":"2018-04-27T01:32:03.000Z","volume":100,"label":" ","price":125.8},{"type":"A","date":"2018-04-27T01:32:04.000Z","volume":100,"label":" ","price":125.9},{"type":"B","date":"2018-04-27T01:32:04.000Z","volume":100,"label":" ","price":125.8},{"type":"B","date":"2018-04-27T01:32:04.000Z","volume":700,"label":" ","price":125.8},{"type":"B","date":"2018-04-27T01:32:05.000Z","volume":200,"label":" ","price":125.8},{"type":"A","date":"2018-04-27T01:32:05.000Z","volume":1000,"label":" ","price":125.9},{"type":"A","date":"2018-04-27T01:32:05.000Z","volume":700,"label":" ","price":125.9},{"type":"B","date":"2018-04-27T01:32:06.000Z","volume":100,"label":" ","price":125.8},{"type":"A","date":"2018-04-27T01:32:06.000Z","volume":200,"label":" ","price":125.9},{"type":"A","date":"2018-04-27T01:32:06.000Z","volume":300,"label":" ","price":125.9},{"type":"B","date":"2018-04-27T01:32:07.000Z","volume":100,"label":" ","price":125.8},{"type":"B","date":"2018-04-27T01:32:07.000Z","volume":600,"label":" ","price":125.8},{"type":"A","date":"2018-04-27T01:32:07.000Z","volume":300,"label":" ","price":125.9},{"type":"A","date":"2018-04-27T01:32:08.000Z","volume":2000,"label":" ","price":125.9},{"type":"A","date":"2018-04-27T01:32:08.000Z","volume":100,"label":" ","price":125.9},{"type":"A","date":"2018-04-27T01:32:08.000Z","volume":100,"label":" ","price":125.9},{"type":"B","date":"2018-04-27T01:32:08.000Z","volume":100,"label":" ","price":125.9},{"type":"A","date":"2018-04-27T01:32:09.000Z","volume":500,"label":" ","price":126},{"type":"A","date":"2018-04-27T01:32:09.000Z","volume":800,"label":"Y","price":126},{"type":"A","date":"2018-04-27T01:32:09.000Z","volume":31400,"label":" ","price":126},{"type":"A","date":"2018-04-27T01:32:10.000Z","volume":300,"label":" ","price":126},{"type":"A","date":"2018-04-27T01:32:10.000Z","volume":6900,"label":" ","price":126},{"type":"A","date":"2018-04-27T01:32:10.000Z","volume":600,"label":" ","price":126},{"type":"A","date":"2018-04-27T01:32:11.000Z","volume":300,"label":"Y","price":126.1},{"type":"A","date":"2018-04-27T01:32:11.000Z","volume":500,"label":" ","price":126.1},{"type":"A","date":"2018-04-27T01:32:13.000Z","volume":6300,"label":" ","price":126.2},{"type":"A","date":"2018-04-27T01:32:13.000Z","volume":5300,"label":" ","price":126.2},{"type":"A","date":"2018-04-27T01:32:13.000Z","volume":200,"label":" ","price":126.3},{"type":"B","date":"2018-04-27T01:32:13.000Z","volume":100,"label":" ","price":126.3},{"type":"B","date":"2018-04-27T01:32:14.000Z","volume":100,"label":" ","price":126.3},{"type":"B","date":"2018-04-27T01:32:14.000Z","volume":300,"label":" ","price":126.2},{"type":"B","date":"2018-04-27T01:32:14.000Z","volume":600,"label":" ","price":126.1},{"type":"A","date":"2018-04-27T01:32:14.000Z","volume":500,"label":" ","price":126.4},{"type":"A","date":"2018-04-27T01:32:14.000Z","volume":100,"label":" ","price":126.4},{"type":"A","date":"2018-04-27T01:32:15.000Z","volume":100,"label":" ","price":126.4},{"type":"B","date":"2018-04-27T01:32:16.000Z","volume":500,"label":" ","price":126.1},{"type":"U","date":"2018-04-27T01:32:17.000Z","volume":500,"label":"X","price":126.4},{"type":"U","date":"2018-04-27T01:32:19.000Z","volume":100,"label":"X","price":126.4},{"type":"B","date":"2018-04-27T01:32:19.000Z","volume":500,"label":" ","price":126.3},{"type":"B","date":"2018-04-27T01:32:19.000Z","volume":3500,"label":" ","price":126.2},{"type":"U","date":"2018-04-27T01:32:21.000Z","volume":600,"label":"Y","price":126.3},{"type":"U","date":"2018-04-27T01:32:21.000Z","volume":5800,"label":" ","price":126.3},{"type":"B","date":"2018-04-27T01:32:22.000Z","volume":300,"label":" ","price":126.3},{"type":"U","date":"2018-04-27T01:32:23.000Z","volume":500,"label":" ","price":126.4},{"type":"B","date":"2018-04-27T01:32:23.000Z","volume":100,"label":"Y","price":126.3},{"type":"B","date":"2018-04-27T01:32:23.000Z","volume":700,"label":" ","price":126.3},{"type":"B","date":"2018-04-27T01:32:23.000Z","volume":100,"label":" ","price":126.2},{"type":"B","date":"2018-04-27T01:32:23.000Z","volume":400,"label":" ","price":126.2},{"type":"B","date":"2018-04-27T01:32:23.000Z","volume":1000,"label":" ","price":126.1},{"type":"A","date":"2018-04-27T01:32:24.000Z","volume":100,"label":"Y","price":126.5},{"type":"A","date":"2018-04-27T01:32:24.000Z","volume":4900,"label":" ","price":126.5},{"type":"U","date":"2018-04-27T01:32:24.000Z","volume":300,"label":" ","price":126.4},{"type":"B","date":"2018-04-27T01:32:25.000Z","volume":1300,"label":" ","price":126.1},{"type":"A","date":"2018-04-27T01:32:26.000Z","volume":100,"label":" ","price":126.4},{"type":"A","date":"2018-04-27T01:32:26.000Z","volume":600,"label":" ","price":126.4},{"type":"A","date":"2018-04-27T01:32:26.000Z","volume":100,"label":" ","price":126.4},{"type":"A","date":"2018-04-27T01:32:27.000Z","volume":200,"label":"Y","price":126.5},{"type":"A","date":"2018-04-27T01:32:27.000Z","volume":800,"label":" ","price":126.5},{"type":"B","date":"2018-04-27T01:32:27.000Z","volume":100,"label":" ","price":126.4},{"type":"B","date":"2018-04-27T01:32:28.000Z","volume":400,"label":" ","price":126.2},{"type":"U","date":"2018-04-27T01:32:29.000Z","volume":200,"label":" ","price":126.3},{"type":"B","date":"2018-04-27T01:32:29.000Z","volume":200,"label":" ","price":126.2},{"type":"A","date":"2018-04-27T01:32:32.000Z","volume":200,"label":" ","price":126.3},{"type":"A","date":"2018-04-27T01:32:32.000Z","volume":100,"label":" ","price":126.4},{"type":"A","date":"2018-04-27T01:32:32.000Z","volume":100,"label":" ","price":126.3},{"type":"B","date":"2018-04-27T01:32:33.000Z","volume":100,"label":" ","price":126.2},{"type":"B","date":"2018-04-27T01:32:33.000Z","volume":2600,"label":" ","price":126.2},{"type":"A","date":"2018-04-27T01:32:34.000Z","volume":1000,"label":" ","price":126.3},{"type":"A","date":"2018-04-27T01:32:34.000Z","volume":300,"label":" ","price":126.3},{"type":"B","date":"2018-04-27T01:32:35.000Z","volume":500,"label":"Y","price":126.1},{"type":"B","date":"2018-04-27T01:32:35.000Z","volume":400,"label":" ","price":126.1},{"type":"A","date":"2018-04-27T01:32:35.000Z","volume":100,"label":" ","price":126.2},{"type":"U","date":"2018-04-27T01:32:37.000Z","volume":100,"label":"X","price":126.2},{"type":"A","date":"2018-04-27T01:32:39.000Z","volume":100,"label":" ","price":126.3},{"type":"A","date":"2018-04-27T01:32:39.000Z","volume":200,"label":" ","price":126.2},{"type":"A","date":"2018-04-27T01:32:42.000Z","volume":400,"label":" ","price":126.2},{"type":"A","date":"2018-04-27T01:32:42.000Z","volume":200,"label":" ","price":126.2},{"type":"A","date":"2018-04-27T01:32:42.000Z","volume":500,"label":" ","price":126.2},{"type":"B","date":"2018-04-27T01:32:42.000Z","volume":100,"label":" ","price":126.2},{"type":"B","date":"2018-04-27T01:32:42.000Z","volume":100,"label":" ","price":126.2},{"type":"A","date":"2018-04-27T01:32:42.000Z","volume":100,"label":" ","price":126.2},{"type":"A","date":"2018-04-27T01:32:42.000Z","volume":300,"label":" ","price":126.2},{"type":"A","date":"2018-04-27T01:32:43.000Z","volume":100,"label":" ","price":126.2},{"type":"B","date":"2018-04-27T01:32:43.000Z","volume":400,"label":" ","price":126.1},{"type":"A","date":"2018-04-27T01:32:43.000Z","volume":800,"label":" ","price":126.2},{"type":"B","date":"2018-04-27T01:32:43.000Z","volume":100,"label":" ","price":126.1},{"type":"A","date":"2018-04-27T01:32:44.000Z","volume":300,"label":" ","price":126.2},{"type":"B","date":"2018-04-27T01:32:45.000Z","volume":200,"label":" ","price":126.1},{"type":"B","date":"2018-04-27T01:32:45.000Z","volume":200,"label":" ","price":126.1},{"type":"A","date":"2018-04-27T01:32:46.000Z","volume":100,"label":" ","price":126.2},{"type":"A","date":"2018-04-27T01:32:47.000Z","volume":1200,"label":" ","price":126.2},{"type":"B","date":"2018-04-27T01:32:48.000Z","volume":100,"label":" ","price":126.2},{"type":"A","date":"2018-04-27T01:32:48.000Z","volume":500,"label":" ","price":126.3},{"type":"A","date":"2018-04-27T01:32:49.000Z","volume":100,"label":"Y","price":126.3},{"type":"A","date":"2018-04-27T01:32:49.000Z","volume":400,"label":" ","price":126.3},{"type":"B","date":"2018-04-27T01:32:49.000Z","volume":200,"label":" ","price":126.2},{"type":"A","date":"2018-04-27T01:32:49.000Z","volume":200,"label":" ","price":126.3},{"type":"A","date":"2018-04-27T01:32:49.000Z","volume":200,"label":" ","price":126.3},{"type":"B","date":"2018-04-27T01:32:50.000Z","volume":5000,"label":" ","price":126.2},{"type":"B","date":"2018-04-27T01:32:50.000Z","volume":200,"label":" ","price":126.2},{"type":"A","date":"2018-04-27T01:32:51.000Z","volume":100,"label":" ","price":126.3},{"type":"B","date":"2018-04-27T01:32:51.000Z","volume":200,"label":"Y","price":126.2},{"type":"B","date":"2018-04-27T01:32:51.000Z","volume":1000,"label":" ","price":126.2},{"type":"B","date":"2018-04-27T01:32:52.000Z","volume":600,"label":" ","price":126.1},{"type":"B","date":"2018-04-27T01:32:53.000Z","volume":100,"label":" ","price":126.1},{"type":"U","date":"2018-04-27T01:32:53.000Z","volume":200,"label":" ","price":126.2},{"type":"B","date":"2018-04-27T01:32:53.000Z","volume":200,"label":" ","price":126.1},{"type":"A","date":"2018-04-27T01:32:54.000Z","volume":2100,"label":" ","price":126.2},{"type":"A","date":"2018-04-27T01:32:54.000Z","volume":100,"label":" ","price":126.2},{"type":"B","date":"2018-04-27T01:32:54.000Z","volume":100,"label":" ","price":126.1},{"type":"A","date":"2018-04-27T01:32:55.000Z","volume":2200,"label":" ","price":126.2},{"type":"B","date":"2018-04-27T01:32:55.000Z","volume":1000,"label":" ","price":126.1},{"type":"A","date":"2018-04-27T01:32:55.000Z","volume":700,"label":" ","price":126.1},{"type":"A","date":"2018-04-27T01:32:55.000Z","volume":100,"label":" ","price":126.1},{"type":"A","date":"2018-04-27T01:32:56.000Z","volume":100,"label":" ","price":126.1},{"type":"A","date":"2018-04-27T01:32:56.000Z","volume":100,"label":" ","price":126.1},{"type":"A","date":"2018-04-27T01:32:56.000Z","volume":300,"label":" ","price":126.1},{"type":"B","date":"2018-04-27T01:32:57.000Z","volume":300,"label":" ","price":126},{"type":"U","date":"2018-04-27T01:32:57.000Z","volume":100,"label":"X","price":126.05},{"type":"U","date":"2018-04-27T01:32:57.000Z","volume":100,"label":"X","price":126.05},{"type":"A","date":"2018-04-27T01:32:58.000Z","volume":100,"label":" ","price":126.1},{"type":"A","date":"2018-04-27T01:32:59.000Z","volume":100,"label":" ","price":126.1},{"type":"B","date":"2018-04-27T01:32:59.000Z","volume":100,"label":" ","price":126},{"type":"B","date":"2018-04-27T01:32:59.000Z","volume":24500,"label":" ","price":126},{"type":"B","date":"2018-04-27T01:32:59.000Z","volume":300,"label":" ","price":126},{"type":"B","date":"2018-04-27T01:32:59.000Z","volume":4000,"label":" ","price":126},{"type":"B","date":"2018-04-27T01:32:59.000Z","volume":300,"label":" ","price":126},{"type":"A","date":"2018-04-27T01:32:59.000Z","volume":500,"label":" ","price":126},{"type":"A","date":"2018-04-27T01:32:59.000Z","volume":100,"label":" ","price":126},{"type":"A","date":"2018-04-27T01:32:59.000Z","volume":500,"label":" ","price":126},{"type":"A","date":"2018-04-27T01:33:01.000Z","volume":1400,"label":" ","price":126.1},{"type":"B","date":"2018-04-27T01:33:01.000Z","volume":300,"label":"Y","price":126},{"type":"B","date":"2018-04-27T01:33:01.000Z","volume":1400,"label":" ","price":126},{"type":"B","date":"2018-04-27T01:33:01.000Z","volume":300,"label":" ","price":125.9},{"type":"U","date":"2018-04-27T01:33:03.000Z","volume":300,"label":"X","price":125.95},{"type":"B","date":"2018-04-27T01:33:03.000Z","volume":300,"label":" ","price":125.9},{"type":"B","date":"2018-04-27T01:33:03.000Z","volume":200,"label":"Y","price":125.8},{"type":"B","date":"2018-04-27T01:33:03.000Z","volume":600,"label":" ","price":125.8},{"type":"A","date":"2018-04-27T01:33:03.000Z","volume":600,"label":" ","price":126},{"type":"A","date":"2018-04-27T01:33:05.000Z","volume":100,"label":"Y","price":126},{"type":"A","date":"2018-04-27T01:33:05.000Z","volume":100,"label":" ","price":126},{"type":"B","date":"2018-04-27T01:33:05.000Z","volume":100,"label":" ","price":125.8},{"type":"A","date":"2018-04-27T01:33:06.000Z","volume":300,"label":" ","price":126},{"type":"A","date":"2018-04-27T01:33:06.000Z","volume":600,"label":" ","price":126},{"type":"A","date":"2018-04-27T01:33:07.000Z","volume":100,"label":" ","price":126},{"type":"A","date":"2018-04-27T01:33:07.000Z","volume":100,"label":" ","price":126},{"type":"A","date":"2018-04-27T01:33:07.000Z","volume":900,"label":" ","price":126.1},{"type":"B","date":"2018-04-27T01:33:07.000Z","volume":700,"label":"Y","price":125.7},{"type":"B","date":"2018-04-27T01:33:07.000Z","volume":2900,"label":" ","price":125.7},{"type":"B","date":"2018-04-27T01:33:09.000Z","volume":100,"label":"Y","price":125.9},{"type":"B","date":"2018-04-27T01:33:09.000Z","volume":500,"label":" ","price":125.9},{"type":"A","date":"2018-04-27T01:33:11.000Z","volume":300,"label":" ","price":126},{"type":"B","date":"2018-04-27T01:33:11.000Z","volume":300,"label":" ","price":125.8},{"type":"A","date":"2018-04-27T01:33:12.000Z","volume":600,"label":" ","price":126},{"type":"A","date":"2018-04-27T01:33:13.000Z","volume":400,"label":" ","price":126},{"type":"B","date":"2018-04-27T01:33:13.000Z","volume":100,"label":" ","price":125.9},{"type":"B","date":"2018-04-27T01:33:13.000Z","volume":200,"label":" ","price":125.8},{"type":"B","date":"2018-04-27T01:33:13.000Z","volume":600,"label":" ","price":125.8},{"type":"B","date":"2018-04-27T01:33:15.000Z","volume":100,"label":" ","price":125.9},{"type":"B","date":"2018-04-27T01:33:15.000Z","volume":100,"label":" ","price":125.9},{"type":"B","date":"2018-04-27T01:33:17.000Z","volume":100,"label":" ","price":125.8},{"type":"B","date":"2018-04-27T01:33:17.000Z","volume":100,"label":" ","price":125.8},{"type":"B","date":"2018-04-27T01:33:17.000Z","volume":100,"label":" ","price":125.8},{"type":"A","date":"2018-04-27T01:33:17.000Z","volume":1000,"label":" ","price":126},{"type":"B","date":"2018-04-27T01:33:17.000Z","volume":100,"label":" ","price":125.8},{"type":"U","date":"2018-04-27T01:33:18.000Z","volume":900,"label":" ","price":125.9},{"type":"A","date":"2018-04-27T01:33:19.000Z","volume":300,"label":" ","price":125.9},{"type":"B","date":"2018-04-27T01:33:19.000Z","volume":300,"label":"Y","price":125.7},{"type":"B","date":"2018-04-27T01:33:19.000Z","volume":200,"label":" ","price":125.7},{"type":"A","date":"2018-04-27T01:33:20.000Z","volume":400,"label":" ","price":125.9},{"type":"A","date":"2018-04-27T01:33:20.000Z","volume":200,"label":" ","price":125.9},{"type":"A","date":"2018-04-27T01:33:21.000Z","volume":200,"label":" ","price":125.9},{"type":"B","date":"2018-04-27T01:33:21.000Z","volume":200,"label":" ","price":125.8},{"type":"A","date":"2018-04-27T01:33:22.000Z","volume":100,"label":" ","price":125.9},{"type":"A","date":"2018-04-27T01:33:22.000Z","volume":200,"label":" ","price":125.9},{"type":"A","date":"2018-04-27T01:33:22.000Z","volume":400,"label":" ","price":125.9},{"type":"A","date":"2018-04-27T01:33:22.000Z","volume":100,"label":" ","price":125.9},{"type":"A","date":"2018-04-27T01:33:23.000Z","volume":100,"label":" ","price":125.9},{"type":"B","date":"2018-04-27T01:33:23.000Z","volume":100,"label":" ","price":125.8},{"type":"B","date":"2018-04-27T01:33:23.000Z","volume":1600,"label":" ","price":125.8},{"type":"B","date":"2018-04-27T01:33:23.000Z","volume":1000,"label":" ","price":125.8},{"type":"B","date":"2018-04-27T01:33:24.000Z","volume":1000,"label":" ","price":125.8},{"type":"B","date":"2018-04-27T01:33:24.000Z","volume":500,"label":" ","price":125.7},{"type":"A","date":"2018-04-27T01:33:24.000Z","volume":200,"label":" ","price":125.7},{"type":"A","date":"2018-04-27T01:33:24.000Z","volume":200,"label":" ","price":125.7},{"type":"B","date":"2018-04-27T01:33:25.000Z","volume":1000,"label":" ","price":125.6},{"type":"A","date":"2018-04-27T01:33:27.000Z","volume":300,"label":" ","price":125.7},{"type":"A","date":"2018-04-27T01:33:27.000Z","volume":200,"label":" ","price":125.7},{"type":"A","date":"2018-04-27T01:33:28.000Z","volume":100,"label":" ","price":125.7},{"type":"A","date":"2018-04-27T01:33:28.000Z","volume":100,"label":" ","price":125.7},{"type":"B","date":"2018-04-27T01:33:29.000Z","volume":100,"label":" ","price":125.6},{"type":"B","date":"2018-04-27T01:33:30.000Z","volume":5000,"label":" ","price":125.6},{"type":"U","date":"2018-04-27T01:33:30.000Z","volume":300,"label":"X","price":125.65},{"type":"B","date":"2018-04-27T01:33:31.000Z","volume":400,"label":"Y","price":125.6},{"type":"B","date":"2018-04-27T01:33:31.000Z","volume":700,"label":" ","price":125.6},{"type":"B","date":"2018-04-27T01:33:31.000Z","volume":200,"label":"Y","price":125.6},{"type":"B","date":"2018-04-27T01:33:31.000Z","volume":800,"label":" ","price":125.6},{"type":"B","date":"2018-04-27T01:33:32.000Z","volume":100,"label":" ","price":125.6},{"type":"B","date":"2018-04-27T01:33:33.000Z","volume":300,"label":" ","price":125.6},{"type":"B","date":"2018-04-27T01:33:33.000Z","volume":100,"label":" ","price":125.6},{"type":"A","date":"2018-04-27T01:33:34.000Z","volume":100,"label":" ","price":125.7},{"type":"A","date":"2018-04-27T01:33:35.000Z","volume":300,"label":" ","price":125.7},{"type":"A","date":"2018-04-27T01:33:36.000Z","volume":100,"label":" ","price":125.7},{"type":"B","date":"2018-04-27T01:33:37.000Z","volume":100,"label":" ","price":125.6},{"type":"A","date":"2018-04-27T01:33:37.000Z","volume":200,"label":" ","price":125.7},{"type":"B","date":"2018-04-27T01:33:38.000Z","volume":2000,"label":" ","price":125.6},{"type":"B","date":"2018-04-27T01:33:38.000Z","volume":300,"label":" ","price":125.6},{"type":"B","date":"2018-04-27T01:33:38.000Z","volume":400,"label":" ","price":125.6},{"type":"A","date":"2018-04-27T01:33:38.000Z","volume":100,"label":" ","price":125.6},{"type":"B","date":"2018-04-27T01:33:39.000Z","volume":700,"label":" ","price":125.5},{"type":"B","date":"2018-04-27T01:33:40.000Z","volume":100,"label":" ","price":125.5},{"type":"A","date":"2018-04-27T01:33:40.000Z","volume":100,"label":" ","price":125.6},{"type":"A","date":"2018-04-27T01:33:40.000Z","volume":900,"label":" ","price":125.7},{"type":"B","date":"2018-04-27T01:33:40.000Z","volume":1400,"label":" ","price":125.5},{"type":"B","date":"2018-04-27T01:33:41.000Z","volume":500,"label":"Y","price":125.6},{"type":"U","date":"2018-04-27T01:33:41.000Z","volume":600,"label":"X","price":125.65},{"type":"A","date":"2018-04-27T01:33:43.000Z","volume":300,"label":" ","price":125.7},{"type":"B","date":"2018-04-27T01:33:43.000Z","volume":100,"label":"Y","price":125.6},{"type":"A","date":"2018-04-27T01:33:43.000Z","volume":200,"label":" ","price":125.7},{"type":"B","date":"2018-04-27T01:33:43.000Z","volume":200,"label":" ","price":125.6},{"type":"B","date":"2018-04-27T01:33:45.000Z","volume":100,"label":" ","price":125.6},{"type":"B","date":"2018-04-27T01:33:45.000Z","volume":800,"label":" ","price":125.6},{"type":"B","date":"2018-04-27T01:33:45.000Z","volume":700,"label":" ","price":125.6},{"type":"B","date":"2018-04-27T01:33:45.000Z","volume":200,"label":" ","price":125.6},{"type":"B","date":"2018-04-27T01:33:45.000Z","volume":3100,"label":" ","price":125.6},{"type":"B","date":"2018-04-27T01:33:46.000Z","volume":5000,"label":" ","price":125.5},{"type":"A","date":"2018-04-27T01:33:47.000Z","volume":1100,"label":" ","price":125.6},{"type":"B","date":"2018-04-27T01:33:47.000Z","volume":500,"label":"Y","price":125.5},{"type":"B","date":"2018-04-27T01:33:47.000Z","volume":1900,"label":" ","price":125.5},{"type":"A","date":"2018-04-27T01:33:48.000Z","volume":500,"label":" ","price":125.6},{"type":"A","date":"2018-04-27T01:33:48.000Z","volume":100,"label":" ","price":125.6},{"type":"A","date":"2018-04-27T01:33:48.000Z","volume":5800,"label":" ","price":125.6},{"type":"B","date":"2018-04-27T01:33:49.000Z","volume":500,"label":" ","price":125.6},{"type":"A","date":"2018-04-27T01:33:49.000Z","volume":1100,"label":" ","price":125.7},{"type":"B","date":"2018-04-27T01:33:50.000Z","volume":300,"label":" ","price":125.6},{"type":"A","date":"2018-04-27T01:33:50.000Z","volume":10500,"label":" ","price":125.7},{"type":"A","date":"2018-04-27T01:33:50.000Z","volume":900,"label":" ","price":125.8},{"type":"A","date":"2018-04-27T01:33:50.000Z","volume":1300,"label":" ","price":125.7},{"type":"A","date":"2018-04-27T01:33:50.000Z","volume":7700,"label":" ","price":125.9},{"type":"A","date":"2018-04-27T01:33:50.000Z","volume":3600,"label":" ","price":126},{"type":"A","date":"2018-04-27T01:33:50.000Z","volume":100,"label":" ","price":125.9},{"type":"A","date":"2018-04-27T01:33:50.000Z","volume":200,"label":" ","price":125.9},{"type":"A","date":"2018-04-27T01:33:50.000Z","volume":600,"label":" ","price":125.9},{"type":"A","date":"2018-04-27T01:33:50.000Z","volume":4000,"label":" ","price":126},{"type":"A","date":"2018-04-27T01:33:50.000Z","volume":600,"label":" ","price":126},{"type":"A","date":"2018-04-27T01:33:51.000Z","volume":100,"label":" ","price":126},{"type":"B","date":"2018-04-27T01:33:51.000Z","volume":1200,"label":" ","price":125.7},{"type":"U","date":"2018-04-27T01:33:53.000Z","volume":200,"label":"X","price":125.95},{"type":"A","date":"2018-04-27T01:33:53.000Z","volume":100,"label":" ","price":126},{"type":"A","date":"2018-04-27T01:33:53.000Z","volume":100,"label":" ","price":126},{"type":"A","date":"2018-04-27T01:33:55.000Z","volume":400,"label":"Y","price":126.1},{"type":"A","date":"2018-04-27T01:33:55.000Z","volume":1900,"label":" ","price":126.1},{"type":"A","date":"2018-04-27T01:33:55.000Z","volume":200,"label":" ","price":126.1},{"type":"B","date":"2018-04-27T01:33:55.000Z","volume":500,"label":" ","price":126},{"type":"B","date":"2018-04-27T01:33:55.000Z","volume":200,"label":" ","price":126},{"type":"B","date":"2018-04-27T01:33:56.000Z","volume":100,"label":"Y","price":126.1},{"type":"B","date":"2018-04-27T01:33:56.000Z","volume":1200,"label":" ","price":126.1},{"type":"B","date":"2018-04-27T01:33:56.000Z","volume":3700,"label":" ","price":126},{"type":"B","date":"2018-04-27T01:33:57.000Z","volume":1100,"label":"Y","price":126.1},{"type":"B","date":"2018-04-27T01:33:57.000Z","volume":4000,"label":" ","price":126.1},{"type":"B","date":"2018-04-27T01:33:58.000Z","volume":1000,"label":" ","price":126},{"type":"B","date":"2018-04-27T01:33:59.000Z","volume":1100,"label":" ","price":126.1},{"type":"U","date":"2018-04-27T01:34:00.000Z","volume":100,"label":"X","price":126.15},{"type":"B","date":"2018-04-27T01:34:00.000Z","volume":600,"label":" ","price":126.1},{"type":"B","date":"2018-04-27T01:34:00.000Z","volume":100,"label":" ","price":126.1},{"type":"U","date":"2018-04-27T01:34:00.000Z","volume":300,"label":"X","price":126.15},{"type":"B","date":"2018-04-27T01:34:00.000Z","volume":6800,"label":" ","price":126.1},{"type":"A","date":"2018-04-27T01:34:00.000Z","volume":100,"label":" ","price":126.2},{"type":"B","date":"2018-04-27T01:34:01.000Z","volume":300,"label":"Y","price":126},{"type":"B","date":"2018-04-27T01:34:01.000Z","volume":1400,"label":" ","price":126},{"type":"U","date":"2018-04-27T01:34:01.000Z","volume":300,"label":"X","price":126},{"type":"B","date":"2018-04-27T01:34:03.000Z","volume":200,"label":" ","price":126},{"type":"A","date":"2018-04-27T01:34:04.000Z","volume":700,"label":" ","price":126},{"type":"A","date":"2018-04-27T01:34:04.000Z","volume":100,"label":" ","price":126},{"type":"A","date":"2018-04-27T01:34:05.000Z","volume":300,"label":" ","price":126},{"type":"B","date":"2018-04-27T01:34:05.000Z","volume":300,"label":" ","price":125.9},{"type":"A","date":"2018-04-27T01:34:07.000Z","volume":800,"label":" ","price":126},{"type":"A","date":"2018-04-27T01:34:07.000Z","volume":300,"label":" ","price":126},{"type":"A","date":"2018-04-27T01:34:07.000Z","volume":100,"label":" ","price":126},{"type":"A","date":"2018-04-27T01:34:07.000Z","volume":100,"label":" ","price":126},{"type":"B","date":"2018-04-27T01:34:07.000Z","volume":100,"label":" ","price":126},{"type":"A","date":"2018-04-27T01:34:09.000Z","volume":200,"label":" ","price":126.1},{"type":"B","date":"2018-04-27T01:34:09.000Z","volume":100,"label":" ","price":125.9},{"type":"B","date":"2018-04-27T01:34:12.000Z","volume":500,"label":" ","price":126},{"type":"A","date":"2018-04-27T01:34:13.000Z","volume":100,"label":" ","price":126.1},{"type":"B","date":"2018-04-27T01:34:13.000Z","volume":100,"label":" ","price":126},{"type":"B","date":"2018-04-27T01:34:15.000Z","volume":1400,"label":" ","price":126},{"type":"B","date":"2018-04-27T01:34:15.000Z","volume":3200,"label":" ","price":126},{"type":"B","date":"2018-04-27T01:34:15.000Z","volume":300,"label":" ","price":125.8},{"type":"B","date":"2018-04-27T01:34:17.000Z","volume":200,"label":" ","price":125.6},{"type":"B","date":"2018-04-27T01:34:19.000Z","volume":900,"label":" ","price":125.5},{"type":"B","date":"2018-04-27T01:34:19.000Z","volume":400,"label":" ","price":125.6},{"type":"U","date":"2018-04-27T01:34:20.000Z","volume":200,"label":" ","price":125.7},{"type":"A","date":"2018-04-27T01:34:21.000Z","volume":200,"label":" ","price":125.7},{"type":"B","date":"2018-04-27T01:34:21.000Z","volume":200,"label":" ","price":125.6},{"type":"U","date":"2018-04-27T01:34:21.000Z","volume":100,"label":"X","price":125.65},{"type":"U","date":"2018-04-27T01:34:21.000Z","volume":200,"label":"X","price":125.65},{"type":"A","date":"2018-04-27T01:34:23.000Z","volume":600,"label":" ","price":125.7},{"type":"B","date":"2018-04-27T01:34:23.000Z","volume":700,"label":" ","price":125.6},{"type":"B","date":"2018-04-27T01:34:23.000Z","volume":100,"label":" ","price":125.6},{"type":"B","date":"2018-04-27T01:34:23.000Z","volume":300,"label":" ","price":125.5},{"type":"A","date":"2018-04-27T01:34:25.000Z","volume":200,"label":" ","price":125.7},{"type":"B","date":"2018-04-27T01:34:25.000Z","volume":200,"label":" ","price":125.6},{"type":"A","date":"2018-04-27T01:34:27.000Z","volume":300,"label":" ","price":125.7},{"type":"B","date":"2018-04-27T01:34:27.000Z","volume":100,"label":" ","price":125.5},{"type":"B","date":"2018-04-27T01:34:27.000Z","volume":7300,"label":" ","price":125.5},{"type":"A","date":"2018-04-27T01:34:29.000Z","volume":200,"label":" ","price":125.5},{"type":"B","date":"2018-04-27T01:34:29.000Z","volume":300,"label":"Y","price":125.4},{"type":"B","date":"2018-04-27T01:34:29.000Z","volume":1200,"label":" ","price":125.4},{"type":"A","date":"2018-04-27T01:34:30.000Z","volume":500,"label":" ","price":125.5},{"type":"A","date":"2018-04-27T01:34:30.000Z","volume":100,"label":" ","price":125.5},{"type":"B","date":"2018-04-27T01:34:31.000Z","volume":100,"label":" ","price":125.2},{"type":"B","date":"2018-04-27T01:34:33.000Z","volume":100,"label":"Y","price":125.3},{"type":"B","date":"2018-04-27T01:34:33.000Z","volume":100,"label":" ","price":125.3},{"type":"B","date":"2018-04-27T01:34:33.000Z","volume":200,"label":" ","price":125.3},{"type":"B","date":"2018-04-27T01:34:33.000Z","volume":100,"label":" ","price":125.1},{"type":"U","date":"2018-04-27T01:34:33.000Z","volume":100,"label":"X","price":125.2},{"type":"B","date":"2018-04-27T01:34:35.000Z","volume":100,"label":" ","price":125.2},{"type":"A","date":"2018-04-27T01:34:35.000Z","volume":700,"label":"Y","price":125.3},{"type":"A","date":"2018-04-27T01:34:35.000Z","volume":500,"label":" ","price":125.3},{"type":"A","date":"2018-04-27T01:34:35.000Z","volume":500,"label":" ","price":125.3},{"type":"A","date":"2018-04-27T01:34:35.000Z","volume":200,"label":" ","price":125.3},{"type":"A","date":"2018-04-27T01:34:35.000Z","volume":1200,"label":" ","price":125.5},{"type":"B","date":"2018-04-27T01:34:36.000Z","volume":300,"label":" ","price":125.2},{"type":"A","date":"2018-04-27T01:34:37.000Z","volume":100,"label":" ","price":125.3},{"type":"B","date":"2018-04-27T01:34:37.000Z","volume":500,"label":" ","price":125.2},{"type":"A","date":"2018-04-27T01:34:38.000Z","volume":100,"label":" ","price":125.3},{"type":"A","date":"2018-04-27T01:34:38.000Z","volume":200,"label":" ","price":125.4},{"type":"A","date":"2018-04-27T01:34:38.000Z","volume":100,"label":" ","price":125.4},{"type":"A","date":"2018-04-27T01:34:38.000Z","volume":1000,"label":" ","price":125.5},{"type":"A","date":"2018-04-27T01:34:39.000Z","volume":1200,"label":" ","price":125.5},{"type":"B","date":"2018-04-27T01:34:39.000Z","volume":500,"label":" ","price":125.4},{"type":"B","date":"2018-04-27T01:34:39.000Z","volume":1000,"label":" ","price":125.2},{"type":"B","date":"2018-04-27T01:34:39.000Z","volume":500,"label":" ","price":125.2},{"type":"B","date":"2018-04-27T01:34:39.000Z","volume":500,"label":" ","price":125.2},{"type":"A","date":"2018-04-27T01:34:41.000Z","volume":100,"label":" ","price":125.2},{"type":"B","date":"2018-04-27T01:34:41.000Z","volume":200,"label":"Y","price":125.1},{"type":"B","date":"2018-04-27T01:34:41.000Z","volume":300,"label":" ","price":125.1},{"type":"A","date":"2018-04-27T01:34:41.000Z","volume":500,"label":" ","price":125.2},{"type":"B","date":"2018-04-27T01:34:41.000Z","volume":500,"label":" ","price":125.1},{"type":"B","date":"2018-04-27T01:34:41.000Z","volume":100,"label":" ","price":125.1},{"type":"A","date":"2018-04-27T01:34:42.000Z","volume":3500,"label":" ","price":125.2},{"type":"A","date":"2018-04-27T01:34:43.000Z","volume":100,"label":" ","price":125.2},{"type":"B","date":"2018-04-27T01:34:43.000Z","volume":100,"label":" ","price":125},{"type":"A","date":"2018-04-27T01:34:46.000Z","volume":500,"label":" ","price":125.2},{"type":"A","date":"2018-04-27T01:34:47.000Z","volume":800,"label":" ","price":125.2},{"type":"A","date":"2018-04-27T01:34:47.000Z","volume":100,"label":" ","price":125.3},{"type":"A","date":"2018-04-27T01:34:47.000Z","volume":100,"label":" ","price":125.2},{"type":"B","date":"2018-04-27T01:34:47.000Z","volume":100,"label":"Y","price":125.1},{"type":"B","date":"2018-04-27T01:34:47.000Z","volume":100,"label":" ","price":125.1},{"type":"A","date":"2018-04-27T01:34:48.000Z","volume":200,"label":" ","price":125.4},{"type":"A","date":"2018-04-27T01:34:48.000Z","volume":800,"label":" ","price":125.5},{"type":"A","date":"2018-04-27T01:34:49.000Z","volume":100,"label":" ","price":125.4},{"type":"A","date":"2018-04-27T01:34:49.000Z","volume":100,"label":" ","price":125.4},{"type":"B","date":"2018-04-27T01:34:49.000Z","volume":200,"label":" ","price":125.2},{"type":"A","date":"2018-04-27T01:34:50.000Z","volume":100,"label":" ","price":125.4},{"type":"A","date":"2018-04-27T01:34:50.000Z","volume":100,"label":" ","price":125.4},{"type":"A","date":"2018-04-27T01:34:50.000Z","volume":100,"label":" ","price":125.4},{"type":"A","date":"2018-04-27T01:34:50.000Z","volume":100,"label":" ","price":125.4},{"type":"A","date":"2018-04-27T01:34:51.000Z","volume":600,"label":" ","price":125.5},{"type":"B","date":"2018-04-27T01:34:51.000Z","volume":100,"label":" ","price":125.4},{"type":"B","date":"2018-04-27T01:34:53.000Z","volume":200,"label":" ","price":125.3},{"type":"A","date":"2018-04-27T01:34:53.000Z","volume":200,"label":" ","price":125.4},{"type":"U","date":"2018-04-27T01:34:54.000Z","volume":200,"label":"X","price":125.35},{"type":"A","date":"2018-04-27T01:34:54.000Z","volume":300,"label":" ","price":125.4},{"type":"A","date":"2018-04-27T01:34:55.000Z","volume":100,"label":"Y","price":125.4},{"type":"A","date":"2018-04-27T01:34:55.000Z","volume":100,"label":" ","price":125.4},{"type":"A","date":"2018-04-27T01:34:55.000Z","volume":700,"label":" ","price":125.4},{"type":"A","date":"2018-04-27T01:34:55.000Z","volume":300,"label":" ","price":125.5},{"type":"U","date":"2018-04-27T01:34:55.000Z","volume":300,"label":"X","price":125.4},{"type":"U","date":"2018-04-27T01:34:55.000Z","volume":100,"label":"X","price":125.4},{"type":"A","date":"2018-04-27T01:34:57.000Z","volume":200,"label":" ","price":125.5},{"type":"B","date":"2018-04-27T01:34:57.000Z","volume":300,"label":" ","price":125.4},{"type":"B","date":"2018-04-27T01:34:57.000Z","volume":200,"label":" ","price":125.4},{"type":"B","date":"2018-04-27T01:34:57.000Z","volume":300,"label":" ","price":125.4},{"type":"B","date":"2018-04-27T01:34:58.000Z","volume":500,"label":" ","price":125.4},{"type":"A","date":"2018-04-27T01:34:58.000Z","volume":400,"label":" ","price":125.5},{"type":"B","date":"2018-04-27T01:34:59.000Z","volume":300,"label":" ","price":125.4},{"type":"A","date":"2018-04-27T01:34:59.000Z","volume":100,"label":" ","price":125.5},{"type":"A","date":"2018-04-27T01:34:59.000Z","volume":200,"label":" ","price":125.5},{"type":"A","date":"2018-04-27T01:35:00.000Z","volume":200,"label":" ","price":125.5},{"type":"A","date":"2018-04-27T01:35:01.000Z","volume":200,"label":" ","price":125.5},{"type":"B","date":"2018-04-27T01:35:01.000Z","volume":100,"label":" ","price":125.4},{"type":"A","date":"2018-04-27T01:35:01.000Z","volume":100,"label":" ","price":125.5},{"type":"A","date":"2018-04-27T01:35:01.000Z","volume":400,"label":" ","price":125.5},{"type":"B","date":"2018-04-27T01:35:02.000Z","volume":100,"label":" ","price":125.4},{"type":"A","date":"2018-04-27T01:35:02.000Z","volume":100,"label":" ","price":125.5},{"type":"B","date":"2018-04-27T01:35:03.000Z","volume":1000,"label":" ","price":125.4},{"type":"B","date":"2018-04-27T01:35:03.000Z","volume":400,"label":" ","price":125.4},{"type":"B","date":"2018-04-27T01:35:04.000Z","volume":100,"label":" ","price":125.4},{"type":"A","date":"2018-04-27T01:35:05.000Z","volume":400,"label":" ","price":125.5},{"type":"B","date":"2018-04-27T01:35:05.000Z","volume":100,"label":" ","price":125.4},{"type":"A","date":"2018-04-27T01:35:05.000Z","volume":300,"label":" ","price":125.5},{"type":"B","date":"2018-04-27T01:35:06.000Z","volume":100,"label":" ","price":125.4},{"type":"B","date":"2018-04-27T01:35:06.000Z","volume":500,"label":" ","price":125.4},{"type":"A","date":"2018-04-27T01:35:07.000Z","volume":100,"label":" ","price":125.5},{"type":"B","date":"2018-04-27T01:35:07.000Z","volume":200,"label":"Y","price":125.4},{"type":"A","date":"2018-04-27T01:35:07.000Z","volume":200,"label":" ","price":125.5},{"type":"B","date":"2018-04-27T01:35:09.000Z","volume":100,"label":"Y","price":125.4},{"type":"B","date":"2018-04-27T01:35:10.000Z","volume":1000,"label":" ","price":125.4},{"type":"B","date":"2018-04-27T01:35:11.000Z","volume":200,"label":" ","price":125.4},{"type":"B","date":"2018-04-27T01:35:11.000Z","volume":100,"label":" ","price":125.4},{"type":"U","date":"2018-04-27T01:35:11.000Z","volume":1000,"label":"X","price":125.45},{"type":"A","date":"2018-04-27T01:35:13.000Z","volume":300,"label":" ","price":125.5},{"type":"B","date":"2018-04-27T01:35:14.000Z","volume":100,"label":" ","price":125.4},{"type":"B","date":"2018-04-27T01:35:15.000Z","volume":100,"label":" ","price":125.4},{"type":"B","date":"2018-04-27T01:35:15.000Z","volume":500,"label":" ","price":125.4},{"type":"U","date":"2018-04-27T01:35:15.000Z","volume":100,"label":"X","price":125.45},{"type":"B","date":"2018-04-27T01:35:17.000Z","volume":100,"label":" ","price":125.4},{"type":"A","date":"2018-04-27T01:35:19.000Z","volume":100,"label":" ","price":125.5},{"type":"B","date":"2018-04-27T01:35:19.000Z","volume":200,"label":" ","price":125.4},{"type":"A","date":"2018-04-27T01:35:19.000Z","volume":1000,"label":" ","price":125.5},{"type":"B","date":"2018-04-27T01:35:21.000Z","volume":300,"label":" ","price":125.4},{"type":"A","date":"2018-04-27T01:35:22.000Z","volume":200,"label":" ","price":125.5},{"type":"B","date":"2018-04-27T01:35:25.000Z","volume":2000,"label":"Y","price":125.4},{"type":"B","date":"2018-04-27T01:35:25.000Z","volume":4600,"label":" ","price":125.4},{"type":"B","date":"2018-04-27T01:35:26.000Z","volume":200,"label":" ","price":125.2},{"type":"B","date":"2018-04-27T01:35:27.000Z","volume":100,"label":"Y","price":125.3},{"type":"B","date":"2018-04-27T01:35:27.000Z","volume":1400,"label":" ","price":125.3},{"type":"A","date":"2018-04-27T01:35:27.000Z","volume":200,"label":" ","price":125.4},{"type":"B","date":"2018-04-27T01:35:29.000Z","volume":100,"label":"Y","price":125.3},{"type":"A","date":"2018-04-27T01:35:29.000Z","volume":200,"label":" ","price":125.4},{"type":"B","date":"2018-04-27T01:35:33.000Z","volume":200,"label":" ","price":125.3},{"type":"U","date":"2018-04-27T01:35:33.000Z","volume":100,"label":"X","price":125.35},{"type":"U","date":"2018-04-27T01:35:33.000Z","volume":100,"label":"X","price":125.35},{"type":"B","date":"2018-04-27T01:35:35.000Z","volume":100,"label":" ","price":125.3},{"type":"A","date":"2018-04-27T01:35:35.000Z","volume":400,"label":" ","price":125.4},{"type":"A","date":"2018-04-27T01:35:35.000Z","volume":4500,"label":" ","price":125.4},{"type":"U","date":"2018-04-27T01:35:35.000Z","volume":100,"label":"X","price":125.35},{"type":"A","date":"2018-04-27T01:35:35.000Z","volume":100,"label":" ","price":125.4},{"type":"A","date":"2018-04-27T01:35:36.000Z","volume":1600,"label":" ","price":125.4},{"type":"A","date":"2018-04-27T01:35:36.000Z","volume":3400,"label":" ","price":125.5},{"type":"A","date":"2018-04-27T01:35:36.000Z","volume":13700,"label":" ","price":125.5},{"type":"A","date":"2018-04-27T01:35:36.000Z","volume":1700,"label":" ","price":125.5},{"type":"A","date":"2018-04-27T01:35:37.000Z","volume":200,"label":"Y","price":125.6},{"type":"A","date":"2018-04-27T01:35:37.000Z","volume":700,"label":" ","price":125.6},{"type":"A","date":"2018-04-27T01:35:37.000Z","volume":100,"label":" ","price":125.6},{"type":"A","date":"2018-04-27T01:35:37.000Z","volume":200,"label":" ","price":125.9},{"type":"A","date":"2018-04-27T01:35:38.000Z","volume":600,"label":" ","price":125.9},{"type":"A","date":"2018-04-27T01:35:38.000Z","volume":100,"label":" ","price":125.9},{"type":"A","date":"2018-04-27T01:35:38.000Z","volume":700,"label":" ","price":126},{"type":"A","date":"2018-04-27T01:35:39.000Z","volume":100,"label":" ","price":125.9},{"type":"U","date":"2018-04-27T01:35:39.000Z","volume":100,"label":" ","price":125.8},{"type":"B","date":"2018-04-27T01:35:39.000Z","volume":300,"label":" ","price":125.8},{"type":"A","date":"2018-04-27T01:35:39.000Z","volume":100,"label":" ","price":125.9},{"type":"A","date":"2018-04-27T01:35:39.000Z","volume":200,"label":" ","price":125.9},{"type":"A","date":"2018-04-27T01:35:40.000Z","volume":2600,"label":" ","price":126},{"type":"A","date":"2018-04-27T01:35:40.000Z","volume":3300,"label":" ","price":126},{"type":"A","date":"2018-04-27T01:35:41.000Z","volume":7300,"label":" ","price":126},{"type":"B","date":"2018-04-27T01:35:41.000Z","volume":500,"label":"Y","price":125.9},{"type":"B","date":"2018-04-27T01:35:41.000Z","volume":2000,"label":" ","price":125.9},{"type":"B","date":"2018-04-27T01:35:42.000Z","volume":500,"label":" ","price":125.9},{"type":"A","date":"2018-04-27T01:35:43.000Z","volume":100,"label":" ","price":126},{"type":"A","date":"2018-04-27T01:35:43.000Z","volume":17000,"label":" ","price":126},{"type":"A","date":"2018-04-27T01:35:43.000Z","volume":12300,"label":" ","price":126},{"type":"A","date":"2018-04-27T01:35:43.000Z","volume":3100,"label":" ","price":126},{"type":"U","date":"2018-04-27T01:35:43.000Z","volume":600,"label":"X","price":125.95},{"type":"A","date":"2018-04-27T01:35:43.000Z","volume":2600,"label":" ","price":126},{"type":"B","date":"2018-04-27T01:35:43.000Z","volume":300,"label":" ","price":125.9},{"type":"A","date":"2018-04-27T01:35:43.000Z","volume":100,"label":" ","price":126.1},{"type":"A","date":"2018-04-27T01:35:44.000Z","volume":2200,"label":" ","price":126.2},{"type":"A","date":"2018-04-27T01:35:45.000Z","volume":1900,"label":" ","price":126.3},{"type":"A","date":"2018-04-27T01:35:45.000Z","volume":100,"label":"Y","price":126.3},{"type":"A","date":"2018-04-27T01:35:45.000Z","volume":9400,"label":" ","price":126.4},{"type":"A","date":"2018-04-27T01:35:45.000Z","volume":14500,"label":" ","price":126.5},{"type":"A","date":"2018-04-27T01:35:47.000Z","volume":1100,"label":" ","price":126.4},{"type":"B","date":"2018-04-27T01:35:47.000Z","volume":1200,"label":"Y","price":126.2},{"type":"B","date":"2018-04-27T01:35:47.000Z","volume":2000,"label":" ","price":126.2},{"type":"B","date":"2018-04-27T01:35:48.000Z","volume":200,"label":" ","price":126.3},{"type":"A","date":"2018-04-27T01:35:49.000Z","volume":100,"label":" ","price":126.4},{"type":"A","date":"2018-04-27T01:35:49.000Z","volume":100,"label":" ","price":126.4},{"type":"A","date":"2018-04-27T01:35:49.000Z","volume":1300,"label":" ","price":126.4},{"type":"A","date":"2018-04-27T01:35:49.000Z","volume":300,"label":" ","price":126.4},{"type":"B","date":"2018-04-27T01:35:50.000Z","volume":200,"label":" ","price":126.3},{"type":"B","date":"2018-04-27T01:35:50.000Z","volume":500,"label":" ","price":126.3},{"type":"A","date":"2018-04-27T01:35:50.000Z","volume":100,"label":" ","price":126.4},{"type":"A","date":"2018-04-27T01:35:50.000Z","volume":4900,"label":" ","price":126.5},{"type":"A","date":"2018-04-27T01:35:50.000Z","volume":100,"label":" ","price":126.4},{"type":"A","date":"2018-04-27T01:35:51.000Z","volume":1700,"label":"Y","price":126.5},{"type":"A","date":"2018-04-27T01:35:51.000Z","volume":2500,"label":" ","price":126.5},{"type":"A","date":"2018-04-27T01:35:51.000Z","volume":500,"label":" ","price":126.4},{"type":"A","date":"2018-04-27T01:35:51.000Z","volume":600,"label":" ","price":126.5},{"type":"B","date":"2018-04-27T01:35:52.000Z","volume":300,"label":" ","price":126.4},{"type":"A","date":"2018-04-27T01:35:52.000Z","volume":600,"label":" ","price":126.5},{"type":"A","date":"2018-04-27T01:35:52.000Z","volume":100,"label":" ","price":126.5},{"type":"A","date":"2018-04-27T01:35:53.000Z","volume":900,"label":" ","price":126.6},{"type":"B","date":"2018-04-27T01:35:53.000Z","volume":500,"label":" ","price":126.5},{"type":"A","date":"2018-04-27T01:35:53.000Z","volume":2300,"label":" ","price":126.6},{"type":"A","date":"2018-04-27T01:35:53.000Z","volume":500,"label":" ","price":126.6},{"type":"A","date":"2018-04-27T01:35:53.000Z","volume":200,"label":" ","price":126.6},{"type":"B","date":"2018-04-27T01:35:53.000Z","volume":500,"label":" ","price":126.6},{"type":"B","date":"2018-04-27T01:35:53.000Z","volume":500,"label":" ","price":126.6},{"type":"A","date":"2018-04-27T01:35:53.000Z","volume":600,"label":" ","price":126.7},{"type":"A","date":"2018-04-27T01:35:54.000Z","volume":1200,"label":" ","price":126.7},{"type":"B","date":"2018-04-27T01:35:55.000Z","volume":800,"label":" ","price":126.6},{"type":"A","date":"2018-04-27T01:35:55.000Z","volume":800,"label":" ","price":126.7},{"type":"B","date":"2018-04-27T01:35:55.000Z","volume":700,"label":" ","price":126.6},{"type":"B","date":"2018-04-27T01:35:55.000Z","volume":200,"label":" ","price":126.5},{"type":"U","date":"2018-04-27T01:35:57.000Z","volume":1000,"label":" ","price":126.6},{"type":"U","date":"2018-04-27T01:35:57.000Z","volume":300,"label":" ","price":126.6},{"type":"B","date":"2018-04-27T01:35:57.000Z","volume":200,"label":" ","price":126.5},{"type":"U","date":"2018-04-27T01:35:57.000Z","volume":400,"label":" ","price":126.5},{"type":"U","date":"2018-04-27T01:35:57.000Z","volume":100,"label":" ","price":126.5},{"type":"B","date":"2018-04-27T01:36:00.000Z","volume":600,"label":" ","price":126.5},{"type":"B","date":"2018-04-27T01:36:00.000Z","volume":300,"label":" ","price":126.4},{"type":"B","date":"2018-04-27T01:36:00.000Z","volume":200,"label":" ","price":126.3},{"type":"A","date":"2018-04-27T01:36:00.000Z","volume":200,"label":"Y","price":126.7},{"type":"U","date":"2018-04-27T01:36:00.000Z","volume":100,"label":" ","price":126.6},{"type":"U","date":"2018-04-27T01:36:01.000Z","volume":500,"label":" ","price":126.5},{"type":"B","date":"2018-04-27T01:36:01.000Z","volume":500,"label":" ","price":126.3},{"type":"B","date":"2018-04-27T01:36:03.000Z","volume":9700,"label":" ","price":126.4},{"type":"B","date":"2018-04-27T01:36:03.000Z","volume":3800,"label":" ","price":126.3},{"type":"B","date":"2018-04-27T01:36:03.000Z","volume":2000,"label":" ","price":126.3},{"type":"B","date":"2018-04-27T01:36:03.000Z","volume":1000,"label":"Y","price":126.2},{"type":"B","date":"2018-04-27T01:36:03.000Z","volume":100,"label":" ","price":126.2},{"type":"U","date":"2018-04-27T01:36:05.000Z","volume":700,"label":"X","price":126.2},{"type":"B","date":"2018-04-27T01:36:05.000Z","volume":2300,"label":" ","price":126.2},{"type":"B","date":"2018-04-27T01:36:06.000Z","volume":5900,"label":" ","price":126.2},{"type":"U","date":"2018-04-27T01:36:06.000Z","volume":300,"label":"X","price":126.2},{"type":"A","date":"2018-04-27T01:36:07.000Z","volume":1100,"label":" ","price":126.3},{"type":"B","date":"2018-04-27T01:36:07.000Z","volume":400,"label":"Y","price":126.1},{"type":"B","date":"2018-04-27T01:36:07.000Z","volume":1100,"label":" ","price":126.1},{"type":"A","date":"2018-04-27T01:36:09.000Z","volume":600,"label":" ","price":126.3},{"type":"B","date":"2018-04-27T01:36:09.000Z","volume":1300,"label":" ","price":126.2},{"type":"B","date":"2018-04-27T01:36:09.000Z","volume":600,"label":" ","price":126.2},{"type":"B","date":"2018-04-27T01:36:09.000Z","volume":1100,"label":" ","price":126.2},{"type":"B","date":"2018-04-27T01:36:09.000Z","volume":100,"label":"Y","price":126.1},{"type":"B","date":"2018-04-27T01:36:09.000Z","volume":100,"label":" ","price":126.1},{"type":"B","date":"2018-04-27T01:36:10.000Z","volume":600,"label":" ","price":126},{"type":"B","date":"2018-04-27T01:36:11.000Z","volume":2500,"label":" ","price":126.1},{"type":"B","date":"2018-04-27T01:36:12.000Z","volume":500,"label":" ","price":126.1},{"type":"B","date":"2018-04-27T01:36:12.000Z","volume":2000,"label":" ","price":126.1},{"type":"A","date":"2018-04-27T01:36:13.000Z","volume":700,"label":" ","price":126.2},{"type":"B","date":"2018-04-27T01:36:14.000Z","volume":1000,"label":" ","price":126.1},{"type":"U","date":"2018-04-27T01:36:14.000Z","volume":600,"label":"X","price":126.15},{"type":"U","date":"2018-04-27T01:36:14.000Z","volume":100,"label":"X","price":126.15},{"type":"B","date":"2018-04-27T01:36:14.000Z","volume":800,"label":" ","price":126.1},{"type":"A","date":"2018-04-27T01:36:14.000Z","volume":2100,"label":" ","price":126.2},{"type":"A","date":"2018-04-27T01:36:15.000Z","volume":1000,"label":" ","price":126.2},{"type":"B","date":"2018-04-27T01:36:15.000Z","volume":1000,"label":" ","price":126.1},{"type":"A","date":"2018-04-27T01:36:15.000Z","volume":1400,"label":" ","price":126.2},{"type":"B","date":"2018-04-27T01:36:16.000Z","volume":1200,"label":" ","price":126.1},{"type":"A","date":"2018-04-27T01:36:16.000Z","volume":700,"label":" ","price":126.2},{"type":"A","date":"2018-04-27T01:36:17.000Z","volume":700,"label":"Y","price":126.2},{"type":"A","date":"2018-04-27T01:36:17.000Z","volume":400,"label":" ","price":126.2},{"type":"A","date":"2018-04-27T01:36:17.000Z","volume":300,"label":" ","price":126.2},{"type":"U","date":"2018-04-27T01:36:18.000Z","volume":300,"label":"X","price":126.15},{"type":"A","date":"2018-04-27T01:36:18.000Z","volume":1500,"label":" ","price":126.2},{"type":"A","date":"2018-04-27T01:36:19.000Z","volume":400,"label":" ","price":126.2},{"type":"B","date":"2018-04-27T01:36:19.000Z","volume":1000,"label":" ","price":126.1},{"type":"A","date":"2018-04-27T01:36:19.000Z","volume":200,"label":" ","price":126.2},{"type":"B","date":"2018-04-27T01:36:20.000Z","volume":300,"label":" ","price":126.1},{"type":"B","date":"2018-04-27T01:36:20.000Z","volume":1000,"label":" ","price":126.1},{"type":"A","date":"2018-04-27T01:36:20.000Z","volume":1800,"label":" ","price":126.2},{"type":"A","date":"2018-04-27T01:36:21.000Z","volume":100,"label":" ","price":126.2},{"type":"B","date":"2018-04-27T01:36:22.000Z","volume":200,"label":" ","price":126.1},{"type":"A","date":"2018-04-27T01:36:22.000Z","volume":1000,"label":" ","price":126.2},{"type":"B","date":"2018-04-27T01:36:22.000Z","volume":300,"label":" ","price":126.1},{"type":"A","date":"2018-04-27T01:36:23.000Z","volume":100,"label":" ","price":126.2},{"type":"A","date":"2018-04-27T01:36:23.000Z","volume":200,"label":" ","price":126.2},{"type":"B","date":"2018-04-27T01:36:24.000Z","volume":100,"label":" ","price":126.1},{"type":"A","date":"2018-04-27T01:36:24.000Z","volume":300,"label":" ","price":126.2},{"type":"A","date":"2018-04-27T01:36:25.000Z","volume":200,"label":" ","price":126.2},{"type":"B","date":"2018-04-27T01:36:25.000Z","volume":100,"label":"Y","price":126.1},{"type":"B","date":"2018-04-27T01:36:25.000Z","volume":800,"label":" ","price":126.1},{"type":"B","date":"2018-04-27T01:36:25.000Z","volume":100,"label":" ","price":126},{"type":"B","date":"2018-04-27T01:36:26.000Z","volume":600,"label":" ","price":126.1},{"type":"B","date":"2018-04-27T01:36:26.000Z","volume":400,"label":" ","price":126.1},{"type":"B","date":"2018-04-27T01:36:26.000Z","volume":500,"label":" ","price":126},{"type":"A","date":"2018-04-27T01:36:27.000Z","volume":500,"label":" ","price":126.1},{"type":"B","date":"2018-04-27T01:36:27.000Z","volume":500,"label":" ","price":126},{"type":"U","date":"2018-04-27T01:36:28.000Z","volume":200,"label":"X","price":126.05},{"type":"B","date":"2018-04-27T01:36:28.000Z","volume":300,"label":" ","price":126},{"type":"A","date":"2018-04-27T01:36:29.000Z","volume":200,"label":" ","price":126.1},{"type":"A","date":"2018-04-27T01:36:29.000Z","volume":300,"label":" ","price":126.1},{"type":"B","date":"2018-04-27T01:36:30.000Z","volume":5300,"label":" ","price":126},{"type":"B","date":"2018-04-27T01:36:30.000Z","volume":1200,"label":"Y","price":125.9},{"type":"B","date":"2018-04-27T01:36:30.000Z","volume":5200,"label":" ","price":125.9},{"type":"B","date":"2018-04-27T01:36:32.000Z","volume":1200,"label":" ","price":125.7},{"type":"U","date":"2018-04-27T01:36:33.000Z","volume":700,"label":"X","price":125.85},{"type":"A","date":"2018-04-27T01:36:36.000Z","volume":100,"label":" ","price":125.8},{"type":"A","date":"2018-04-27T01:36:37.000Z","volume":800,"label":" ","price":125.8},{"type":"B","date":"2018-04-27T01:36:38.000Z","volume":200,"label":"Y","price":125.7},{"type":"A","date":"2018-04-27T01:36:40.000Z","volume":500,"label":" ","price":125.8},{"type":"B","date":"2018-04-27T01:36:40.000Z","volume":100,"label":"Y","price":125.7},{"type":"A","date":"2018-04-27T01:36:46.000Z","volume":200,"label":" ","price":125.8},{"type":"U","date":"2018-04-27T01:36:46.000Z","volume":300,"label":"X","price":125.75},{"type":"U","date":"2018-04-27T01:36:47.000Z","volume":200,"label":"X","price":125.75},{"type":"B","date":"2018-04-27T01:36:48.000Z","volume":1500,"label":" ","price":125.7},{"type":"B","date":"2018-04-27T01:36:48.000Z","volume":400,"label":" ","price":125.7},{"type":"B","date":"2018-04-27T01:36:52.000Z","volume":1000,"label":" ","price":125.7},{"type":"B","date":"2018-04-27T01:36:52.000Z","volume":200,"label":"Y","price":125.7},{"type":"U","date":"2018-04-27T01:36:53.000Z","volume":200,"label":"X","price":125.75},{"type":"U","date":"2018-04-27T01:36:54.000Z","volume":100,"label":"X","price":125.75},{"type":"A","date":"2018-04-27T01:36:54.000Z","volume":500,"label":" ","price":125.8},{"type":"A","date":"2018-04-27T01:36:56.000Z","volume":2800,"label":" ","price":125.8},{"type":"B","date":"2018-04-27T01:36:56.000Z","volume":300,"label":" ","price":125.8},{"type":"A","date":"2018-04-27T01:36:57.000Z","volume":400,"label":" ","price":125.9},{"type":"A","date":"2018-04-27T01:36:57.000Z","volume":1100,"label":" ","price":125.9},{"type":"B","date":"2018-04-27T01:36:57.000Z","volume":1000,"label":" ","price":125.8},{"type":"B","date":"2018-04-27T01:36:58.000Z","volume":500,"label":" ","price":125.9},{"type":"B","date":"2018-04-27T01:36:58.000Z","volume":1200,"label":" ","price":125.9},{"type":"A","date":"2018-04-27T01:36:59.000Z","volume":1000,"label":" ","price":126},{"type":"A","date":"2018-04-27T01:36:59.000Z","volume":300,"label":" ","price":126},{"type":"B","date":"2018-04-27T01:36:59.000Z","volume":400,"label":" ","price":125.9},{"type":"B","date":"2018-04-27T01:37:00.000Z","volume":600,"label":" ","price":125.9},{"type":"U","date":"2018-04-27T01:37:02.000Z","volume":900,"label":"X","price":125.95},{"type":"A","date":"2018-04-27T01:37:02.000Z","volume":1500,"label":" ","price":126},{"type":"A","date":"2018-04-27T01:37:03.000Z","volume":200,"label":"Y","price":126},{"type":"U","date":"2018-04-27T01:37:03.000Z","volume":300,"label":"X","price":125.95},{"type":"A","date":"2018-04-27T01:37:03.000Z","volume":400,"label":" ","price":126},{"type":"A","date":"2018-04-27T01:37:04.000Z","volume":200,"label":" ","price":126},{"type":"A","date":"2018-04-27T01:37:05.000Z","volume":100,"label":" ","price":126},{"type":"B","date":"2018-04-27T01:37:05.000Z","volume":200,"label":" ","price":125.9},{"type":"A","date":"2018-04-27T01:37:06.000Z","volume":200,"label":" ","price":125.9},{"type":"A","date":"2018-04-27T01:37:07.000Z","volume":700,"label":" ","price":125.9},{"type":"A","date":"2018-04-27T01:37:07.000Z","volume":100,"label":" ","price":125.9},{"type":"A","date":"2018-04-27T01:37:07.000Z","volume":200,"label":" ","price":126},{"type":"A","date":"2018-04-27T01:37:08.000Z","volume":600,"label":" ","price":126},{"type":"A","date":"2018-04-27T01:37:09.000Z","volume":400,"label":" ","price":126},{"type":"B","date":"2018-04-27T01:37:09.000Z","volume":500,"label":" ","price":125.9},{"type":"A","date":"2018-04-27T01:37:11.000Z","volume":100,"label":" ","price":126},{"type":"A","date":"2018-04-27T01:37:11.000Z","volume":1700,"label":" ","price":126},{"type":"A","date":"2018-04-27T01:37:11.000Z","volume":100,"label":" ","price":126},{"type":"A","date":"2018-04-27T01:37:11.000Z","volume":100,"label":" ","price":126},{"type":"A","date":"2018-04-27T01:37:12.000Z","volume":1200,"label":" ","price":126.1},{"type":"A","date":"2018-04-27T01:37:14.000Z","volume":200,"label":" ","price":126.1},{"type":"B","date":"2018-04-27T01:37:15.000Z","volume":100,"label":"Y","price":126},{"type":"U","date":"2018-04-27T01:37:18.000Z","volume":500,"label":"X","price":126},{"type":"B","date":"2018-04-27T01:37:18.000Z","volume":200,"label":" ","price":125.9},{"type":"A","date":"2018-04-27T01:37:21.000Z","volume":200,"label":" ","price":126.1},{"type":"B","date":"2018-04-27T01:37:23.000Z","volume":100,"label":" ","price":126},{"type":"B","date":"2018-04-27T01:37:24.000Z","volume":10000,"label":" ","price":126},{"type":"U","date":"2018-04-27T01:37:24.000Z","volume":600,"label":"X","price":126.05},{"type":"U","date":"2018-04-27T01:37:24.000Z","volume":100,"label":"X","price":126.05},{"type":"U","date":"2018-04-27T01:37:24.000Z","volume":100,"label":"X","price":126.05},{"type":"B","date":"2018-04-27T01:37:24.000Z","volume":10000,"label":" ","price":126},{"type":"B","date":"2018-04-27T01:37:24.000Z","volume":700,"label":" ","price":126},{"type":"U","date":"2018-04-27T01:37:25.000Z","volume":600,"label":" ","price":126},{"type":"B","date":"2018-04-27T01:37:25.000Z","volume":4200,"label":" ","price":125.9},{"type":"B","date":"2018-04-27T01:37:25.000Z","volume":3600,"label":" ","price":125.9},{"type":"B","date":"2018-04-27T01:37:25.000Z","volume":900,"label":"Y","price":125.8},{"type":"B","date":"2018-04-27T01:37:25.000Z","volume":5500,"label":" ","price":125.8},{"type":"B","date":"2018-04-27T01:37:25.000Z","volume":2100,"label":" ","price":125.8},{"type":"U","date":"2018-04-27T01:37:26.000Z","volume":400,"label":"X","price":125.8},{"type":"A","date":"2018-04-27T01:37:26.000Z","volume":4200,"label":" ","price":125.9},{"type":"A","date":"2018-04-27T01:37:26.000Z","volume":200,"label":" ","price":126},{"type":"A","date":"2018-04-27T01:37:26.000Z","volume":300,"label":"Y","price":126.1},{"type":"A","date":"2018-04-27T01:37:26.000Z","volume":5300,"label":" ","price":126.1},{"type":"B","date":"2018-04-27T01:37:27.000Z","volume":900,"label":" ","price":125.7},{"type":"B","date":"2018-04-27T01:37:27.000Z","volume":300,"label":" ","price":125.6},{"type":"A","date":"2018-04-27T01:37:27.000Z","volume":100,"label":" ","price":125.9},{"type":"B","date":"2018-04-27T01:37:27.000Z","volume":600,"label":"Y","price":125.7},{"type":"U","date":"2018-04-27T01:37:29.000Z","volume":700,"label":" ","price":125.8},{"type":"U","date":"2018-04-27T01:37:29.000Z","volume":700,"label":" ","price":125.8},{"type":"U","date":"2018-04-27T01:37:29.000Z","volume":3200,"label":" ","price":125.8},{"type":"B","date":"2018-04-27T01:37:29.000Z","volume":1000,"label":" ","price":125.6},{"type":"B","date":"2018-04-27T01:37:29.000Z","volume":400,"label":" ","price":125.6},{"type":"A","date":"2018-04-27T01:37:31.000Z","volume":1000,"label":" ","price":125.8},{"type":"B","date":"2018-04-27T01:37:31.000Z","volume":100,"label":" ","price":125.5},{"type":"A","date":"2018-04-27T01:37:32.000Z","volume":100,"label":"Y","price":125.8},{"type":"A","date":"2018-04-27T01:37:32.000Z","volume":200,"label":" ","price":125.8},{"type":"A","date":"2018-04-27T01:37:33.000Z","volume":200,"label":" ","price":125.8},{"type":"B","date":"2018-04-27T01:37:33.000Z","volume":100,"label":" ","price":125.5},{"type":"A","date":"2018-04-27T01:37:35.000Z","volume":100,"label":" ","price":125.8},{"type":"A","date":"2018-04-27T01:37:36.000Z","volume":200,"label":" ","price":125.8},{"type":"A","date":"2018-04-27T01:37:36.000Z","volume":2400,"label":" ","price":125.9},{"type":"U","date":"2018-04-27T01:37:36.000Z","volume":200,"label":" ","price":125.8},{"type":"A","date":"2018-04-27T01:37:37.000Z","volume":700,"label":" ","price":125.9},{"type":"B","date":"2018-04-27T01:37:37.000Z","volume":200,"label":"Y","price":125.5},{"type":"B","date":"2018-04-27T01:37:37.000Z","volume":600,"label":" ","price":125.5},{"type":"B","date":"2018-04-27T01:37:47.000Z","volume":5000,"label":" ","price":125.6},{"type":"A","date":"2018-04-27T01:37:47.000Z","volume":200,"label":"Y","price":125.7},{"type":"A","date":"2018-04-27T01:37:47.000Z","volume":1000,"label":" ","price":125.7},{"type":"B","date":"2018-04-27T01:37:47.000Z","volume":100,"label":"Y","price":125.6},{"type":"B","date":"2018-04-27T01:37:47.000Z","volume":500,"label":" ","price":125.6},{"type":"U","date":"2018-04-27T01:37:48.000Z","volume":100,"label":"X","price":125.6},{"type":"B","date":"2018-04-27T01:37:48.000Z","volume":5000,"label":" ","price":125.5},{"type":"B","date":"2018-04-27T01:37:49.000Z","volume":1600,"label":" ","price":125.5},{"type":"U","date":"2018-04-27T01:37:54.000Z","volume":100,"label":"X","price":125.6},{"type":"U","date":"2018-04-27T01:37:57.000Z","volume":700,"label":" ","price":125.6},{"type":"B","date":"2018-04-27T01:37:57.000Z","volume":100,"label":" ","price":125.6},{"type":"B","date":"2018-04-27T01:37:57.000Z","volume":300,"label":" ","price":125.6},{"type":"A","date":"2018-04-27T01:37:59.000Z","volume":200,"label":" ","price":125.7},{"type":"B","date":"2018-04-27T01:37:59.000Z","volume":100,"label":" ","price":125.5},{"type":"A","date":"2018-04-27T01:38:02.000Z","volume":100,"label":" ","price":125.6},{"type":"U","date":"2018-04-27T01:38:03.000Z","volume":800,"label":"X","price":125.55},{"type":"U","date":"2018-04-27T01:38:03.000Z","volume":400,"label":"X","price":125.55},{"type":"A","date":"2018-04-27T01:38:03.000Z","volume":100,"label":" ","price":125.6},{"type":"B","date":"2018-04-27T01:38:03.000Z","volume":100,"label":" ","price":125.5},{"type":"B","date":"2018-04-27T01:38:03.000Z","volume":7200,"label":" ","price":125.5},{"type":"A","date":"2018-04-27T01:38:04.000Z","volume":100,"label":" ","price":125.5},{"type":"A","date":"2018-04-27T01:38:05.000Z","volume":100,"label":" ","price":125.5},{"type":"B","date":"2018-04-27T01:38:05.000Z","volume":1600,"label":" ","price":125.4},{"type":"B","date":"2018-04-27T01:38:05.000Z","volume":4300,"label":" ","price":125.4},{"type":"B","date":"2018-04-27T01:38:05.000Z","volume":1000,"label":" ","price":125.3},{"type":"B","date":"2018-04-27T01:38:07.000Z","volume":300,"label":" ","price":125.3},{"type":"B","date":"2018-04-27T01:38:07.000Z","volume":100,"label":" ","price":125.3},{"type":"B","date":"2018-04-27T01:38:07.000Z","volume":300,"label":" ","price":125.3},{"type":"U","date":"2018-04-27T01:38:09.000Z","volume":100,"label":"X","price":125.25},{"type":"B","date":"2018-04-27T01:38:09.000Z","volume":400,"label":" ","price":125.2},{"type":"B","date":"2018-04-27T01:38:10.000Z","volume":500,"label":" ","price":125.1},{"type":"B","date":"2018-04-27T01:38:10.000Z","volume":600,"label":" ","price":125.1},{"type":"B","date":"2018-04-27T01:38:11.000Z","volume":800,"label":" ","price":125},{"type":"B","date":"2018-04-27T01:38:15.000Z","volume":1600,"label":" ","price":125.2},{"type":"B","date":"2018-04-27T01:38:17.000Z","volume":300,"label":" ","price":125.1},{"type":"U","date":"2018-04-27T01:38:17.000Z","volume":300,"label":" ","price":125.1},{"type":"B","date":"2018-04-27T01:38:17.000Z","volume":500,"label":" ","price":125},{"type":"B","date":"2018-04-27T01:38:22.000Z","volume":300,"label":" ","price":125.1},{"type":"A","date":"2018-04-27T01:38:22.000Z","volume":5000,"label":" ","price":125.2},{"type":"A","date":"2018-04-27T01:38:23.000Z","volume":100,"label":"Y","price":125.2},{"type":"A","date":"2018-04-27T01:38:23.000Z","volume":1200,"label":" ","price":125.2},{"type":"B","date":"2018-04-27T01:38:23.000Z","volume":100,"label":" ","price":125.1},{"type":"B","date":"2018-04-27T01:38:23.000Z","volume":600,"label":" ","price":125.1},{"type":"B","date":"2018-04-27T01:38:23.000Z","volume":400,"label":" ","price":125},{"type":"A","date":"2018-04-27T01:38:25.000Z","volume":300,"label":" ","price":125.1},{"type":"A","date":"2018-04-27T01:38:25.000Z","volume":200,"label":" ","price":125.1},{"type":"A","date":"2018-04-27T01:38:27.000Z","volume":1700,"label":" ","price":125.1},{"type":"B","date":"2018-04-27T01:38:27.000Z","volume":400,"label":" ","price":125},{"type":"A","date":"2018-04-27T01:38:27.000Z","volume":200,"label":" ","price":125.1},{"type":"A","date":"2018-04-27T01:38:29.000Z","volume":600,"label":" ","price":125.1},{"type":"B","date":"2018-04-27T01:38:29.000Z","volume":1900,"label":" ","price":125},{"type":"B","date":"2018-04-27T01:38:29.000Z","volume":600,"label":" ","price":125},{"type":"A","date":"2018-04-27T01:38:30.000Z","volume":3500,"label":"Y","price":125.1},{"type":"A","date":"2018-04-27T01:38:30.000Z","volume":2800,"label":" ","price":125.1},{"type":"A","date":"2018-04-27T01:38:31.000Z","volume":400,"label":"Y","price":125.1}