[{"type":"A","date":"2018-04-25T01:32:46.000Z","volume":2000,"label":" ","price":9},{"type":"A","date":"2018-04-25T01:41:02.000Z","volume":2000,"label":" ","price":8.98},{"type":"A","date":"2018-04-25T01:41:02.000Z","volume":6000,"label":" ","price":8.99},{"type":"A","date":"2018-04-25T01:47:09.000Z","volume":2000,"label":" ","price":8.97},{"type":"A","date":"2018-04-25T01:49:19.000Z","volume":2000,"label":" ","price":8.97},{"type":"A","date":"2018-04-25T02:08:26.000Z","volume":2000,"label":" ","price":8.96},{"type":"A","date":"2018-04-25T02:08:57.000Z","volume":2000,"label":" ","price":8.96},{"type":"A","date":"2018-04-25T02:25:54.000Z","volume":2000,"label":" ","price":8.96},{"type":"A","date":"2018-04-25T02:32:40.000Z","volume":2000,"label":" ","price":8.97},{"type":"A","date":"2018-04-25T02:36:06.000Z","volume":2000,"label":" ","price":8.97},{"type":"A","date":"2018-04-25T02:38:25.000Z","volume":2000,"label":" ","price":8.97},{"type":"A","date":"2018-04-25T02:43:25.000Z","volume":2000,"label":" ","price":8.97},{"type":"A","date":"2018-04-25T02:44:03.000Z","volume":2000,"label":" ","price":8.97},{"type":"A","date":"2018-04-25T02:57:18.000Z","volume":2000,"label":" ","price":8.97},{"type":"B","date":"2018-04-25T03:12:54.000Z","volume":4000,"label":" ","price":8.86},{"type":"A","date":"2018-04-25T03:12:54.000Z","volume":4000,"label":" ","price":8.86},{"type":"B","date":"2018-04-25T03:12:56.000Z","volume":2000,"label":" ","price":8.83},{"type":"A","date":"2018-04-25T03:15:04.000Z","volume":2000,"label":" ","price":8.83},{"type":"A","date":"2018-04-25T03:22:22.000Z","volume":2000,"label":" ","price":8.96},{"type":"A","date":"2018-04-25T03:41:25.000Z","volume":2000,"label":" ","price":8.9},{"type":"A","date":"2018-04-25T03:58:24.000Z","volume":2000,"label":" ","price":8.9},{"type":"A","date":"2018-04-25T05:04:45.000Z","volume":2000,"label":" ","price":8.88},{"type":"A","date":"2018-04-25T05:06:46.000Z","volume":2000,"label":" ","price":8.88},{"type":"A","date":"2018-04-25T05:07:58.000Z","volume":2000,"label":" ","price":8.88},{"type":"A","date":"2018-04-25T05:25:36.000Z","volume":2000,"label":" ","price":8.88},{"type":"A","date":"2018-04-25T05:33:22.000Z","volume":2000,"label":" ","price":8.89},{"type":"A","date":"2018-04-25T05:35:54.000Z","volume":2000,"label":" ","price":8.89},{"type":"A","date":"2018-04-25T05:43:02.000Z","volume":2000,"label":" ","price":8.89},{"type":"A","date":"2018-04-25T05:46:44.000Z","volume":2000,"label":" ","price":8.89},{"type":"A","date":"2018-04-25T05:51:54.000Z","volume":2000,"label":" ","price":8.89},{"type":"A","date":"2018-04-25T06:27:04.000Z","volume":2000,"label":" ","price":8.9},{"type":"A","date":"2018-04-25T06:28:04.000Z","volume":2000,"label":" ","price":8.9},{"type":"A","date":"2018-04-25T06:35:44.000Z","volume":2000,"label":" ","price":8.9},{"type":"A","date":"2018-04-25T06:42:21.000Z","volume":6000,"label":" ","price":8.9},{"type":"A","date":"2018-04-25T06:42:21.000Z","volume":2000,"label":"Y","price":8.87},{"type":"A","date":"2018-04-25T06:42:32.000Z","volume":2000,"label":" ","price":8.82},{"type":"A","date":"2018-04-25T06:52:10.000Z","volume":2000,"label":" ","price":8.9},{"type":"B","date":"2018-04-25T07:08:29.000Z","volume":2000,"label":" ","price":8.86},{"type":"B","date":"2018-04-25T07:11:05.000Z","volume":2000,"label":" ","price":8.83},{"type":"B","date":"2018-04-25T07:11:05.000Z","volume":10000,"label":" ","price":8.8},{"type":"A","date":"2018-04-25T07:11:05.000Z","volume":2000,"label":" ","price":8.8},{"type":"A","date":"2018-04-25T07:34:07.000Z","volume":4000,"label":" ","price":8.8},{"type":"A","date":"2018-04-25T07:39:11.000Z","volume":2000,"label":" ","price":8.8},{"type":"A","date":"2018-04-25T07:44:12.000Z","volume":12000,"label":" ","price":8.85},{"type":"A","date":"2018-04-25T07:44:12.000Z","volume":2000,"label":"Y","price":8.8},{"type":"B","date":"2018-04-25T07:56:51.000Z","volume":2000,"label":" ","price":8.78},{"type":"A","date":"2018-04-25T07:57:11.000Z","volume":2000,"label":" ","price":8.84},{"type":"A","date":"2018-04-25T07:58:09.000Z","volume":2000,"label":" ","price":8.84},{"type":"A","date":"2018-04-25T07:58:36.000Z","volume":4000,"label":" ","price":8.85},{"type":"A","date":"2018-04-25T07:58:36.000Z","volume":2000,"label":" ","price":8.88},{"type":"A","date":"2018-04-25T07:58:47.000Z","volume":2000,"label":" ","price":8.88},{"type":"A","date":"2018-04-25T07:59:01.000Z","volume":2000,"label":" ","price":8.88},{"type":"A","date":"2018-04-25T07:59:08.000Z","volume":2000,"label":" ","price":8.88},{"type":"A","date":"2018-04-25T07:59:15.000Z","volume":2000,"label":" ","price":8.88},{"type":"A","date":"2018-04-25T07:59:16.000Z","volume":2000,"label":" ","price":8.82},{"type":"A","date":"2018-04-25T07:59:26.000Z","volume":2000,"label":" ","price":8.87},{"type":"A","date":"2018-04-25T07:59:40.000Z","volume":2000,"label":" ","price":8.88},{"type":"A","date":"2018-04-25T07:59:48.000Z","volume":2000,"label":" ","price":8.88}]