[{"type":"U","date":"2018-04-11T01:20:00.000Z","volume":2000,"label":"U","price":6.76},{"type":"B","date":"2018-04-11T01:32:35.000Z","volume":1000,"label":" ","price":6.75},{"type":"B","date":"2018-04-11T01:32:35.000Z","volume":1000,"label":" ","price":6.74},{"type":"B","date":"2018-04-11T01:32:35.000Z","volume":2000,"label":" ","price":6.72},{"type":"B","date":"2018-04-11T01:32:46.000Z","volume":1000,"label":" ","price":6.7},{"type":"B","date":"2018-04-11T01:32:46.000Z","volume":1000,"label":" ","price":6.67},{"type":"B","date":"2018-04-11T01:32:46.000Z","volume":2000,"label":" ","price":6.65},{"type":"B","date":"2018-04-11T01:32:57.000Z","volume":1000,"label":" ","price":6.64},{"type":"A","date":"2018-04-11T01:39:54.000Z","volume":1000,"label":" ","price":6.76},{"type":"A","date":"2018-04-11T01:40:58.000Z","volume":3000,"label":" ","price":6.75},{"type":"A","date":"2018-04-11T01:41:20.000Z","volume":3000,"label":" ","price":6.75},{"type":"A","date":"2018-04-11T01:54:44.000Z","volume":2000,"label":" ","price":6.75},{"type":"A","date":"2018-04-11T02:16:43.000Z","volume":4000,"label":" ","price":6.75},{"type":"A","date":"2018-04-11T02:21:40.000Z","volume":6000,"label":" ","price":6.75},{"type":"A","date":"2018-04-11T02:21:55.000Z","volume":2000,"label":" ","price":6.76},{"type":"A","date":"2018-04-11T02:24:48.000Z","volume":2000,"label":" ","price":6.78},{"type":"A","date":"2018-04-11T02:46:30.000Z","volume":3000,"label":" ","price":6.76},{"type":"A","date":"2018-04-11T03:08:43.000Z","volume":3000,"label":" ","price":6.76},{"type":"B","date":"2018-04-11T03:30:46.000Z","volume":1000,"label":" ","price":6.74},{"type":"A","date":"2018-04-11T03:48:24.000Z","volume":5000,"label":" ","price":6.74},{"type":"A","date":"2018-04-11T03:58:37.000Z","volume":5000,"label":" ","price":6.74},{"type":"A","date":"2018-04-11T05:07:48.000Z","volume":4000,"label":" ","price":6.74},{"type":"A","date":"2018-04-11T05:39:55.000Z","volume":3000,"label":" ","price":6.74},{"type":"A","date":"2018-04-11T05:40:01.000Z","volume":2000,"label":" ","price":6.74},{"type":"A","date":"2018-04-11T06:13:50.000Z","volume":3000,"label":" ","price":6.74},{"type":"A","date":"2018-04-11T06:14:00.000Z","volume":1000,"label":" ","price":6.74},{"type":"A","date":"2018-04-11T06:14:03.000Z","volume":1000,"label":" ","price":6.74},{"type":"U","date":"2018-04-11T06:31:03.000Z","volume":7700000,"label":"M","price":6.51},{"type":"A","date":"2018-04-11T06:41:39.000Z","volume":3000,"label":" ","price":6.74},{"type":"A","date":"2018-04-11T06:41:44.000Z","volume":2000,"label":" ","price":6.74},{"type":"A","date":"2018-04-11T06:49:51.000Z","volume":2000,"label":" ","price":6.75},{"type":"A","date":"2018-04-11T06:49:51.000Z","volume":2000,"label":" ","price":6.76},{"type":"A","date":"2018-04-11T06:53:31.000Z","volume":30000,"label":" ","price":6.77},{"type":"A","date":"2018-04-11T06:53:57.000Z","volume":40000,"label":" ","price":6.77},{"type":"A","date":"2018-04-11T06:54:22.000Z","volume":20000,"label":" ","price":6.77},{"type":"A","date":"2018-04-11T06:55:05.000Z","volume":20000,"label":" ","price":6.77},{"type":"A","date":"2018-04-11T06:57:39.000Z","volume":10000,"label":" ","price":6.77},{"type":"A","date":"2018-04-11T07:00:17.000Z","volume":30000,"label":" ","price":6.77},{"type":"B","date":"2018-04-11T07:01:50.000Z","volume":1000,"label":" ","price":6.74},{"type":"A","date":"2018-04-11T07:04:25.000Z","volume":30000,"label":" ","price":6.77},{"type":"A","date":"2018-04-11T07:05:13.000Z","volume":40000,"label":" ","price":6.77},{"type":"B","date":"2018-04-11T07:30:39.000Z","volume":1000,"label":" ","price":6.72},{"type":"B","date":"2018-04-11T07:30:39.000Z","volume":10000,"label":" ","price":6.71},{"type":"B","date":"2018-04-11T07:30:39.000Z","volume":20000,"label":" ","price":6.7},{"type":"B","date":"2018-04-11T07:32:19.000Z","volume":1000,"label":" ","price":6.69},{"type":"B","date":"2018-04-11T07:45:22.000Z","volume":1000,"label":" ","price":6.69},{"type":"B","date":"2018-04-11T07:45:22.000Z","volume":10000,"label":" ","price":6.68},{"type":"B","date":"2018-04-11T07:45:22.000Z","volume":20000,"label":" ","price":6.67},{"type":"B","date":"2018-04-11T07:45:22.000Z","volume":1000,"label":" ","price":6.66},{"type":"B","date":"2018-04-11T07:45:22.000Z","volume":2000,"label":" ","price":6.65},{"type":"B","date":"2018-04-11T07:55:18.000Z","volume":1000,"label":" ","price":6.7},{"type":"A","date":"2018-04-11T07:59:43.000Z","volume":1000,"label":" ","price":6.73},{"type":"A","date":"2018-04-11T07:59:48.000Z","volume":1000,"label":" ","price":6.73}]