[{"type":"A","date":"2018-03-29T01:34:58.000Z","volume":2000,"label":" ","price":8.8},{"type":"U","date":"2018-03-29T01:35:07.000Z","volume":2000,"label":" ","price":8.48},{"type":"B","date":"2018-03-29T01:43:25.000Z","volume":4000,"label":" ","price":8.67},{"type":"B","date":"2018-03-29T01:43:25.000Z","volume":2000,"label":" ","price":8.61},{"type":"A","date":"2018-03-29T01:47:42.000Z","volume":2000,"label":" ","price":8.7},{"type":"A","date":"2018-03-29T01:47:49.000Z","volume":10000,"label":" ","price":8.71},{"type":"B","date":"2018-03-29T01:47:49.000Z","volume":2000,"label":" ","price":8.62},{"type":"A","date":"2018-03-29T01:52:32.000Z","volume":2000,"label":" ","price":8.7},{"type":"A","date":"2018-03-29T01:53:07.000Z","volume":2000,"label":" ","price":8.7},{"type":"B","date":"2018-03-29T02:05:40.000Z","volume":2000,"label":" ","price":8.62},{"type":"B","date":"2018-03-29T02:11:43.000Z","volume":2000,"label":" ","price":8.61},{"type":"B","date":"2018-03-29T02:12:16.000Z","volume":2000,"label":" ","price":8.61},{"type":"B","date":"2018-03-29T02:13:02.000Z","volume":2000,"label":" ","price":8.61},{"type":"B","date":"2018-03-29T02:14:40.000Z","volume":2000,"label":" ","price":8.61},{"type":"B","date":"2018-03-29T02:14:41.000Z","volume":2000,"label":" ","price":8.61},{"type":"B","date":"2018-03-29T02:14:41.000Z","volume":2000,"label":" ","price":8.61},{"type":"B","date":"2018-03-29T02:17:45.000Z","volume":2000,"label":" ","price":8.61},{"type":"B","date":"2018-03-29T02:24:56.000Z","volume":2000,"label":" ","price":8.61},{"type":"B","date":"2018-03-29T02:33:30.000Z","volume":4000,"label":" ","price":8.61},{"type":"B","date":"2018-03-29T02:33:32.000Z","volume":2000,"label":" ","price":8.6},{"type":"B","date":"2018-03-29T02:33:35.000Z","volume":2000,"label":" ","price":8.58},{"type":"B","date":"2018-03-29T02:34:58.000Z","volume":2000,"label":" ","price":8.57},{"type":"B","date":"2018-03-29T02:45:15.000Z","volume":2000,"label":" ","price":8.56},{"type":"B","date":"2018-03-29T02:55:12.000Z","volume":2000,"label":" ","price":8.55},{"type":"B","date":"2018-03-29T03:06:54.000Z","volume":2000,"label":" ","price":8.55},{"type":"B","date":"2018-03-29T03:20:56.000Z","volume":2000,"label":" ","price":8.38},{"type":"B","date":"2018-03-29T03:30:54.000Z","volume":2000,"label":" ","price":8.27},{"type":"B","date":"2018-03-29T03:43:45.000Z","volume":2000,"label":" ","price":8.39},{"type":"B","date":"2018-03-29T03:55:01.000Z","volume":2000,"label":" ","price":8.35},{"type":"B","date":"2018-03-29T03:56:13.000Z","volume":2000,"label":" ","price":8.35},{"type":"B","date":"2018-03-29T05:05:33.000Z","volume":2000,"label":" ","price":8.33},{"type":"B","date":"2018-03-29T05:13:14.000Z","volume":2000,"label":" ","price":8.4},{"type":"B","date":"2018-03-29T05:21:57.000Z","volume":2000,"label":" ","price":8.37},{"type":"B","date":"2018-03-29T05:21:58.000Z","volume":2000,"label":" ","price":8.37},{"type":"B","date":"2018-03-29T05:22:00.000Z","volume":2000,"label":" ","price":8.37},{"type":"B","date":"2018-03-29T05:32:05.000Z","volume":2000,"label":" ","price":8.37},{"type":"B","date":"2018-03-29T05:32:05.000Z","volume":2000,"label":" ","price":8.37},{"type":"A","date":"2018-03-29T05:37:02.000Z","volume":4000,"label":" ","price":8.38},{"type":"B","date":"2018-03-29T05:37:08.000Z","volume":2000,"label":" ","price":8.38},{"type":"A","date":"2018-03-29T05:38:59.000Z","volume":2000,"label":" ","price":8.4},{"type":"A","date":"2018-03-29T05:39:48.000Z","volume":2000,"label":" ","price":8.4},{"type":"B","date":"2018-03-29T05:41:29.000Z","volume":6000,"label":" ","price":8.32},{"type":"B","date":"2018-03-29T05:42:26.000Z","volume":4000,"label":" ","price":8.33},{"type":"B","date":"2018-03-29T05:42:27.000Z","volume":2000,"label":" ","price":8.32},{"type":"B","date":"2018-03-29T05:45:43.000Z","volume":2000,"label":" ","price":8.35},{"type":"B","date":"2018-03-29T05:45:47.000Z","volume":4000,"label":" ","price":8.35},{"type":"A","date":"2018-03-29T05:45:51.000Z","volume":4000,"label":" ","price":8.33},{"type":"B","date":"2018-03-29T05:46:00.000Z","volume":2000,"label":" ","price":8.32},{"type":"B","date":"2018-03-29T05:47:39.000Z","volume":4000,"label":" ","price":8.32},{"type":"B","date":"2018-03-29T05:47:39.000Z","volume":2000,"label":" ","price":8.32},{"type":"B","date":"2018-03-29T05:48:23.000Z","volume":2000,"label":" ","price":8.32},{"type":"B","date":"2018-03-29T05:48:35.000Z","volume":2000,"label":" ","price":8.32},{"type":"B","date":"2018-03-29T05:49:32.000Z","volume":2000,"label":" ","price":8.32},{"type":"B","date":"2018-03-29T05:49:51.000Z","volume":2000,"label":" ","price":8.32},{"type":"B","date":"2018-03-29T05:49:56.000Z","volume":2000,"label":" ","price":8.32},{"type":"A","date":"2018-03-29T05:50:59.000Z","volume":8000,"label":" ","price":8.33},{"type":"B","date":"2018-03-29T05:50:59.000Z","volume":2000,"label":" ","price":8.3},{"type":"A","date":"2018-03-29T05:51:04.000Z","volume":2000,"label":" ","price":8.35},{"type":"A","date":"2018-03-29T05:54:54.000Z","volume":6000,"label":" ","price":8.38},{"type":"B","date":"2018-03-29T06:04:46.000Z","volume":2000,"label":" ","price":8.52},{"type":"B","date":"2018-03-29T06:06:23.000Z","volume":6000,"label":" ","price":8.52},{"type":"B","date":"2018-03-29T06:06:24.000Z","volume":2000,"label":" ","price":8.52},{"type":"B","date":"2018-03-29T06:06:24.000Z","volume":2000,"label":" ","price":8.52},{"type":"B","date":"2018-03-29T06:07:05.000Z","volume":2000,"label":" ","price":8.52},{"type":"B","date":"2018-03-29T06:07:43.000Z","volume":2000,"label":" ","price":8.52},{"type":"B","date":"2018-03-29T06:08:15.000Z","volume":2000,"label":" ","price":8.51},{"type":"B","date":"2018-03-29T06:08:15.000Z","volume":2000,"label":" ","price":8.5},{"type":"A","date":"2018-03-29T06:09:35.000Z","volume":2000,"label":" ","price":8.51},{"type":"A","date":"2018-03-29T06:09:35.000Z","volume":4000,"label":" ","price":8.52},{"type":"U","date":"2018-03-29T06:16:51.000Z","volume":2000,"label":" ","price":8.52},{"type":"A","date":"2018-03-29T06:16:55.000Z","volume":4000,"label":" ","price":8.52},{"type":"B","date":"2018-03-29T06:16:56.000Z","volume":2000,"label":" ","price":8.5},{"type":"B","date":"2018-03-29T06:16:59.000Z","volume":2000,"label":" ","price":8.49},{"type":"B","date":"2018-03-29T06:25:41.000Z","volume":2000,"label":" ","price":8.52},{"type":"B","date":"2018-03-29T06:29:23.000Z","volume":2000,"label":" ","price":8.4},{"type":"B","date":"2018-03-29T06:36:02.000Z","volume":2000,"label":" ","price":8.4},{"type":"B","date":"2018-03-29T06:37:57.000Z","volume":4000,"label":" ","price":8.4},{"type":"B","date":"2018-03-29T06:37:58.000Z","volume":2000,"label":" ","price":8.4},{"type":"B","date":"2018-03-29T06:38:15.000Z","volume":2000,"label":" ","price":8.4},{"type":"B","date":"2018-03-29T06:38:15.000Z","volume":2000,"label":" ","price":8.39},{"type":"B","date":"2018-03-29T06:40:56.000Z","volume":2000,"label":" ","price":8.38},{"type":"A","date":"2018-03-29T06:46:15.000Z","volume":2000,"label":" ","price":8.39},{"type":"A","date":"2018-03-29T06:49:24.000Z","volume":8000,"label":" ","price":8.4},{"type":"A","date":"2018-03-29T06:49:24.000Z","volume":2000,"label":" ","price":8.41},{"type":"A","date":"2018-03-29T06:49:36.000Z","volume":2000,"label":" ","price":8.45},{"type":"A","date":"2018-03-29T06:49:40.000Z","volume":2000,"label":" ","price":8.46},{"type":"B","date":"2018-03-29T06:57:30.000Z","volume":2000,"label":" ","price":8.4},{"type":"B","date":"2018-03-29T07:01:37.000Z","volume":2000,"label":" ","price":8.4},{"type":"B","date":"2018-03-29T07:02:07.000Z","volume":2000,"label":" ","price":8.41},{"type":"B","date":"2018-03-29T07:06:45.000Z","volume":2000,"label":" ","price":8.4},{"type":"B","date":"2018-03-29T07:08:06.000Z","volume":2000,"label":" ","price":8.4},{"type":"B","date":"2018-03-29T07:13:00.000Z","volume":2000,"label":" ","price":8.4},{"type":"B","date":"2018-03-29T07:13:04.000Z","volume":6000,"label":" ","price":8.4},{"type":"B","date":"2018-03-29T07:13:05.000Z","volume":2000,"label":" ","price":8.4},{"type":"B","date":"2018-03-29T07:13:06.000Z","volume":2000,"label":" ","price":8.4},{"type":"B","date":"2018-03-29T07:14:15.000Z","volume":2000,"label":" ","price":8.4},{"type":"B","date":"2018-03-29T07:19:06.000Z","volume":2000,"label":" ","price":8.39},{"type":"B","date":"2018-03-29T07:25:11.000Z","volume":2000,"label":" ","price":8.38},{"type":"B","date":"2018-03-29T07:28:08.000Z","volume":2000,"label":" ","price":8.37},{"type":"U","date":"2018-03-29T07:28:36.000Z","volume":2000,"label":" ","price":8.36},{"type":"U","date":"2018-03-29T07:29:27.000Z","volume":671,"label":"D","price":8.3},{"type":"B","date":"2018-03-29T07:30:16.000Z","volume":2000,"label":" ","price":8.35},{"type":"B","date":"2018-03-29T07:30:20.000Z","volume":4000,"label":" ","price":8.35},{"type":"U","date":"2018-03-29T07:30:21.000Z","volume":1601,"label":"D","price":8.31},{"type":"B","date":"2018-03-29T07:30:21.000Z","volume":2000,"label":" ","price":8.35},{"type":"B","date":"2018-03-29T07:30:21.000Z","volume":2000,"label":" ","price":8.35},{"type":"B","date":"2018-03-29T07:31:29.000Z","volume":2000,"label":" ","price":8.35},{"type":"B","date":"2018-03-29T07:36:45.000Z","volume":2000,"label":" ","price":8.34},{"type":"B","date":"2018-03-29T07:37:00.000Z","volume":2000,"label":" ","price":8.34},{"type":"B","date":"2018-03-29T07:39:40.000Z","volume":6000,"label":" ","price":8.34},{"type":"B","date":"2018-03-29T07:39:41.000Z","volume":2000,"label":" ","price":8.3},{"type":"B","date":"2018-03-29T07:39:45.000Z","volume":2000,"label":" ","price":8.3},{"type":"B","date":"2018-03-29T07:40:23.000Z","volume":2000,"label":" ","price":8.2},{"type":"A","date":"2018-03-29T07:40:39.000Z","volume":2000,"label":" ","price":8.2},{"type":"B","date":"2018-03-29T07:40:39.000Z","volume":2000,"label":" ","price":8.18},{"type":"A","date":"2018-03-29T07:40:39.000Z","volume":2000,"label":" ","price":8.19},{"type":"B","date":"2018-03-29T07:41:11.000Z","volume":2000,"label":" ","price":8.1},{"type":"A","date":"2018-03-29T07:43:03.000Z","volume":6000,"label":" ","price":8.18},{"type":"A","date":"2018-03-29T07:43:06.000Z","volume":2000,"label":" ","price":8.18},{"type":"A","date":"2018-03-29T07:44:20.000Z","volume":2000,"label":" ","price":8.18},{"type":"A","date":"2018-03-29T07:44:35.000Z","volume":2000,"label":" ","price":8.18},{"type":"A","date":"2018-03-29T07:44:35.000Z","volume":2000,"label":" ","price":8.18},{"type":"A","date":"2018-03-29T07:44:35.000Z","volume":2000,"label":"Y","price":8.19},{"type":"B","date":"2018-03-29T07:44:42.000Z","volume":2000,"label":" ","price":8.18},{"type":"B","date":"2018-03-29T07:51:14.000Z","volume":12000,"label":" ","price":8.2},{"type":"B","date":"2018-03-29T07:51:15.000Z","volume":2000,"label":" ","price":8.2},{"type":"B","date":"2018-03-29T07:51:15.000Z","volume":2000,"label":" ","price":8.2},{"type":"B","date":"2018-03-29T07:51:17.000Z","volume":2000,"label":" ","price":8.2},{"type":"B","date":"2018-03-29T07:52:03.000Z","volume":2000,"label":" ","price":8.3},{"type":"B","date":"2018-03-29T07:52:05.000Z","volume":4000,"label":" ","price":8.3},{"type":"B","date":"2018-03-29T07:52:05.000Z","volume":2000,"label":" ","price":8.3},{"type":"B","date":"2018-03-29T07:52:07.000Z","volume":4000,"label":" ","price":8.3},{"type":"A","date":"2018-03-29T07:52:42.000Z","volume":8000,"label":" ","price":8.37},{"type":"A","date":"2018-03-29T07:52:42.000Z","volume":2000,"label":" ","price":8.38},{"type":"A","date":"2018-03-29T07:52:42.000Z","volume":22000,"label":" ","price":8.4},{"type":"B","date":"2018-03-29T07:52:42.000Z","volume":4000,"label":" ","price":8.4},{"type":"B","date":"2018-03-29T07:53:25.000Z","volume":2000,"label":" ","price":8.4},{"type":"B","date":"2018-03-29T07:53:50.000Z","volume":2000,"label":" ","price":8.4},{"type":"A","date":"2018-03-29T07:54:31.000Z","volume":8000,"label":" ","price":8.57},{"type":"B","date":"2018-03-29T07:54:31.000Z","volume":2000,"label":" ","price":8.4},{"type":"B","date":"2018-03-29T07:54:40.000Z","volume":2000,"label":" ","price":8.4},{"type":"A","date":"2018-03-29T07:54:45.000Z","volume":6000,"label":" ","price":8.58},{"type":"U","date":"2018-03-29T07:55:09.000Z","volume":10000,"label":" ","price":8.7},{"type":"B","date":"2018-03-29T07:55:09.000Z","volume":6000,"label":" ","price":8.7},{"type":"B","date":"2018-03-29T07:55:09.000Z","volume":2000,"label":" ","price":8.7},{"type":"B","date":"2018-03-29T07:55:11.000Z","volume":2000,"label":" ","price":8.7},{"type":"B","date":"2018-03-29T07:55:17.000Z","volume":16000,"label":" ","price":8.7},{"type":"B","date":"2018-03-29T07:55:20.000Z","volume":2000,"label":" ","price":8.7},{"type":"B","date":"2018-03-29T07:55:22.000Z","volume":14000,"label":" ","price":8.7},{"type":"B","date":"2018-03-29T07:55:22.000Z","volume":2000,"label":" ","price":8.7},{"type":"B","date":"2018-03-29T07:55:30.000Z","volume":2000,"label":" ","price":8.7},{"type":"A","date":"2018-03-29T07:55:41.000Z","volume":8000,"label":" ","price":8.72},{"type":"B","date":"2018-03-29T07:55:42.000Z","volume":4000,"label":" ","price":8.72},{"type":"B","date":"2018-03-29T07:55:42.000Z","volume":2000,"label":" ","price":8.7},{"type":"A","date":"2018-03-29T07:56:20.000Z","volume":36000,"label":" ","price":8.79},{"type":"A","date":"2018-03-29T07:56:20.000Z","volume":2000,"label":" ","price":8.8},{"type":"B","date":"2018-03-29T07:56:20.000Z","volume":2000,"label":" ","price":8.7},{"type":"B","date":"2018-03-29T07:56:26.000Z","volume":16000,"label":" ","price":8.7},{"type":"A","date":"2018-03-29T07:56:39.000Z","volume":2000,"label":" ","price":8.82},{"type":"B","date":"2018-03-29T07:56:39.000Z","volume":2000,"label":" ","price":8.7},{"type":"B","date":"2018-03-29T07:57:06.000Z","volume":4000,"label":" ","price":8.75},{"type":"B","date":"2018-03-29T07:57:06.000Z","volume":4000,"label":" ","price":8.7},{"type":"B","date":"2018-03-29T07:57:20.000Z","volume":2000,"label":" ","price":8.7},{"type":"A","date":"2018-03-29T07:57:36.000Z","volume":10000,"label":" ","price":8.74},{"type":"A","date":"2018-03-29T07:57:36.000Z","volume":2000,"label":" ","price":8.83},{"type":"B","date":"2018-03-29T07:57:36.000Z","volume":2000,"label":" ","price":8.72},{"type":"A","date":"2018-03-29T07:58:17.000Z","volume":2000,"label":" ","price":8.82},{"type":"A","date":"2018-03-29T07:59:10.000Z","volume":2000,"label":" ","price":8.82},{"type":"A","date":"2018-03-29T07:59:11.000Z","volume":2000,"label":" ","price":8.82},{"type":"B","date":"2018-03-29T07:59:12.000Z","volume":2000,"label":" ","price":8.7},{"type":"A","date":"2018-03-29T07:59:12.000Z","volume":2000,"label":" ","price":8.82},{"type":"B","date":"2018-03-29T07:59:12.000Z","volume":2000,"label":" ","price":8.7},{"type":"B","date":"2018-03-29T07:59:17.000Z","volume":2000,"label":" ","price":8.7},{"type":"B","date":"2018-03-29T07:59:18.000Z","volume":2000,"label":" ","price":8.7},{"type":"B","date":"2018-03-29T07:59:30.000Z","volume":2000,"label":" ","price":8.7},{"type":"B","date":"2018-03-29T07:59:30.000Z","volume":2000,"label":" ","price":8.7},{"type":"U","date":"2018-03-29T07:59:32.000Z","volume":2000,"label":" ","price":8.79},{"type":"A","date":"2018-03-29T07:59:39.000Z","volume":2000,"label":" ","price":8.8},{"type":"A","date":"2018-03-29T07:59:40.000Z","volume":2000,"label":" ","price":8.8},{"type":"B","date":"2018-03-29T07:59:45.000Z","volume":2000,"label":" ","price":8.79},{"type":"B","date":"2018-03-29T07:59:45.000Z","volume":2000,"label":" ","price":8.79},{"type":"A","date":"2018-03-29T07:59:52.000Z","volume":2000,"label":" ","price":8.8},{"type":"A","date":"2018-03-29T07:59:54.000Z","volume":2000,"label":" ","price":8.8},{"type":"B","date":"2018-03-29T07:59:54.000Z","volume":2000,"label":" ","price":8.79}]