[{"type":"B","date":"2018-04-17T01:40:23.000Z","volume":30000,"label":"Y","price":0.162},{"type":"U","date":"2018-04-17T02:32:18.000Z","volume":20000,"label":" ","price":0.164},{"type":"B","date":"2018-04-17T02:44:17.000Z","volume":400000,"label":" ","price":0.163},{"type":"A","date":"2018-04-17T02:44:17.000Z","volume":100000,"label":" ","price":0.163},{"type":"B","date":"2018-04-17T02:47:12.000Z","volume":10000,"label":" ","price":0.164},{"type":"A","date":"2018-04-17T02:47:26.000Z","volume":10000,"label":" ","price":0.165},{"type":"B","date":"2018-04-17T03:20:01.000Z","volume":40000,"label":" ","price":0.164},{"type":"B","date":"2018-04-17T03:20:01.000Z","volume":300000,"label":" ","price":0.163},{"type":"B","date":"2018-04-17T03:20:01.000Z","volume":270000,"label":" ","price":0.162},{"type":"B","date":"2018-04-17T03:20:01.000Z","volume":340000,"label":"Y","price":0.161},{"type":"B","date":"2018-04-17T03:20:39.000Z","volume":90000,"label":"Y","price":0.161},{"type":"A","date":"2018-04-17T03:20:39.000Z","volume":20000,"label":" ","price":0.161},{"type":"A","date":"2018-04-17T03:21:58.000Z","volume":60000,"label":"Y","price":0.162},{"type":"B","date":"2018-04-17T03:28:29.000Z","volume":360000,"label":" ","price":0.161},{"type":"B","date":"2018-04-17T03:44:05.000Z","volume":420000,"label":" ","price":0.161},{"type":"A","date":"2018-04-17T03:47:35.000Z","volume":240000,"label":" ","price":0.163},{"type":"A","date":"2018-04-17T05:00:04.000Z","volume":500000,"label":" ","price":0.163},{"type":"B","date":"2018-04-17T06:31:55.000Z","volume":50000,"label":" ","price":0.163},{"type":"B","date":"2018-04-17T07:02:31.000Z","volume":200000,"label":"Y","price":0.162},{"type":"B","date":"2018-04-17T07:02:31.000Z","volume":600000,"label":" ","price":0.161},{"type":"B","date":"2018-04-17T07:50:59.000Z","volume":100000,"label":" ","price":0.161},{"type":"B","date":"2018-04-17T07:51:50.000Z","volume":200000,"label":" ","price":0.161},{"type":"A","date":"2018-04-17T07:59:25.000Z","volume":460000,"label":" ","price":0.163},{"type":"A","date":"2018-04-17T07:59:25.000Z","volume":400000,"label":" ","price":0.164}]