[{"type":"U","date":"2018-04-06T01:20:00.000Z","volume":7000,"label":"U","price":81.55},{"type":"A","date":"2018-04-06T01:30:02.000Z","volume":1000,"label":" ","price":81.7},{"type":"A","date":"2018-04-06T01:30:02.000Z","volume":3000,"label":" ","price":81.7},{"type":"A","date":"2018-04-06T01:30:09.000Z","volume":2000,"label":" ","price":81.85},{"type":"A","date":"2018-04-06T01:30:10.000Z","volume":1000,"label":"Y","price":81.85},{"type":"A","date":"2018-04-06T01:30:11.000Z","volume":3000,"label":" ","price":81.95},{"type":"A","date":"2018-04-06T01:30:11.000Z","volume":6000,"label":" ","price":82},{"type":"U","date":"2018-04-06T01:30:12.000Z","volume":1000,"label":" ","price":82.2},{"type":"A","date":"2018-04-06T01:30:12.000Z","volume":1000,"label":" ","price":82.2},{"type":"A","date":"2018-04-06T01:30:14.000Z","volume":2000,"label":" ","price":82.5},{"type":"A","date":"2018-04-06T01:30:14.000Z","volume":1000,"label":" ","price":82.7},{"type":"U","date":"2018-04-06T01:30:14.000Z","volume":1000,"label":" ","price":82.75},{"type":"A","date":"2018-04-06T01:30:17.000Z","volume":2000,"label":" ","price":83},{"type":"B","date":"2018-04-06T01:30:31.000Z","volume":5000,"label":" ","price":83},{"type":"B","date":"2018-04-06T01:30:31.000Z","volume":1000,"label":"Y","price":82.8},{"type":"U","date":"2018-04-06T01:30:33.000Z","volume":1000,"label":" ","price":82.8},{"type":"B","date":"2018-04-06T01:31:02.000Z","volume":4000,"label":" ","price":82.75},{"type":"B","date":"2018-04-06T01:31:02.000Z","volume":2000,"label":" ","price":82.55},{"type":"A","date":"2018-04-06T01:33:14.000Z","volume":1000,"label":" ","price":82.35},{"type":"A","date":"2018-04-06T01:33:19.000Z","volume":3000,"label":" ","price":82.35},{"type":"A","date":"2018-04-06T01:34:20.000Z","volume":3000,"label":" ","price":82.45},{"type":"A","date":"2018-04-06T01:34:20.000Z","volume":1000,"label":"Y","price":82.45},{"type":"A","date":"2018-04-06T01:34:23.000Z","volume":1000,"label":" ","price":82.7},{"type":"A","date":"2018-04-06T01:34:23.000Z","volume":1000,"label":" ","price":82.7},{"type":"B","date":"2018-04-06T01:34:26.000Z","volume":1000,"label":" ","price":82.45},{"type":"B","date":"2018-04-06T01:34:45.000Z","volume":3000,"label":" ","price":82.3},{"type":"B","date":"2018-04-06T01:34:45.000Z","volume":1000,"label":" ","price":82.1},{"type":"B","date":"2018-04-06T01:34:45.000Z","volume":1000,"label":" ","price":82.1},{"type":"U","date":"2018-04-06T01:34:48.000Z","volume":1000,"label":" ","price":82.2},{"type":"A","date":"2018-04-06T01:35:30.000Z","volume":1000,"label":" ","price":82.3},{"type":"U","date":"2018-04-06T01:37:04.000Z","volume":1000,"label":" ","price":82.25},{"type":"B","date":"2018-04-06T01:37:13.000Z","volume":2000,"label":" ","price":82.05},{"type":"B","date":"2018-04-06T01:38:39.000Z","volume":5000,"label":" ","price":82.05},{"type":"B","date":"2018-04-06T01:38:39.000Z","volume":3000,"label":" ","price":82.05},{"type":"U","date":"2018-04-06T01:38:43.000Z","volume":1000,"label":" ","price":82.1},{"type":"A","date":"2018-04-06T01:38:58.000Z","volume":9000,"label":" ","price":82.2},{"type":"U","date":"2018-04-06T01:39:00.000Z","volume":2000,"label":" ","price":82.1},{"type":"A","date":"2018-04-06T01:39:00.000Z","volume":1000,"label":" ","price":82.1},{"type":"B","date":"2018-04-06T01:39:00.000Z","volume":4000,"label":" ","price":82.1},{"type":"A","date":"2018-04-06T01:39:00.000Z","volume":1000,"label":" ","price":82.1},{"type":"A","date":"2018-04-06T01:39:00.000Z","volume":1000,"label":" ","price":82.1},{"type":"B","date":"2018-04-06T01:40:00.000Z","volume":9000,"label":" ","price":82.05},{"type":"B","date":"2018-04-06T01:40:00.000Z","volume":12000,"label":" ","price":82},{"type":"B","date":"2018-04-06T01:40:00.000Z","volume":2000,"label":" ","price":81.8},{"type":"U","date":"2018-04-06T01:43:08.000Z","volume":1000,"label":" ","price":81.5},{"type":"A","date":"2018-04-06T01:43:19.000Z","volume":5000,"label":" ","price":81.7},{"type":"A","date":"2018-04-06T01:43:19.000Z","volume":1000,"label":" ","price":81.7},{"type":"A","date":"2018-04-06T01:43:50.000Z","volume":24000,"label":" ","price":81.75},{"type":"A","date":"2018-04-06T01:43:50.000Z","volume":2000,"label":" ","price":81.8},{"type":"A","date":"2018-04-06T01:43:50.000Z","volume":4000,"label":" ","price":81.75},{"type":"A","date":"2018-04-06T01:43:50.000Z","volume":1000,"label":" ","price":81.95},{"type":"A","date":"2018-04-06T01:43:50.000Z","volume":1000,"label":" ","price":81.95},{"type":"A","date":"2018-04-06T01:43:50.000Z","volume":1000,"label":" ","price":81.75},{"type":"A","date":"2018-04-06T01:43:51.000Z","volume":3000,"label":" ","price":82},{"type":"B","date":"2018-04-06T01:45:06.000Z","volume":11000,"label":" ","price":81.9},{"type":"B","date":"2018-04-06T01:45:06.000Z","volume":2000,"label":" ","price":81.85},{"type":"B","date":"2018-04-06T01:45:06.000Z","volume":1000,"label":" ","price":81.85},{"type":"B","date":"2018-04-06T01:45:10.000Z","volume":1000,"label":" ","price":81.75},{"type":"B","date":"2018-04-06T01:45:18.000Z","volume":1000,"label":" ","price":81.65},{"type":"A","date":"2018-04-06T01:49:38.000Z","volume":5000,"label":" ","price":81.85},{"type":"A","date":"2018-04-06T01:51:09.000Z","volume":1000,"label":" ","price":82},{"type":"B","date":"2018-04-06T01:51:54.000Z","volume":3000,"label":" ","price":81.9},{"type":"A","date":"2018-04-06T01:52:56.000Z","volume":1000,"label":" ","price":82},{"type":"A","date":"2018-04-06T01:57:09.000Z","volume":7000,"label":" ","price":82},{"type":"A","date":"2018-04-06T01:57:10.000Z","volume":1000,"label":" ","price":82},{"type":"A","date":"2018-04-06T01:57:10.000Z","volume":19000,"label":" ","price":82},{"type":"B","date":"2018-04-06T01:57:25.000Z","volume":13000,"label":" ","price":82},{"type":"B","date":"2018-04-06T01:57:25.000Z","volume":7000,"label":" ","price":81.95},{"type":"A","date":"2018-04-06T01:57:34.000Z","volume":4000,"label":" ","price":81.95},{"type":"A","date":"2018-04-06T01:57:45.000Z","volume":1000,"label":" ","price":81.95},{"type":"A","date":"2018-04-06T02:00:11.000Z","volume":5000,"label":" ","price":81.95},{"type":"A","date":"2018-04-06T02:01:34.000Z","volume":1000,"label":" ","price":82.1},{"type":"U","date":"2018-04-06T02:01:38.000Z","volume":700,"label":"D","price":82.1},{"type":"A","date":"2018-04-06T02:02:17.000Z","volume":3000,"label":" ","price":82.1},{"type":"B","date":"2018-04-06T02:03:08.000Z","volume":3000,"label":" ","price":82},{"type":"A","date":"2018-04-06T02:03:46.000Z","volume":3000,"label":" ","price":82.2},{"type":"B","date":"2018-04-06T02:05:17.000Z","volume":13000,"label":" ","price":82.05},{"type":"B","date":"2018-04-06T02:05:17.000Z","volume":5000,"label":" ","price":82},{"type":"A","date":"2018-04-06T02:05:17.000Z","volume":12000,"label":" ","price":82},{"type":"A","date":"2018-04-06T02:05:17.000Z","volume":24000,"label":" ","price":82},{"type":"A","date":"2018-04-06T02:05:19.000Z","volume":2000,"label":" ","price":82},{"type":"A","date":"2018-04-06T02:05:19.000Z","volume":1000,"label":" ","price":82},{"type":"A","date":"2018-04-06T02:05:19.000Z","volume":6000,"label":" ","price":82},{"type":"A","date":"2018-04-06T02:05:21.000Z","volume":78000,"label":" ","price":82},{"type":"A","date":"2018-04-06T02:05:21.000Z","volume":1000,"label":" ","price":82.2},{"type":"A","date":"2018-04-06T02:05:22.000Z","volume":2000,"label":" ","price":82.2},{"type":"A","date":"2018-04-06T02:05:22.000Z","volume":9000,"label":" ","price":82.3},{"type":"A","date":"2018-04-06T02:05:24.000Z","volume":14000,"label":" ","price":82.3},{"type":"A","date":"2018-04-06T02:05:25.000Z","volume":1000,"label":" ","price":82.4},{"type":"A","date":"2018-04-06T02:05:37.000Z","volume":12000,"label":" ","price":82.45},{"type":"A","date":"2018-04-06T02:05:38.000Z","volume":2000,"label":" ","price":82.8},{"type":"A","date":"2018-04-06T02:05:39.000Z","volume":1000,"label":" ","price":82.8},{"type":"A","date":"2018-04-06T02:08:36.000Z","volume":6000,"label":" ","price":82.7},{"type":"A","date":"2018-04-06T02:08:36.000Z","volume":3000,"label":" ","price":82.7},{"type":"A","date":"2018-04-06T02:08:37.000Z","volume":1000,"label":" ","price":82.9},{"type":"A","date":"2018-04-06T02:08:37.000Z","volume":1000,"label":" ","price":83},{"type":"B","date":"2018-04-06T02:08:40.000Z","volume":3000,"label":" ","price":82.7},{"type":"U","date":"2018-04-06T02:08:42.000Z","volume":2000,"label":" ","price":82.45},{"type":"U","date":"2018-04-06T02:08:42.000Z","volume":1000,"label":" ","price":82.45},{"type":"A","date":"2018-04-06T02:08:43.000Z","volume":1000,"label":" ","price":82.65},{"type":"U","date":"2018-04-06T02:08:49.000Z","volume":1000,"label":" ","price":82.45},{"type":"U","date":"2018-04-06T02:08:49.000Z","volume":1000,"label":" ","price":82.45},{"type":"A","date":"2018-04-06T02:09:04.000Z","volume":1000,"label":" ","price":82.65},{"type":"A","date":"2018-04-06T02:09:04.000Z","volume":1000,"label":" ","price":82.65},{"type":"B","date":"2018-04-06T02:09:08.000Z","volume":1000,"label":" ","price":82.45},{"type":"A","date":"2018-04-06T02:14:15.000Z","volume":1000,"label":" ","price":82.75},{"type":"A","date":"2018-04-06T02:14:16.000Z","volume":1000,"label":" ","price":82.75},{"type":"U","date":"2018-04-06T02:17:32.000Z","volume":1000,"label":" ","price":82.6},{"type":"A","date":"2018-04-06T02:17:32.000Z","volume":2000,"label":" ","price":82.6},{"type":"A","date":"2018-04-06T02:17:32.000Z","volume":1000,"label":" ","price":82.6},{"type":"A","date":"2018-04-06T02:17:32.000Z","volume":1000,"label":" ","price":82.6},{"type":"A","date":"2018-04-06T02:18:10.000Z","volume":1000,"label":" ","price":82.65},{"type":"A","date":"2018-04-06T02:18:12.000Z","volume":1000,"label":" ","price":82.65},{"type":"A","date":"2018-04-06T02:18:13.000Z","volume":1000,"label":" ","price":82.65},{"type":"A","date":"2018-04-06T02:18:13.000Z","volume":1000,"label":"Y","price":82.65},{"type":"A","date":"2018-04-06T02:18:13.000Z","volume":3000,"label":" ","price":82.65},{"type":"A","date":"2018-04-06T02:18:14.000Z","volume":3000,"label":" ","price":82.7},{"type":"A","date":"2018-04-06T02:18:15.000Z","volume":2000,"label":" ","price":82.7},{"type":"A","date":"2018-04-06T02:18:15.000Z","volume":1000,"label":" ","price":82.7},{"type":"A","date":"2018-04-06T02:18:15.000Z","volume":1000,"label":" ","price":82.75},{"type":"A","date":"2018-04-06T02:18:15.000Z","volume":1000,"label":" ","price":82.75},{"type":"A","date":"2018-04-06T02:18:16.000Z","volume":11000,"label":" ","price":82.75},{"type":"A","date":"2018-04-06T02:18:16.000Z","volume":6000,"label":" ","price":83},{"type":"B","date":"2018-04-06T02:18:19.000Z","volume":7000,"label":" ","price":82.85},{"type":"A","date":"2018-04-06T02:18:21.000Z","volume":1000,"label":" ","price":83.3},{"type":"B","date":"2018-04-06T02:18:27.000Z","volume":1000,"label":" ","price":82.95},{"type":"A","date":"2018-04-06T02:19:04.000Z","volume":3000,"label":" ","price":83.15},{"type":"U","date":"2018-04-06T02:20:14.000Z","volume":202,"label":"D","price":82.15},{"type":"A","date":"2018-04-06T02:22:55.000Z","volume":3000,"label":" ","price":83.25},{"type":"A","date":"2018-04-06T02:22:55.000Z","volume":1000,"label":" ","price":83.25},{"type":"A","date":"2018-04-06T02:22:55.000Z","volume":2000,"label":" ","price":83.3},{"type":"A","date":"2018-04-06T02:22:55.000Z","volume":1000,"label":" ","price":83.3},{"type":"A","date":"2018-04-06T02:22:55.000Z","volume":1000,"label":" ","price":83.25},{"type":"A","date":"2018-04-06T02:22:55.000Z","volume":1000,"label":" ","price":83.3},{"type":"A","date":"2018-04-06T02:22:56.000Z","volume":1000,"label":" ","price":83.45},{"type":"A","date":"2018-04-06T02:22:56.000Z","volume":1000,"label":" ","price":83.5},{"type":"B","date":"2018-04-06T02:22:57.000Z","volume":1000,"label":" ","price":83.3},{"type":"A","date":"2018-04-06T02:23:05.000Z","volume":2000,"label":" ","price":83.45},{"type":"A","date":"2018-04-06T02:23:05.000Z","volume":2000,"label":" ","price":83.5},{"type":"A","date":"2018-04-06T02:23:10.000Z","volume":1000,"label":" ","price":83.5},{"type":"A","date":"2018-04-06T02:23:10.000Z","volume":1000,"label":" ","price":83.7},{"type":"A","date":"2018-04-06T02:23:10.000Z","volume":1000,"label":" ","price":83.7},{"type":"B","date":"2018-04-06T02:23:11.000Z","volume":1000,"label":" ","price":83.5},{"type":"B","date":"2018-04-06T02:23:20.000Z","volume":6000,"label":" ","price":83.6},{"type":"A","date":"2018-04-06T02:23:21.000Z","volume":1000,"label":" ","price":83.7},{"type":"B","date":"2018-04-06T02:23:23.000Z","volume":1000,"label":" ","price":83.6},{"type":"B","date":"2018-04-06T02:23:23.000Z","volume":2000,"label":" ","price":83.55},{"type":"B","date":"2018-04-06T02:23:31.000Z","volume":1000,"label":" ","price":83.5},{"type":"B","date":"2018-04-06T02:23:31.000Z","volume":3000,"label":" ","price":83.5},{"type":"B","date":"2018-04-06T02:23:36.000Z","volume":1000,"label":" ","price":83.45},{"type":"B","date":"2018-04-06T02:24:03.000Z","volume":3000,"label":" ","price":83.35},{"type":"B","date":"2018-04-06T02:24:06.000Z","volume":1000,"label":" ","price":83.1},{"type":"B","date":"2018-04-06T02:24:44.000Z","volume":2000,"label":"Y","price":83},{"type":"B","date":"2018-04-06T02:24:44.000Z","volume":2000,"label":" ","price":83},{"type":"B","date":"2018-04-06T02:24:44.000Z","volume":1000,"label":" ","price":82.95},{"type":"A","date":"2018-04-06T02:24:45.000Z","volume":7000,"label":" ","price":83},{"type":"A","date":"2018-04-06T02:24:45.000Z","volume":2000,"label":" ","price":83},{"type":"B","date":"2018-04-06T02:24:51.000Z","volume":1000,"label":" ","price":83.15},{"type":"B","date":"2018-04-06T02:24:51.000Z","volume":1000,"label":" ","price":83.15},{"type":"B","date":"2018-04-06T02:26:18.000Z","volume":1000,"label":" ","price":83.1},{"type":"B","date":"2018-04-06T02:28:03.000Z","volume":1000,"label":" ","price":83.1},{"type":"B","date":"2018-04-06T02:30:00.000Z","volume":1000,"label":" ","price":83.25},{"type":"A","date":"2018-04-06T02:30:00.000Z","volume":1000,"label":" ","price":83.3},{"type":"U","date":"2018-04-06T02:30:03.000Z","volume":241,"label":"D","price":83.3},{"type":"A","date":"2018-04-06T02:32:10.000Z","volume":1000,"label":"Y","price":83.3},{"type":"A","date":"2018-04-06T02:32:24.000Z","volume":2000,"label":" ","price":83.3},{"type":"A","date":"2018-04-06T02:32:35.000Z","volume":1000,"label":" ","price":83.3},{"type":"B","date":"2018-04-06T02:32:41.000Z","volume":1000,"label":" ","price":83.25},{"type":"A","date":"2018-04-06T02:32:54.000Z","volume":3000,"label":" ","price":83.3},{"type":"A","date":"2018-04-06T02:33:45.000Z","volume":1000,"label":" ","price":83.35},{"type":"A","date":"2018-04-06T02:33:45.000Z","volume":1000,"label":" ","price":83.35},{"type":"A","date":"2018-04-06T02:35:27.000Z","volume":1000,"label":" ","price":83.35},{"type":"A","date":"2018-04-06T02:36:25.000Z","volume":1000,"label":" ","price":83.35},{"type":"A","date":"2018-04-06T02:36:25.000Z","volume":1000,"label":" ","price":83.35},{"type":"A","date":"2018-04-06T02:37:12.000Z","volume":1000,"label":" ","price":83.4},{"type":"A","date":"2018-04-06T02:37:16.000Z","volume":1000,"label":" ","price":83.4},{"type":"A","date":"2018-04-06T02:37:17.000Z","volume":1000,"label":" ","price":83.45},{"type":"U","date":"2018-04-06T02:37:26.000Z","volume":1000,"label":" ","price":83.45},{"type":"A","date":"2018-04-06T02:37:27.000Z","volume":1000,"label":" ","price":83.45},{"type":"A","date":"2018-04-06T02:37:32.000Z","volume":2000,"label":" ","price":83.5},{"type":"A","date":"2018-04-06T02:37:32.000Z","volume":2000,"label":" ","price":83.5},{"type":"U","date":"2018-04-06T02:37:40.000Z","volume":1000,"label":" ","price":83.55},{"type":"U","date":"2018-04-06T02:37:40.000Z","volume":1000,"label":"Y","price":83.55},{"type":"A","date":"2018-04-06T02:37:42.000Z","volume":1000,"label":" ","price":83.6},{"type":"A","date":"2018-04-06T02:37:42.000Z","volume":1000,"label":" ","price":83.6},{"type":"A","date":"2018-04-06T02:37:53.000Z","volume":1000,"label":" ","price":83.7},{"type":"U","date":"2018-04-06T02:37:58.000Z","volume":1000,"label":" ","price":83.7},{"type":"A","date":"2018-04-06T02:38:05.000Z","volume":1000,"label":" ","price":83.7},{"type":"B","date":"2018-04-06T02:38:18.000Z","volume":2000,"label":" ","price":83.65},{"type":"B","date":"2018-04-06T02:38:18.000Z","volume":2000,"label":" ","price":83.6},{"type":"B","date":"2018-04-06T02:38:22.000Z","volume":2000,"label":" ","price":83.55},{"type":"B","date":"2018-04-06T02:38:22.000Z","volume":1000,"label":" ","price":83.5},{"type":"B","date":"2018-04-06T02:38:27.000Z","volume":1000,"label":" ","price":83.5},{"type":"B","date":"2018-04-06T02:39:05.000Z","volume":6000,"label":" ","price":83.5},{"type":"B","date":"2018-04-06T02:39:10.000Z","volume":1000,"label":" ","price":83.45},{"type":"B","date":"2018-04-06T02:39:13.000Z","volume":1000,"label":" ","price":83.45},{"type":"A","date":"2018-04-06T02:39:23.000Z","volume":3000,"label":" ","price":83.5},{"type":"B","date":"2018-04-06T02:39:50.000Z","volume":6000,"label":" ","price":83.45},{"type":"A","date":"2018-04-06T02:39:50.000Z","volume":1000,"label":" ","price":83.55},{"type":"B","date":"2018-04-06T02:39:51.000Z","volume":1000,"label":" ","price":83.4},{"type":"A","date":"2018-04-06T02:40:19.000Z","volume":5000,"label":" ","price":83.5},{"type":"A","date":"2018-04-06T02:40:19.000Z","volume":1000,"label":" ","price":83.5},{"type":"A","date":"2018-04-06T02:40:21.000Z","volume":1000,"label":" ","price":83.5},{"type":"A","date":"2018-04-06T02:40:23.000Z","volume":1000,"label":" ","price":83.5},{"type":"A","date":"2018-04-06T02:40:26.000Z","volume":3000,"label":" ","price":83.5},{"type":"A","date":"2018-04-06T02:40:29.000Z","volume":1000,"label":" ","price":83.5},{"type":"A","date":"2018-04-06T02:40:50.000Z","volume":3000,"label":" ","price":83.5},{"type":"U","date":"2018-04-06T02:42:10.000Z","volume":3000,"label":" ","price":83.5},{"type":"B","date":"2018-04-06T02:42:10.000Z","volume":1000,"label":" ","price":83.5},{"type":"A","date":"2018-04-06T02:42:10.000Z","volume":1000,"label":" ","price":83.6},{"type":"A","date":"2018-04-06T02:42:11.000Z","volume":1000,"label":" ","price":83.65},{"type":"A","date":"2018-04-06T02:42:11.000Z","volume":1000,"label":"Y","price":83.65},{"type":"B","date":"2018-04-06T02:42:15.000Z","volume":2000,"label":" ","price":83.5},{"type":"A","date":"2018-04-06T02:42:23.000Z","volume":2000,"label":" ","price":83.65},{"type":"A","date":"2018-04-06T02:42:25.000Z","volume":1000,"label":" ","price":83.65},{"type":"A","date":"2018-04-06T02:42:35.000Z","volume":1000,"label":"Y","price":83.65},{"type":"A","date":"2018-04-06T02:42:35.000Z","volume":2000,"label":" ","price":83.65},{"type":"A","date":"2018-04-06T02:42:35.000Z","volume":1000,"label":" ","price":83.65},{"type":"B","date":"2018-04-06T02:45:52.000Z","volume":3000,"label":" ","price":83.55},{"type":"A","date":"2018-04-06T02:45:52.000Z","volume":10000,"label":" ","price":83.6},{"type":"B","date":"2018-04-06T02:45:52.000Z","volume":1000,"label":" ","price":83.55},{"type":"A","date":"2018-04-06T02:45:53.000Z","volume":1000,"label":" ","price":83.55},{"type":"B","date":"2018-04-06T02:45:54.000Z","volume":3000,"label":" ","price":83.5},{"type":"A","date":"2018-04-06T02:45:54.000Z","volume":3000,"label":" ","price":83.7},{"type":"A","date":"2018-04-06T02:45:59.000Z","volume":2000,"label":" ","price":83.6},{"type":"A","date":"2018-04-06T02:46:00.000Z","volume":1000,"label":" ","price":83.6},{"type":"A","date":"2018-04-06T02:52:40.000Z","volume":1000,"label":" ","price":83.85},{"type":"A","date":"2018-04-06T02:54:10.000Z","volume":1000,"label":"Y","price":83.85},{"type":"A","date":"2018-04-06T02:54:12.000Z","volume":1000,"label":" ","price":83.85},{"type":"A","date":"2018-04-06T02:55:11.000Z","volume":1000,"label":" ","price":83.85},{"type":"A","date":"2018-04-06T02:55:31.000Z","volume":8000,"label":" ","price":83.85},{"type":"A","date":"2018-04-06T02:55:31.000Z","volume":1000,"label":" ","price":83.95},{"type":"A","date":"2018-04-06T02:55:32.000Z","volume":1000,"label":" ","price":83.95},{"type":"A","date":"2018-04-06T02:55:36.000Z","volume":2000,"label":" ","price":83.95},{"type":"A","date":"2018-04-06T02:55:38.000Z","volume":1000,"label":" ","price":83.95},{"type":"A","date":"2018-04-06T02:55:38.000Z","volume":1000,"label":" ","price":83.95},{"type":"A","date":"2018-04-06T02:56:05.000Z","volume":1000,"label":" ","price":84},{"type":"A","date":"2018-04-06T02:56:31.000Z","volume":1000,"label":" ","price":84},{"type":"A","date":"2018-04-06T02:56:32.000Z","volume":1000,"label":"Y","price":84},{"type":"A","date":"2018-04-06T02:56:35.000Z","volume":1000,"label":" ","price":84},{"type":"B","date":"2018-04-06T02:57:01.000Z","volume":6000,"label":" ","price":84.05},{"type":"B","date":"2018-04-06T02:57:01.000Z","volume":1000,"label":" ","price":84.05},{"type":"B","date":"2018-04-06T02:57:01.000Z","volume":1000,"label":" ","price":84},{"type":"B","date":"2018-04-06T02:57:01.000Z","volume":1000,"label":" ","price":84},{"type":"B","date":"2018-04-06T02:57:01.000Z","volume":1000,"label":" ","price":84},{"type":"A","date":"2018-04-06T02:57:02.000Z","volume":1000,"label":" ","price":84},{"type":"B","date":"2018-04-06T02:57:03.000Z","volume":2000,"label":" ","price":83.9},{"type":"B","date":"2018-04-06T02:57:03.000Z","volume":1000,"label":" ","price":83.9},{"type":"A","date":"2018-04-06T02:57:22.000Z","volume":1000,"label":" ","price":83.95},{"type":"A","date":"2018-04-06T03:00:32.000Z","volume":1000,"label":" ","price":83.9},{"type":"B","date":"2018-04-06T03:00:33.000Z","volume":1000,"label":" ","price":83.75},{"type":"A","date":"2018-04-06T03:00:33.000Z","volume":1000,"label":" ","price":83.9},{"type":"A","date":"2018-04-06T03:01:45.000Z","volume":1000,"label":" ","price":83.9},{"type":"A","date":"2018-04-06T03:03:19.000Z","volume":1000,"label":" ","price":83.85},{"type":"A","date":"2018-04-06T03:03:23.000Z","volume":1000,"label":" ","price":83.85},{"type":"A","date":"2018-04-06T03:03:26.000Z","volume":1000,"label":" ","price":83.85},{"type":"B","date":"2018-04-06T03:03:31.000Z","volume":1000,"label":" ","price":83.8},{"type":"B","date":"2018-04-06T03:04:19.000Z","volume":2000,"label":" ","price":83.85},{"type":"A","date":"2018-04-06T03:04:22.000Z","volume":1000,"label":" ","price":83.9},{"type":"B","date":"2018-04-06T03:04:23.000Z","volume":1000,"label":" ","price":83.85},{"type":"A","date":"2018-04-06T03:07:23.000Z","volume":3000,"label":" ","price":83.9},{"type":"A","date":"2018-04-06T03:07:23.000Z","volume":3000,"label":" ","price":83.9},{"type":"A","date":"2018-04-06T03:07:24.000Z","volume":1000,"label":"Y","price":83.95},{"type":"A","date":"2018-04-06T03:07:25.000Z","volume":1000,"label":" ","price":84},{"type":"A","date":"2018-04-06T03:10:25.000Z","volume":2000,"label":" ","price":84},{"type":"A","date":"2018-04-06T03:11:00.000Z","volume":1000,"label":" ","price":84},{"type":"A","date":"2018-04-06T03:11:13.000Z","volume":1000,"label":" ","price":84},{"type":"A","date":"2018-04-06T03:11:16.000Z","volume":1000,"label":" ","price":84},{"type":"A","date":"2018-04-06T03:11:29.000Z","volume":2000,"label":" ","price":84},{"type":"B","date":"2018-04-06T03:11:30.000Z","volume":1000,"label":" ","price":83.95},{"type":"B","date":"2018-04-06T03:12:07.000Z","volume":6000,"label":" ","price":83.95},{"type":"B","date":"2018-04-06T03:12:07.000Z","volume":1000,"label":" ","price":83.9},{"type":"B","date":"2018-04-06T03:12:07.000Z","volume":3000,"label":" ","price":83.9},{"type":"B","date":"2018-04-06T03:12:07.000Z","volume":4000,"label":" ","price":83.85},{"type":"A","date":"2018-04-06T03:12:10.000Z","volume":8000,"label":" ","price":83.95},{"type":"A","date":"2018-04-06T03:12:11.000Z","volume":1000,"label":"Y","price":83.95},{"type":"B","date":"2018-04-06T03:12:12.000Z","volume":4000,"label":" ","price":83.8},{"type":"A","date":"2018-04-06T03:12:15.000Z","volume":2000,"label":" ","price":83.95},{"type":"B","date":"2018-04-06T03:12:20.000Z","volume":2000,"label":" ","price":83.8},{"type":"U","date":"2018-04-06T03:12:26.000Z","volume":2000,"label":" ","price":83.9},{"type":"A","date":"2018-04-06T03:12:26.000Z","volume":1000,"label":" ","price":83.9},{"type":"A","date":"2018-04-06T03:12:28.000Z","volume":1000,"label":" ","price":83.95},{"type":"A","date":"2018-04-06T03:13:22.000Z","volume":1000,"label":" ","price":83.95},{"type":"A","date":"2018-04-06T03:13:25.000Z","volume":1000,"label":" ","price":83.95},{"type":"B","date":"2018-04-06T03:15:22.000Z","volume":7000,"label":" ","price":83.8},{"type":"B","date":"2018-04-06T03:15:22.000Z","volume":9000,"label":" ","price":83.8},{"type":"B","date":"2018-04-06T03:15:29.000Z","volume":2000,"label":" ","price":83.75},{"type":"A","date":"2018-04-06T03:15:29.000Z","volume":1000,"label":" ","price":83.85},{"type":"U","date":"2018-04-06T03:15:35.000Z","volume":1000,"label":" ","price":83.8},{"type":"B","date":"2018-04-06T03:15:36.000Z","volume":1000,"label":" ","price":83.75},{"type":"B","date":"2018-04-06T03:18:40.000Z","volume":1000,"label":" ","price":83.75},{"type":"B","date":"2018-04-06T03:18:40.000Z","volume":7000,"label":" ","price":83.75},{"type":"B","date":"2018-04-06T03:18:41.000Z","volume":2000,"label":" ","price":83.7},{"type":"B","date":"2018-04-06T03:18:41.000Z","volume":8000,"label":" ","price":83.7},{"type":"A","date":"2018-04-06T03:18:44.000Z","volume":1000,"label":" ","price":83.75},{"type":"B","date":"2018-04-06T03:18:49.000Z","volume":2000,"label":" ","price":83.6},{"type":"B","date":"2018-04-06T03:18:55.000Z","volume":1000,"label":" ","price":83.6},{"type":"B","date":"2018-04-06T03:20:15.000Z","volume":15000,"label":" ","price":83.6},{"type":"B","date":"2018-04-06T03:20:15.000Z","volume":1000,"label":" ","price":83.6},{"type":"B","date":"2018-04-06T03:20:20.000Z","volume":3000,"label":" ","price":83.55},{"type":"B","date":"2018-04-06T03:20:26.000Z","volume":1000,"label":" ","price":83.5},{"type":"U","date":"2018-04-06T03:23:14.000Z","volume":1000,"label":" ","price":83.6},{"type":"B","date":"2018-04-06T03:23:31.000Z","volume":2000,"label":" ","price":83.5},{"type":"A","date":"2018-04-06T03:23:43.000Z","volume":8000,"label":" ","price":83.55},{"type":"A","date":"2018-04-06T03:23:48.000Z","volume":1000,"label":" ","price":83.55},{"type":"B","date":"2018-04-06T03:23:50.000Z","volume":1000,"label":" ","price":83.45},{"type":"A","date":"2018-04-06T03:23:51.000Z","volume":1000,"label":" ","price":83.55},{"type":"B","date":"2018-04-06T03:23:56.000Z","volume":1000,"label":" ","price":83.45},{"type":"A","date":"2018-04-06T03:24:48.000Z","volume":5000,"label":" ","price":83.55},{"type":"A","date":"2018-04-06T03:24:50.000Z","volume":1000,"label":"Y","price":83.6},{"type":"B","date":"2018-04-06T03:24:51.000Z","volume":1000,"label":" ","price":83.45},{"type":"A","date":"2018-04-06T03:25:44.000Z","volume":5000,"label":" ","price":83.5},{"type":"A","date":"2018-04-06T03:25:46.000Z","volume":1000,"label":"Y","price":83.7},{"type":"A","date":"2018-04-06T03:26:46.000Z","volume":3000,"label":" ","price":83.6},{"type":"A","date":"2018-04-06T03:27:11.000Z","volume":2000,"label":" ","price":83.65},{"type":"A","date":"2018-04-06T03:27:12.000Z","volume":1000,"label":" ","price":83.65},{"type":"A","date":"2018-04-06T03:27:14.000Z","volume":1000,"label":" ","price":83.65},{"type":"A","date":"2018-04-06T03:31:05.000Z","volume":1000,"label":" ","price":83.7},{"type":"A","date":"2018-04-06T03:31:10.000Z","volume":1000,"label":" ","price":83.7},{"type":"A","date":"2018-04-06T03:31:10.000Z","volume":2000,"label":" ","price":83.7},{"type":"A","date":"2018-04-06T03:32:14.000Z","volume":5000,"label":" ","price":83.75},{"type":"A","date":"2018-04-06T03:32:15.000Z","volume":1000,"label":"Y","price":83.85},{"type":"A","date":"2018-04-06T03:32:15.000Z","volume":1000,"label":" ","price":83.85},{"type":"B","date":"2018-04-06T03:32:15.000Z","volume":1000,"label":" ","price":83.7},{"type":"B","date":"2018-04-06T03:34:50.000Z","volume":4000,"label":" ","price":83.75},{"type":"A","date":"2018-04-06T03:34:51.000Z","volume":5000,"label":" ","price":83.8},{"type":"B","date":"2018-04-06T03:34:53.000Z","volume":1000,"label":" ","price":83.75},{"type":"A","date":"2018-04-06T03:35:44.000Z","volume":2000,"label":" ","price":83.8},{"type":"B","date":"2018-04-06T03:35:45.000Z","volume":1000,"label":" ","price":83.75},{"type":"B","date":"2018-04-06T03:35:47.000Z","volume":1000,"label":" ","price":83.75},{"type":"A","date":"2018-04-06T03:35:49.000Z","volume":3000,"label":" ","price":83.8},{"type":"B","date":"2018-04-06T03:35:51.000Z","volume":1000,"label":" ","price":83.75},{"type":"B","date":"2018-04-06T03:36:27.000Z","volume":3000,"label":" ","price":83.75},{"type":"B","date":"2018-04-06T03:37:42.000Z","volume":6000,"label":" ","price":83.7},{"type":"B","date":"2018-04-06T03:37:42.000Z","volume":2000,"label":" ","price":83.65},{"type":"B","date":"2018-04-06T03:38:26.000Z","volume":5000,"label":" ","price":83.6},{"type":"B","date":"2018-04-06T03:38:33.000Z","volume":1000,"label":" ","price":83.55},{"type":"U","date":"2018-04-06T03:40:00.000Z","volume":1000,"label":" ","price":83.6},{"type":"B","date":"2018-04-06T03:40:22.000Z","volume":8000,"label":" ","price":83.55},{"type":"B","date":"2018-04-06T03:40:23.000Z","volume":4000,"label":" ","price":83.5},{"type":"B","date":"2018-04-06T03:40:23.000Z","volume":1000,"label":" ","price":83.5},{"type":"B","date":"2018-04-06T03:40:28.000Z","volume":3000,"label":" ","price":83.45},{"type":"B","date":"2018-04-06T03:40:36.000Z","volume":1000,"label":" ","price":83.45},{"type":"B","date":"2018-04-06T03:40:36.000Z","volume":4000,"label":" ","price":83.45},{"type":"B","date":"2018-04-06T03:40:39.000Z","volume":1000,"label":" ","price":83.2},{"type":"A","date":"2018-04-06T03:41:40.000Z","volume":1000,"label":" ","price":83.15},{"type":"A","date":"2018-04-06T03:41:40.000Z","volume":2000,"label":" ","price":83.2},{"type":"A","date":"2018-04-06T03:41:41.000Z","volume":5000,"label":" ","price":83.3},{"type":"B","date":"2018-04-06T03:41:43.000Z","volume":6000,"label":" ","price":83.2},{"type":"B","date":"2018-04-06T03:41:43.000Z","volume":3000,"label":" ","price":83.15},{"type":"B","date":"2018-04-06T03:41:43.000Z","volume":2000,"label":" ","price":83.1},{"type":"B","date":"2018-04-06T03:41:43.000Z","volume":1000,"label":" ","price":83.1},{"type":"B","date":"2018-04-06T03:41:45.000Z","volume":2000,"label":" ","price":83.1},{"type":"U","date":"2018-04-06T03:41:45.000Z","volume":1000,"label":" ","price":83.1},{"type":"A","date":"2018-04-06T03:41:45.000Z","volume":1000,"label":" ","price":83.1},{"type":"B","date":"2018-04-06T03:41:48.000Z","volume":1000,"label":" ","price":83.05},{"type":"B","date":"2018-04-06T03:41:53.000Z","volume":3000,"label":" ","price":83.05},{"type":"B","date":"2018-04-06T03:41:53.000Z","volume":1000,"label":" ","price":83},{"type":"B","date":"2018-04-06T03:41:57.000Z","volume":1000,"label":" ","price":83},{"type":"U","date":"2018-04-06T03:42:00.000Z","volume":1000,"label":" ","price":83.15},{"type":"A","date":"2018-04-06T03:42:01.000Z","volume":1000,"label":" ","price":83.15},{"type":"A","date":"2018-04-06T03:43:01.000Z","volume":6000,"label":" ","price":83.3},{"type":"U","date":"2018-04-06T03:44:18.000Z","volume":1000,"label":" ","price":83.3},{"type":"B","date":"2018-04-06T03:44:24.000Z","volume":1000,"label":" ","price":83.1},{"type":"A","date":"2018-04-06T03:44:52.000Z","volume":4000,"label":" ","price":83.2},{"type":"A","date":"2018-04-06T03:44:54.000Z","volume":1000,"label":" ","price":83.25},{"type":"A","date":"2018-04-06T03:45:00.000Z","volume":1000,"label":" ","price":83.25},{"type":"A","date":"2018-04-06T03:45:18.000Z","volume":1000,"label":" ","price":83.25},{"type":"A","date":"2018-04-06T03:45:20.000Z","volume":1000,"label":" ","price":83.25},{"type":"A","date":"2018-04-06T03:45:55.000Z","volume":4000,"label":" ","price":83.3},{"type":"A","date":"2018-04-06T03:45:57.000Z","volume":1000,"label":" ","price":83.35},{"type":"B","date":"2018-04-06T03:49:14.000Z","volume":10000,"label":" ","price":83.2},{"type":"B","date":"2018-04-06T03:49:14.000Z","volume":2000,"label":" ","price":83.2},{"type":"B","date":"2018-04-06T03:49:18.000Z","volume":1000,"label":" ","price":83.15},{"type":"A","date":"2018-04-06T03:50:24.000Z","volume":1000,"label":" ","price":83.3},{"type":"A","date":"2018-04-06T03:50:50.000Z","volume":2000,"label":" ","price":83.3},{"type":"A","date":"2018-04-06T03:50:52.000Z","volume":1000,"label":" ","price":83.3},{"type":"A","date":"2018-04-06T03:50:53.000Z","volume":2000,"label":" ","price":83.3},{"type":"A","date":"2018-04-06T03:50:56.000Z","volume":1000,"label":" ","price":83.3},{"type":"B","date":"2018-04-06T03:50:59.000Z","volume":1000,"label":" ","price":83.15},{"type":"B","date":"2018-04-06T03:52:30.000Z","volume":1000,"label":" ","price":83.2},{"type":"B","date":"2018-04-06T03:52:41.000Z","volume":3000,"label":" ","price":83.15},{"type":"A","date":"2018-04-06T03:52:48.000Z","volume":7000,"label":" ","price":83.2},{"type":"A","date":"2018-04-06T03:52:48.000Z","volume":2000,"label":" ","price":83.2},{"type":"A","date":"2018-04-06T03:52:49.000Z","volume":2000,"label":" ","price":83.2},{"type":"B","date":"2018-04-06T03:52:49.000Z","volume":1000,"label":" ","price":83.15},{"type":"A","date":"2018-04-06T03:52:50.000Z","volume":1000,"label":" ","price":83.2},{"type":"A","date":"2018-04-06T03:52:52.000Z","volume":1000,"label":" ","price":83.2},{"type":"A","date":"2018-04-06T03:53:50.000Z","volume":2000,"label":" ","price":83.2},{"type":"A","date":"2018-04-06T03:53:52.000Z","volume":1000,"label":" ","price":83.2},{"type":"A","date":"2018-04-06T03:55:15.000Z","volume":1000,"label":" ","price":83.2},{"type":"B","date":"2018-04-06T03:57:06.000Z","volume":2000,"label":" ","price":83.15},{"type":"B","date":"2018-04-06T03:57:06.000Z","volume":12000,"label":" ","price":83.15},{"type":"B","date":"2018-04-06T03:57:06.000Z","volume":18000,"label":" ","price":83.1},{"type":"U","date":"2018-04-06T03:57:06.000Z","volume":10000,"label":" ","price":83.1},{"type":"U","date":"2018-04-06T03:57:06.000Z","volume":5000,"label":" ","price":83.1},{"type":"A","date":"2018-04-06T03:57:06.000Z","volume":1000,"label":"Y","price":83.2},{"type":"A","date":"2018-04-06T03:57:06.000Z","volume":3000,"label":" ","price":83.2},{"type":"A","date":"2018-04-06T03:57:06.000Z","volume":1000,"label":" ","price":83.2},{"type":"A","date":"2018-04-06T03:57:06.000Z","volume":2000,"label":" ","price":83.2},{"type":"A","date":"2018-04-06T03:57:08.000Z","volume":2000,"label":" ","price":83.15},{"type":"B","date":"2018-04-06T03:57:09.000Z","volume":8000,"label":" ","price":83.1},{"type":"A","date":"2018-04-06T03:57:09.000Z","volume":1000,"label":" ","price":83.1},{"type":"A","date":"2018-04-06T03:57:10.000Z","volume":2000,"label":" ","price":83.2},{"type":"A","date":"2018-04-06T03:57:11.000Z","volume":1000,"label":" ","price":83.15},{"type":"A","date":"2018-04-06T03:57:12.000Z","volume":1000,"label":" ","price":83.15},{"type":"A","date":"2018-04-06T03:57:13.000Z","volume":1000,"label":" ","price":83.2},{"type":"B","date":"2018-04-06T03:57:15.000Z","volume":5000,"label":" ","price":83},{"type":"B","date":"2018-04-06T03:57:23.000Z","volume":1000,"label":" ","price":83},{"type":"A","date":"2018-04-06T03:59:00.000Z","volume":1000,"label":" ","price":83.2},{"type":"A","date":"2018-04-06T03:59:15.000Z","volume":1000,"label":" ","price":83.2},{"type":"B","date":"2018-04-06T03:59:49.000Z","volume":2000,"label":" ","price":83},{"type":"A","date":"2018-04-06T03:59:49.000Z","volume":1000,"label":" ","price":83.15},{"type":"A","date":"2018-04-06T03:59:50.000Z","volume":1000,"label":" ","price":83.15},{"type":"B","date":"2018-04-06T03:59:52.000Z","volume":1000,"label":" ","price":83},{"type":"B","date":"2018-04-06T05:00:05.000Z","volume":1000,"label":" ","price":83},{"type":"A","date":"2018-04-06T05:00:05.000Z","volume":1000,"label":" ","price":83.1},{"type":"A","date":"2018-04-06T05:00:05.000Z","volume":1000,"label":" ","price":83.1},{"type":"A","date":"2018-04-06T05:00:09.000Z","volume":1000,"label":" ","price":83.15},{"type":"B","date":"2018-04-06T05:00:09.000Z","volume":1000,"label":" ","price":83},{"type":"U","date":"2018-04-06T05:02:20.000Z","volume":1000,"label":" ","price":83.1},{"type":"B","date":"2018-04-06T05:02:20.000Z","volume":1000,"label":" ","price":83},{"type":"B","date":"2018-04-06T05:04:02.000Z","volume":2000,"label":" ","price":83},{"type":"B","date":"2018-04-06T05:04:11.000Z","volume":4000,"label":" ","price":83},{"type":"A","date":"2018-04-06T05:04:11.000Z","volume":1000,"label":" ","price":83.15},{"type":"A","date":"2018-04-06T05:04:11.000Z","volume":1000,"label":" ","price":83.1},{"type":"B","date":"2018-04-06T05:04:12.000Z","volume":1000,"label":" ","price":83},{"type":"B","date":"2018-04-06T05:04:13.000Z","volume":2000,"label":" ","price":83},{"type":"A","date":"2018-04-06T05:04:13.000Z","volume":1000,"label":" ","price":83.15},{"type":"A","date":"2018-04-06T05:04:13.000Z","volume":1000,"label":" ","price":83.15},{"type":"B","date":"2018-04-06T05:04:40.000Z","volume":1000,"label":" ","price":83.05},{"type":"A","date":"2018-04-06T05:04:41.000Z","volume":1000,"label":" ","price":83.15},{"type":"B","date":"2018-04-06T05:04:42.000Z","volume":1000,"label":" ","price":83.05},{"type":"U","date":"2018-04-06T05:05:16.000Z","volume":1000,"label":" ","price":83.1},{"type":"A","date":"2018-04-06T05:05:22.000Z","volume":1000,"label":" ","price":83.1},{"type":"A","date":"2018-04-06T05:06:24.000Z","volume":1000,"label":" ","price":83.15},{"type":"B","date":"2018-04-06T05:06:58.000Z","volume":1000,"label":" ","price":83.1},{"type":"A","date":"2018-04-06T05:07:05.000Z","volume":3000,"label":" ","price":83.15},{"type":"A","date":"2018-04-06T05:07:07.000Z","volume":1000,"label":" ","price":83.15},{"type":"A","date":"2018-04-06T05:07:48.000Z","volume":1000,"label":"Y","price":83.15},{"type":"A","date":"2018-04-06T05:07:49.000Z","volume":1000,"label":" ","price":83.15},{"type":"A","date":"2018-04-06T05:07:50.000Z","volume":1000,"label":" ","price":83.15},{"type":"B","date":"2018-04-06T05:08:35.000Z","volume":1000,"label":" ","price":83.1},{"type":"A","date":"2018-04-06T05:09:44.000Z","volume":1000,"label":"Y","price":83.15},{"type":"A","date":"2018-04-06T05:09:44.000Z","volume":47000,"label":" ","price":83.15},{"type":"B","date":"2018-04-06T05:09:50.000Z","volume":2000,"label":" ","price":83.15},{"type":"B","date":"2018-04-06T05:09:52.000Z","volume":4000,"label":" ","price":83.15},{"type":"B","date":"2018-04-06T05:09:59.000Z","volume":1000,"label":" ","price":83.15},{"type":"A","date":"2018-04-06T05:11:24.000Z","volume":1000,"label":"Y","price":83.2},{"type":"B","date":"2018-04-06T05:11:31.000Z","volume":1000,"label":" ","price":83.15},{"type":"B","date":"2018-04-06T05:12:27.000Z","volume":1000,"label":" ","price":83.15},{"type":"B","date":"2018-04-06T05:12:46.000Z","volume":1000,"label":" ","price":83.15},{"type":"A","date":"2018-04-06T05:13:15.000Z","volume":2000,"label":"Y","price":83.2},{"type":"B","date":"2018-04-06T05:13:18.000Z","volume":1000,"label":" ","price":83.15},{"type":"A","date":"2018-04-06T05:13:18.000Z","volume":1000,"label":" ","price":83.2},{"type":"B","date":"2018-04-06T05:14:15.000Z","volume":1000,"label":" ","price":83.15},{"type":"B","date":"2018-04-06T05:14:52.000Z","volume":1000,"label":" ","price":83.15},{"type":"A","date":"2018-04-06T05:14:52.000Z","volume":1000,"label":"Y","price":83.2},{"type":"B","date":"2018-04-06T05:14:55.000Z","volume":1000,"label":" ","price":83.15},{"type":"A","date":"2018-04-06T05:15:23.000Z","volume":1000,"label":" ","price":83.2},{"type":"A","date":"2018-04-06T05:15:25.000Z","volume":1000,"label":" ","price":83.2},{"type":"B","date":"2018-04-06T05:16:12.000Z","volume":1000,"label":" ","price":83.15},{"type":"B","date":"2018-04-06T05:17:12.000Z","volume":1000,"label":" ","price":83.15},{"type":"A","date":"2018-04-06T05:17:25.000Z","volume":1000,"label":" ","price":83.2},{"type":"A","date":"2018-04-06T05:17:30.000Z","volume":2000,"label":"Y","price":83.2},{"type":"A","date":"2018-04-06T05:17:31.000Z","volume":1000,"label":" ","price":83.2},{"type":"A","date":"2018-04-06T05:17:32.000Z","volume":1000,"label":" ","price":83.2},{"type":"B","date":"2018-04-06T05:18:31.000Z","volume":1000,"label":" ","price":83.15},{"type":"B","date":"2018-04-06T05:18:58.000Z","volume":1000,"label":" ","price":83.15},{"type":"A","date":"2018-04-06T05:19:20.000Z","volume":2000,"label":"Y","price":83.2},{"type":"A","date":"2018-04-06T05:19:20.000Z","volume":2000,"label":" ","price":83.2},{"type":"A","date":"2018-04-06T05:19:21.000Z","volume":1000,"label":" ","price":83.2},{"type":"A","date":"2018-04-06T05:19:44.000Z","volume":1000,"label":" ","price":83.2},{"type":"A","date":"2018-04-06T05:19:44.000Z","volume":1000,"label":" ","price":83.2},{"type":"B","date":"2018-04-06T05:20:03.000Z","volume":1000,"label":" ","price":83.15},{"type":"B","date":"2018-04-06T05:20:04.000Z","volume":1000,"label":" ","price":83.15},{"type":"B","date":"2018-04-06T05:20:14.000Z","volume":2000,"label":" ","price":83.15},{"type":"B","date":"2018-04-06T05:20:29.000Z","volume":3000,"label":" ","price":83.15},{"type":"B","date":"2018-04-06T05:20:33.000Z","volume":1000,"label":" ","price":83.15},{"type":"B","date":"2018-04-06T05:21:31.000Z","volume":1000,"label":"Y","price":83.15},{"type":"B","date":"2018-04-06T05:21:43.000Z","volume":1000,"label":" ","price":83.15},{"type":"B","date":"2018-04-06T05:21:43.000Z","volume":37000,"label":" ","price":83.15},{"type":"B","date":"2018-04-06T05:21:43.000Z","volume":14000,"label":" ","price":83.1},{"type":"B","date":"2018-04-06T05:21:43.000Z","volume":2000,"label":" ","price":83.05},{"type":"B","date":"2018-04-06T05:21:44.000Z","volume":7000,"label":" ","price":83},{"type":"B","date":"2018-04-06T05:21:44.000Z","volume":10000,"label":" ","price":82.95},{"type":"A","date":"2018-04-06T05:21:44.000Z","volume":13000,"label":" ","price":83.15},{"type":"A","date":"2018-04-06T05:21:46.000Z","volume":6000,"label":" ","price":83.15},{"type":"A","date":"2018-04-06T05:21:46.000Z","volume":2000,"label":" ","price":83.15},{"type":"B","date":"2018-04-06T05:21:47.000Z","volume":1000,"label":" ","price":82.95},{"type":"A","date":"2018-04-06T05:21:47.000Z","volume":8000,"label":" ","price":82.95},{"type":"A","date":"2018-04-06T05:21:48.000Z","volume":4000,"label":" ","price":83.15},{"type":"A","date":"2018-04-06T05:21:48.000Z","volume":1000,"label":" ","price":83.15},{"type":"B","date":"2018-04-06T05:21:52.000Z","volume":8000,"label":" ","price":82.9},{"type":"U","date":"2018-04-06T05:21:52.000Z","volume":4000,"label":" ","price":82.9},{"type":"U","date":"2018-04-06T05:21:52.000Z","volume":1000,"label":"Y","price":82.9},{"type":"A","date":"2018-04-06T05:21:54.000Z","volume":2000,"label":" ","price":83.1},{"type":"A","date":"2018-04-06T05:21:55.000Z","volume":1000,"label":" ","price":83.1},{"type":"B","date":"2018-04-06T05:22:00.000Z","volume":4000,"label":" ","price":82.85},{"type":"A","date":"2018-04-06T05:22:02.000Z","volume":2000,"label":" ","price":83.1},{"type":"B","date":"2018-04-06T05:23:28.000Z","volume":20000,"label":" ","price":82.8},{"type":"A","date":"2018-04-06T05:23:30.000Z","volume":2000,"label":" ","price":83},{"type":"B","date":"2018-04-06T05:23:30.000Z","volume":2000,"label":" ","price":82.8},{"type":"A","date":"2018-04-06T05:24:17.000Z","volume":4000,"label":" ","price":82.9},{"type":"A","date":"2018-04-06T05:24:19.000Z","volume":1000,"label":" ","price":82.9},{"type":"B","date":"2018-04-06T05:24:20.000Z","volume":2000,"label":" ","price":82.8},{"type":"A","date":"2018-04-06T05:24:22.000Z","volume":1000,"label":" ","price":82.9},{"type":"A","date":"2018-04-06T05:24:23.000Z","volume":1000,"label":" ","price":82.9},{"type":"A","date":"2018-04-06T05:26:24.000Z","volume":1000,"label":" ","price":82.9},{"type":"A","date":"2018-04-06T05:28:13.000Z","volume":1000,"label":" ","price":82.9},{"type":"A","date":"2018-04-06T05:28:13.000Z","volume":1000,"label":" ","price":82.9},{"type":"B","date":"2018-04-06T05:28:14.000Z","volume":1000,"label":" ","price":82.85},{"type":"A","date":"2018-04-06T05:28:15.000Z","volume":1000,"label":" ","price":82.9},{"type":"B","date":"2018-04-06T05:29:15.000Z","volume":9000,"label":" ","price":82.85},{"type":"B","date":"2018-04-06T05:29:15.000Z","volume":4000,"label":" ","price":82.8},{"type":"B","date":"2018-04-06T05:29:15.000Z","volume":1000,"label":" ","price":82.85},{"type":"B","date":"2018-04-06T05:29:18.000Z","volume":3000,"label":" ","price":82.75},{"type":"B","date":"2018-04-06T05:29:19.000Z","volume":2000,"label":" ","price":82.7},{"type":"B","date":"2018-04-06T05:29:19.000Z","volume":3000,"label":" ","price":82.7},{"type":"A","date":"2018-04-06T05:29:19.000Z","volume":1000,"label":" ","price":82.75},{"type":"B","date":"2018-04-06T05:29:21.000Z","volume":2000,"label":" ","price":82.6},{"type":"B","date":"2018-04-06T05:29:50.000Z","volume":2000,"label":" ","price":82.5},{"type":"B","date":"2018-04-06T05:30:39.000Z","volume":1000,"label":" ","price":82.5},{"type":"B","date":"2018-04-06T05:30:45.000Z","volume":1000,"label":" ","price":82.5},{"type":"A","date":"2018-04-06T05:30:45.000Z","volume":1000,"label":" ","price":82.5},{"type":"A","date":"2018-04-06T05:30:45.000Z","volume":1000,"label":" ","price":82.5},{"type":"A","date":"2018-04-06T05:30:47.000Z","volume":1000,"label":" ","price":82.65},{"type":"B","date":"2018-04-06T05:30:56.000Z","volume":1000,"label":"Y","price":82.45},{"type":"A","date":"2018-04-06T05:30:57.000Z","volume":1000,"label":" ","price":82.65},{"type":"A","date":"2018-04-06T05:30:57.000Z","volume":1000,"label":" ","price":82.65},{"type":"B","date":"2018-04-06T05:30:57.000Z","volume":3000,"label":" ","price":82.45},{"type":"A","date":"2018-04-06T05:30:57.000Z","volume":1000,"label":" ","price":82.65},{"type":"B","date":"2018-04-06T05:36:10.000Z","volume":1000,"label":" ","price":82.45},{"type":"B","date":"2018-04-06T05:36:32.000Z","volume":1000,"label":" ","price":82.4},{"type":"B","date":"2018-04-06T05:36:55.000Z","volume":1000,"label":" ","price":82.4},{"type":"A","date":"2018-04-06T05:36:55.000Z","volume":1000,"label":" ","price":82.5},{"type":"A","date":"2018-04-06T05:36:58.000Z","volume":1000,"label":" ","price":82.5},{"type":"U","date":"2018-04-06T05:36:58.000Z","volume":1000,"label":" ","price":82.45},{"type":"A","date":"2018-04-06T05:37:06.000Z","volume":2000,"label":"Y","price":82.45},{"type":"A","date":"2018-04-06T05:37:06.000Z","volume":9000,"label":" ","price":82.45},{"type":"A","date":"2018-04-06T05:37:06.000Z","volume":4000,"label":" ","price":82.5},{"type":"A","date":"2018-04-06T05:37:06.000Z","volume":1000,"label":" ","price":82.55},{"type":"A","date":"2018-04-06T05:37:07.000Z","volume":2000,"label":"Y","price":82.6},{"type":"A","date":"2018-04-06T05:37:07.000Z","volume":2000,"label":" ","price":82.6},{"type":"A","date":"2018-04-06T05:37:07.000Z","volume":1000,"label":" ","price":82.6},{"type":"A","date":"2018-04-06T05:37:07.000Z","volume":1000,"label":"Y","price":82.65},{"type":"B","date":"2018-04-06T05:37:08.000Z","volume":3000,"label":" ","price":82.55},{"type":"A","date":"2018-04-06T05:37:08.000Z","volume":1000,"label":" ","price":82.65},{"type":"A","date":"2018-04-06T05:37:10.000Z","volume":2000,"label":"Y","price":82.7},{"type":"B","date":"2018-04-06T05:37:10.000Z","volume":1000,"label":" ","price":82.55},{"type":"A","date":"2018-04-06T05:37:12.000Z","volume":1000,"label":" ","price":82.65},{"type":"A","date":"2018-04-06T05:37:13.000Z","volume":1000,"label":" ","price":82.65},{"type":"A","date":"2018-04-06T05:39:19.000Z","volume":2000,"label":" ","price":82.6},{"type":"A","date":"2018-04-06T05:39:20.000Z","volume":1000,"label":" ","price":82.6},{"type":"A","date":"2018-04-06T05:39:23.000Z","volume":1000,"label":"Y","price":82.65},{"type":"A","date":"2018-04-06T05:39:23.000Z","volume":4000,"label":" ","price":82.65},{"type":"A","date":"2018-04-06T05:39:27.000Z","volume":1000,"label":" ","price":82.7},{"type":"A","date":"2018-04-06T05:39:27.000Z","volume":1000,"label":" ","price":82.7},{"type":"B","date":"2018-04-06T05:39:30.000Z","volume":1000,"label":" ","price":82.65},{"type":"A","date":"2018-04-06T05:41:25.000Z","volume":4000,"label":" ","price":82.75},{"type":"A","date":"2018-04-06T05:41:25.000Z","volume":1000,"label":" ","price":82.75},{"type":"A","date":"2018-04-06T05:41:25.000Z","volume":1000,"label":" ","price":82.8},{"type":"A","date":"2018-04-06T05:41:28.000Z","volume":1000,"label":" ","price":82.8},{"type":"A","date":"2018-04-06T05:41:31.000Z","volume":1000,"label":" ","price":82.8},{"type":"A","date":"2018-04-06T05:41:32.000Z","volume":1000,"label":" ","price":82.8},{"type":"A","date":"2018-04-06T05:42:07.000Z","volume":1000,"label":" ","price":82.85},{"type":"A","date":"2018-04-06T05:42:09.000Z","volume":1000,"label":" ","price":82.85},{"type":"A","date":"2018-04-06T05:42:13.000Z","volume":1000,"label":" ","price":82.95},{"type":"A","date":"2018-04-06T05:42:18.000Z","volume":1000,"label":" ","price":82.9},{"type":"U","date":"2018-04-06T05:42:20.000Z","volume":1000,"label":" ","price":82.9},{"type":"B","date":"2018-04-06T05:42:49.000Z","volume":1000,"label":" ","price":82.9},{"type":"B","date":"2018-04-06T05:42:49.000Z","volume":1000,"label":" ","price":82.9},{"type":"B","date":"2018-04-06T05:42:51.000Z","volume":5000,"label":" ","price":82.9},{"type":"B","date":"2018-04-06T05:42:51.000Z","volume":4000,"label":" ","price":82.85},{"type":"B","date":"2018-04-06T05:42:51.000Z","volume":1000,"label":" ","price":82.85},{"type":"B","date":"2018-04-06T05:42:51.000Z","volume":7000,"label":" ","price":82.85},{"type":"B","date":"2018-04-06T05:42:52.000Z","volume":1000,"label":" ","price":82.7},{"type":"B","date":"2018-04-06T05:42:54.000Z","volume":3000,"label":" ","price":82.65},{"type":"B","date":"2018-04-06T05:45:03.000Z","volume":2000,"label":" ","price":82.65},{"type":"B","date":"2018-04-06T05:45:04.000Z","volume":1000,"label":" ","price":82.65},{"type":"A","date":"2018-04-06T05:46:10.000Z","volume":1000,"label":" ","price":82.75},{"type":"A","date":"2018-04-06T05:46:25.000Z","volume":2000,"label":" ","price":82.7},{"type":"A","date":"2018-04-06T05:46:26.000Z","volume":1000,"label":" ","price":82.7},{"type":"U","date":"2018-04-06T05:46:26.000Z","volume":1000,"label":" ","price":82.65},{"type":"A","date":"2018-04-06T05:46:40.000Z","volume":1000,"label":" ","price":82.65},{"type":"A","date":"2018-04-06T05:46:40.000Z","volume":3000,"label":" ","price":82.65},{"type":"A","date":"2018-04-06T05:46:40.000Z","volume":1000,"label":" ","price":82.7},{"type":"A","date":"2018-04-06T05:46:41.000Z","volume":1000,"label":" ","price":82.7},{"type":"U","date":"2018-04-06T05:46:48.000Z","volume":1000,"label":" ","price":82.75},{"type":"A","date":"2018-04-06T05:47:25.000Z","volume":4000,"label":" ","price":82.8},{"type":"A","date":"2018-04-06T05:47:26.000Z","volume":2000,"label":" ","price":83},{"type":"B","date":"2018-04-06T05:47:26.000Z","volume":1000,"label":" ","price":82.75},{"type":"U","date":"2018-04-06T05:49:04.000Z","volume":1000,"label":"X","price":83},{"type":"A","date":"2018-04-06T05:49:46.000Z","volume":1000,"label":" ","price":83},{"type":"A","date":"2018-04-06T05:51:11.000Z","volume":1000,"label":" ","price":83},{"type":"A","date":"2018-04-06T05:51:56.000Z","volume":1000,"label":" ","price":83},{"type":"B","date":"2018-04-06T05:52:05.000Z","volume":2000,"label":" ","price":82.95},{"type":"B","date":"2018-04-06T05:52:06.000Z","volume":1000,"label":" ","price":82.95},{"type":"A","date":"2018-04-06T05:52:06.000Z","volume":1000,"label":" ","price":83},{"type":"A","date":"2018-04-06T05:52:36.000Z","volume":1000,"label":" ","price":83},{"type":"A","date":"2018-04-06T05:54:02.000Z","volume":1000,"label":" ","price":83},{"type":"A","date":"2018-04-06T05:54:05.000Z","volume":1000,"label":" ","price":83},{"type":"B","date":"2018-04-06T05:54:06.000Z","volume":1000,"label":" ","price":82.95},{"type":"A","date":"2018-04-06T05:54:07.000Z","volume":2000,"label":" ","price":83},{"type":"A","date":"2018-04-06T05:54:10.000Z","volume":1000,"label":" ","price":83},{"type":"A","date":"2018-04-06T05:54:12.000Z","volume":1000,"label":" ","price":83},{"type":"A","date":"2018-04-06T05:54:13.000Z","volume":4000,"label":" ","price":83},{"type":"A","date":"2018-04-06T05:54:13.000Z","volume":5000,"label":" ","price":83},{"type":"A","date":"2018-04-06T05:54:13.000Z","volume":5000,"label":" ","price":83.05},{"type":"A","date":"2018-04-06T05:54:13.000Z","volume":10000,"label":" ","price":83.1},{"type":"A","date":"2018-04-06T05:54:13.000Z","volume":8000,"label":" ","price":83.15},{"type":"A","date":"2018-04-06T05:54:13.000Z","volume":6000,"label":" ","price":83.2},{"type":"B","date":"2018-04-06T05:54:15.000Z","volume":9000,"label":" ","price":83.15},{"type":"U","date":"2018-04-06T05:54:15.000Z","volume":4000,"label":" ","price":83.15},{"type":"B","date":"2018-04-06T05:54:22.000Z","volume":3000,"label":" ","price":83.1},{"type":"B","date":"2018-04-06T05:54:30.000Z","volume":1000,"label":" ","price":83.2},{"type":"U","date":"2018-04-06T05:54:58.000Z","volume":1000,"label":" ","price":83.2},{"type":"A","date":"2018-04-06T05:56:19.000Z","volume":3000,"label":" ","price":83.25},{"type":"A","date":"2018-04-06T05:56:19.000Z","volume":1000,"label":" ","price":83.25},{"type":"A","date":"2018-04-06T05:56:44.000Z","volume":1000,"label":" ","price":83.25},{"type":"U","date":"2018-04-06T05:56:52.000Z","volume":1000,"label":"X","price":83.25},{"type":"A","date":"2018-04-06T05:57:23.000Z","volume":2000,"label":" ","price":83.3},{"type":"A","date":"2018-04-06T05:57:23.000Z","volume":1000,"label":" ","price":83.3},{"type":"A","date":"2018-04-06T05:57:23.000Z","volume":1000,"label":" ","price":83.3},{"type":"A","date":"2018-04-06T05:57:30.000Z","volume":1000,"label":" ","price":83.3},{"type":"B","date":"2018-04-06T05:57:45.000Z","volume":7000,"label":" ","price":83.25},{"type":"B","date":"2018-04-06T05:57:51.000Z","volume":2000,"label":" ","price":83.2},{"type":"B","date":"2018-04-06T05:59:34.000Z","volume":6000,"label":" ","price":83.15},{"type":"B","date":"2018-04-06T05:59:39.000Z","volume":1000,"label":" ","price":83.1},{"type":"B","date":"2018-04-06T05:59:47.000Z","volume":1000,"label":" ","price":83.1},{"type":"A","date":"2018-04-06T06:02:19.000Z","volume":1000,"label":" ","price":83.2},{"type":"B","date":"2018-04-06T06:02:20.000Z","volume":1000,"label":" ","price":83.15},{"type":"B","date":"2018-04-06T06:02:51.000Z","volume":1000,"label":" ","price":83.15},{"type":"A","date":"2018-04-06T06:04:14.000Z","volume":13000,"label":" ","price":83.2},{"type":"A","date":"2018-04-06T06:04:14.000Z","volume":1000,"label":" ","price":83.25},{"type":"B","date":"2018-04-06T06:04:16.000Z","volume":2000,"label":" ","price":83.15},{"type":"B","date":"2018-04-06T06:04:24.000Z","volume":1000,"label":" ","price":83.15},{"type":"A","date":"2018-04-06T06:04:24.000Z","volume":1000,"label":" ","price":83.25},{"type":"A","date":"2018-04-06T06:04:24.000Z","volume":1000,"label":" ","price":83.3},{"type":"U","date":"2018-04-06T06:04:28.000Z","volume":1000,"label":" ","price":83.25},{"type":"U","date":"2018-04-06T06:04:28.000Z","volume":1000,"label":" ","price":83.25},{"type":"B","date":"2018-04-06T06:04:29.000Z","volume":1000,"label":" ","price":83.25},{"type":"A","date":"2018-04-06T06:04:50.000Z","volume":1000,"label":" ","price":83.25},{"type":"A","date":"2018-04-06T06:04:53.000Z","volume":1000,"label":" ","price":83.25},{"type":"A","date":"2018-04-06T06:05:08.000Z","volume":1000,"label":" ","price":83.25},{"type":"A","date":"2018-04-06T06:05:23.000Z","volume":1000,"label":" ","price":83.25},{"type":"A","date":"2018-04-06T06:05:39.000Z","volume":1000,"label":" ","price":83.25},{"type":"A","date":"2018-04-06T06:05:42.000Z","volume":1000,"label":" ","price":83.25},{"type":"B","date":"2018-04-06T06:05:46.000Z","volume":1000,"label":" ","price":83.2},{"type":"A","date":"2018-04-06T06:06:20.000Z","volume":1000,"label":" ","price":83.25},{"type":"A","date":"2018-04-06T06:06:37.000Z","volume":1000,"label":"Y","price":83.25},{"type":"A","date":"2018-04-06T06:06:37.000Z","volume":2000,"label":" ","price":83.25},{"type":"A","date":"2018-04-06T06:06:37.000Z","volume":1000,"label":" ","price":83.25},{"type":"A","date":"2018-04-06T06:07:00.000Z","volume":1000,"label":" ","price":83.3},{"type":"U","date":"2018-04-06T06:07:01.000Z","volume":1000,"label":" ","price":83.25},{"type":"U","date":"2018-04-06T06:07:01.000Z","volume":1000,"label":" ","price":83.25},{"type":"A","date":"2018-04-06T06:07:19.000Z","volume":1000,"label":" ","price":83.25},{"type":"A","date":"2018-04-06T06:08:02.000Z","volume":1000,"label":" ","price":83.3},{"type":"A","date":"2018-04-06T06:08:02.000Z","volume":1000,"label":" ","price":83.3},{"type":"B","date":"2018-04-06T06:08:04.000Z","volume":1000,"label":" ","price":83.25},{"type":"A","date":"2018-04-06T06:09:00.000Z","volume":1000,"label":" ","price":83.3},{"type":"A","date":"2018-04-06T06:09:00.000Z","volume":4000,"label":" ","price":83.3},{"type":"A","date":"2018-04-06T06:09:00.000Z","volume":1000,"label":" ","price":83.35},{"type":"A","date":"2018-04-06T06:09:04.000Z","volume":1000,"label":" ","price":83.3},{"type":"A","date":"2018-04-06T06:09:27.000Z","volume":1000,"label":" ","price":83.35},{"type":"A","date":"2018-04-06T06:09:30.000Z","volume":1000,"label":" ","price":83.35},{"type":"A","date":"2018-04-06T06:09:30.000Z","volume":1000,"label":" ","price":83.35},{"type":"A","date":"2018-04-06T06:09:58.000Z","volume":1000,"label":" ","price":83.35},{"type":"A","date":"2018-04-06T06:10:37.000Z","volume":1000,"label":" ","price":83.35},{"type":"A","date":"2018-04-06T06:10:39.000Z","volume":1000,"label":" ","price":83.35},{"type":"B","date":"2018-04-06T06:10:40.000Z","volume":6000,"label":" ","price":83.3},{"type":"B","date":"2018-04-06T06:10:40.000Z","volume":2000,"label":" ","price":83.3},{"type":"B","date":"2018-04-06T06:10:47.000Z","volume":2000,"label":" ","price":83.25},{"type":"B","date":"2018-04-06T06:10:52.000Z","volume":1000,"label":" ","price":83.25},{"type":"B","date":"2018-04-06T06:11:43.000Z","volume":7000,"label":" ","price":83.25},{"type":"B","date":"2018-04-06T06:11:44.000Z","volume":2000,"label":" ","price":83.2},{"type":"B","date":"2018-04-06T06:11:50.000Z","volume":3000,"label":" ","price":83.2},{"type":"B","date":"2018-04-06T06:11:50.000Z","volume":2000,"label":" ","price":83.2},{"type":"B","date":"2018-04-06T06:11:51.000Z","volume":1000,"label":" ","price":83.15},{"type":"B","date":"2018-04-06T06:11:55.000Z","volume":2000,"label":" ","price":83},{"type":"A","date":"2018-04-06T06:11:58.000Z","volume":1000,"label":" ","price":83.1},{"type":"A","date":"2018-04-06T06:12:08.000Z","volume":1000,"label":" ","price":83.1},{"type":"A","date":"2018-04-06T06:13:35.000Z","volume":1000,"label":" ","price":83.2},{"type":"U","date":"2018-04-06T06:13:37.000Z","volume":1000,"label":" ","price":83.15},{"type":"A","date":"2018-04-06T06:14:04.000Z","volume":1000,"label":" ","price":83.2},{"type":"A","date":"2018-04-06T06:14:32.000Z","volume":1000,"label":" ","price":83.2},{"type":"B","date":"2018-04-06T06:14:52.000Z","volume":1000,"label":" ","price":83.15},{"type":"A","date":"2018-04-06T06:18:28.000Z","volume":3000,"label":" ","price":83.2},{"type":"A","date":"2018-04-06T06:18:31.000Z","volume":1000,"label":" ","price":83.2},{"type":"B","date":"2018-04-06T06:18:32.000Z","volume":1000,"label":" ","price":83.15},{"type":"B","date":"2018-04-06T06:18:41.000Z","volume":3000,"label":" ","price":83.15},{"type":"B","date":"2018-04-06T06:18:43.000Z","volume":1000,"label":" ","price":83.15},{"type":"A","date":"2018-04-06T06:20:34.000Z","volume":1000,"label":" ","price":83.2},{"type":"B","date":"2018-04-06T06:21:33.000Z","volume":11000,"label":" ","price":83.15},{"type":"B","date":"2018-04-06T06:21:39.000Z","volume":2000,"label":" ","price":83.1},{"type":"B","date":"2018-04-06T06:21:44.000Z","volume":1000,"label":" ","price":83.1},{"type":"B","date":"2018-04-06T06:22:09.000Z","volume":5000,"label":" ","price":83.1},{"type":"B","date":"2018-04-06T06:22:12.000Z","volume":2000,"label":" ","price":83.1},{"type":"B","date":"2018-04-06T06:22:13.000Z","volume":2000,"label":" ","price":83.1},{"type":"B","date":"2018-04-06T06:22:29.000Z","volume":1000,"label":" ","price":83.05},{"type":"B","date":"2018-04-06T06:22:44.000Z","volume":1000,"label":" ","price":83.05},{"type":"B","date":"2018-04-06T06:22:48.000Z","volume":1000,"label":" ","price":83.05},{"type":"B","date":"2018-04-06T06:22:48.000Z","volume":1000,"label":" ","price":83.05},{"type":"B","date":"2018-04-06T06:22:52.000Z","volume":1000,"label":" ","price":83.05},{"type":"B","date":"2018-04-06T06:25:46.000Z","volume":2000,"label":" ","price":83.05},{"type":"B","date":"2018-04-06T06:26:06.000Z","volume":2000,"label":" ","price":83.05},{"type":"B","date":"2018-04-06T06:26:18.000Z","volume":10000,"label":" ","price":83.05},{"type":"B","date":"2018-04-06T06:26:18.000Z","volume":1000,"label":" ","price":83},{"type":"B","date":"2018-04-06T06:26:18.000Z","volume":4000,"label":" ","price":83},{"type":"B","date":"2018-04-06T06:26:18.000Z","volume":8000,"label":" ","price":83},{"type":"B","date":"2018-04-06T06:26:18.000Z","volume":3000,"label":" ","price":82.95},{"type":"B","date":"2018-04-06T06:26:19.000Z","volume":1000,"label":" ","price":82.85},{"type":"A","date":"2018-04-06T06:26:20.000Z","volume":2000,"label":" ","price":82.85},{"type":"A","date":"2018-04-06T06:26:20.000Z","volume":1000,"label":" ","price":82.85},{"type":"B","date":"2018-04-06T06:26:22.000Z","volume":4000,"label":" ","price":82.65},{"type":"B","date":"2018-04-06T06:26:22.000Z","volume":2000,"label":" ","price":82.65},{"type":"A","date":"2018-04-06T06:26:22.000Z","volume":1000,"label":" ","price":83},{"type":"B","date":"2018-04-06T06:26:23.000Z","volume":1000,"label":" ","price":82.65},{"type":"A","date":"2018-04-06T06:26:24.000Z","volume":2000,"label":" ","price":82.95},{"type":"B","date":"2018-04-06T06:26:25.000Z","volume":1000,"label":" ","price":82.65},{"type":"U","date":"2018-04-06T06:26:31.000Z","volume":1000,"label":" ","price":82.8},{"type":"A","date":"2018-04-06T06:26:32.000Z","volume":2000,"label":" ","price":82.9},{"type":"B","date":"2018-04-06T06:27:32.000Z","volume":1000,"label":" ","price":82.7},{"type":"A","date":"2018-04-06T06:28:13.000Z","volume":1000,"label":" ","price":82.8},{"type":"A","date":"2018-04-06T06:28:13.000Z","volume":1000,"label":" ","price":82.8},{"type":"B","date":"2018-04-06T06:29:36.000Z","volume":4000,"label":"Y","price":82.7},{"type":"B","date":"2018-04-06T06:29:36.000Z","volume":4000,"label":" ","price":82.7},{"type":"B","date":"2018-04-06T06:29:37.000Z","volume":1000,"label":" ","price":82.7},{"type":"B","date":"2018-04-06T06:29:39.000Z","volume":1000,"label":" ","price":82.7},{"type":"B","date":"2018-04-06T06:29:44.000Z","volume":1000,"label":" ","price":82.7},{"type":"A","date":"2018-04-06T06:29:53.000Z","volume":1000,"label":" ","price":82.75},{"type":"A","date":"2018-04-06T06:29:53.000Z","volume":1000,"label":" ","price":82.75},{"type":"B","date":"2018-04-06T06:30:25.000Z","volume":1000,"label":" ","price":82.7},{"type":"B","date":"2018-04-06T06:30:26.000Z","volume":1000,"label":" ","price":82.7},{"type":"B","date":"2018-04-06T06:30:32.000Z","volume":1000,"label":" ","price":82.7},{"type":"B","date":"2018-04-06T06:30:37.000Z","volume":8000,"label":" ","price":82.7},{"type":"B","date":"2018-04-06T06:30:39.000Z","volume":2000,"label":" ","price":82.65},{"type":"A","date":"2018-04-06T06:31:25.000Z","volume":1000,"label":" ","price":82.7},{"type":"A","date":"2018-04-06T06:31:32.000Z","volume":29000,"label":" ","price":82.7},{"type":"A","date":"2018-04-06T06:31:33.000Z","volume":2000,"label":"Y","price":82.8},{"type":"A","date":"2018-04-06T06:31:33.000Z","volume":2000,"label":" ","price":82.8},{"type":"B","date":"2018-04-06T06:31:33.000Z","volume":2000,"label":" ","price":82.65},{"type":"A","date":"2018-04-06T06:31:33.000Z","volume":1000,"label":" ","price":82.8},{"type":"U","date":"2018-04-06T06:31:33.000Z","volume":1000,"label":" ","price":82.75},{"type":"U","date":"2018-04-06T06:31:33.000Z","volume":1000,"label":" ","price":82.75},{"type":"A","date":"2018-04-06T06:31:33.000Z","volume":1000,"label":"Y","price":82.85},{"type":"A","date":"2018-04-06T06:31:33.000Z","volume":1000,"label":" ","price":82.85},{"type":"A","date":"2018-04-06T06:31:34.000Z","volume":1000,"label":" ","price":82.9},{"type":"B","date":"2018-04-06T06:31:35.000Z","volume":1000,"label":" ","price":82.8},{"type":"A","date":"2018-04-06T06:31:35.000Z","volume":1000,"label":" ","price":82.85},{"type":"A","date":"2018-04-06T06:31:36.000Z","volume":1000,"label":" ","price":82.9},{"type":"A","date":"2018-04-06T06:31:37.000Z","volume":1000,"label":"Y","price":82.95},{"type":"A","date":"2018-04-06T06:32:34.000Z","volume":1000,"label":" ","price":83},{"type":"U","date":"2018-04-06T06:32:46.000Z","volume":828,"label":"D","price":83.1},{"type":"U","date":"2018-04-06T06:34:39.000Z","volume":1000,"label":"X","price":83},{"type":"B","date":"2018-04-06T06:36:43.000Z","volume":22000,"label":" ","price":82.95},{"type":"B","date":"2018-04-06T06:36:43.000Z","volume":5000,"label":" ","price":82.9},{"type":"B","date":"2018-04-06T06:36:43.000Z","volume":8000,"label":" ","price":82.9},{"type":"B","date":"2018-04-06T06:36:44.000Z","volume":1000,"label":" ","price":82.85},{"type":"B","date":"2018-04-06T06:36:44.000Z","volume":6000,"label":" ","price":82.8},{"type":"B","date":"2018-04-06T06:36:46.000Z","volume":4000,"label":" ","price":82.65},{"type":"B","date":"2018-04-06T06:36:47.000Z","volume":1000,"label":" ","price":82.65},{"type":"B","date":"2018-04-06T06:37:18.000Z","volume":1000,"label":" ","price":82.65},{"type":"B","date":"2018-04-06T06:38:15.000Z","volume":1000,"label":" ","price":82.65},{"type":"A","date":"2018-04-06T06:38:24.000Z","volume":1000,"label":" ","price":82.8},{"type":"B","date":"2018-04-06T06:40:03.000Z","volume":3000,"label":" ","price":82.65},{"type":"B","date":"2018-04-06T06:40:03.000Z","volume":1000,"label":" ","price":82.65},{"type":"U","date":"2018-04-06T06:40:14.000Z","volume":1000,"label":" ","price":82.75},{"type":"A","date":"2018-04-06T06:40:16.000Z","volume":11000,"label":" ","price":82.8},{"type":"B","date":"2018-04-06T06:40:17.000Z","volume":1000,"label":" ","price":82.7},{"type":"A","date":"2018-04-06T06:40:20.000Z","volume":1000,"label":" ","price":82.9},{"type":"U","date":"2018-04-06T06:42:25.000Z","volume":1000,"label":" ","price":82.75},{"type":"A","date":"2018-04-06T06:43:17.000Z","volume":6000,"label":" ","price":82.95},{"type":"A","date":"2018-04-06T06:43:18.000Z","volume":2000,"label":" ","price":82.95},{"type":"B","date":"2018-04-06T06:43:19.000Z","volume":1000,"label":" ","price":82.8},{"type":"A","date":"2018-04-06T06:43:20.000Z","volume":1000,"label":" ","price":82.95},{"type":"A","date":"2018-04-06T06:43:20.000Z","volume":2000,"label":" ","price":82.95},{"type":"B","date":"2018-04-06T06:43:21.000Z","volume":1000,"label":" ","price":82.85},{"type":"B","date":"2018-04-06T06:44:42.000Z","volume":1000,"label":" ","price":82.95},{"type":"B","date":"2018-04-06T06:47:11.000Z","volume":1000,"label":" ","price":82.95},{"type":"B","date":"2018-04-06T06:47:11.000Z","volume":19000,"label":" ","price":82.95},{"type":"B","date":"2018-04-06T06:47:11.000Z","volume":4000,"label":" ","price":82.9},{"type":"B","date":"2018-04-06T06:47:13.000Z","volume":1000,"label":" ","price":82.9},{"type":"B","date":"2018-04-06T06:49:59.000Z","volume":1000,"label":" ","price":82.95},{"type":"B","date":"2018-04-06T06:50:31.000Z","volume":1000,"label":" ","price":82.95},{"type":"B","date":"2018-04-06T06:50:31.000Z","volume":5000,"label":"Y","price":82.95},{"type":"B","date":"2018-04-06T06:50:31.000Z","volume":3000,"label":" ","price":82.95},{"type":"B","date":"2018-04-06T06:50:33.000Z","volume":2000,"label":" ","price":82.95},{"type":"B","date":"2018-04-06T06:50:56.000Z","volume":1000,"label":" ","price":82.95},{"type":"B","date":"2018-04-06T06:50:57.000Z","volume":1000,"label":" ","price":82.95},{"type":"B","date":"2018-04-06T06:51:52.000Z","volume":1000,"label":" ","price":82.95},{"type":"A","date":"2018-04-06T06:52:20.000Z","volume":1000,"label":" ","price":83},{"type":"B","date":"2018-04-06T06:52:43.000Z","volume":1000,"label":" ","price":82.95},{"type":"B","date":"2018-04-06T06:53:25.000Z","volume":4000,"label":" ","price":82.95},{"type":"B","date":"2018-04-06T06:53:25.000Z","volume":1000,"label":" ","price":82.95},{"type":"B","date":"2018-04-06T06:55:38.000Z","volume":1000,"label":" ","price":82.95},{"type":"B","date":"2018-04-06T06:55:39.000Z","volume":1000,"label":" ","price":82.95},{"type":"B","date":"2018-04-06T06:55:55.000Z","volume":1000,"label":" ","price":82.95},{"type":"A","date":"2018-04-06T06:56:11.000Z","volume":1000,"label":" ","price":83},{"type":"A","date":"2018-04-06T06:56:11.000Z","volume":35000,"label":" ","price":83},{"type":"A","date":"2018-04-06T06:56:12.000Z","volume":10000,"label":" ","price":83.05},{"type":"A","date":"2018-04-06T06:56:12.000Z","volume":4000,"label":" ","price":83.05},{"type":"B","date":"2018-04-06T06:56:13.000Z","volume":7000,"label":" ","price":83},{"type":"B","date":"2018-04-06T06:56:16.000Z","volume":1000,"label":" ","price":83},{"type":"B","date":"2018-04-06T06:56:17.000Z","volume":1000,"label":" ","price":83},{"type":"A","date":"2018-04-06T06:56:33.000Z","volume":13000,"label":" ","price":83.1},{"type":"A","date":"2018-04-06T06:56:33.000Z","volume":3000,"label":" ","price":83.15},{"type":"A","date":"2018-04-06T06:56:35.000Z","volume":1000,"label":" ","price":83.15},{"type":"A","date":"2018-04-06T06:56:35.000Z","volume":17000,"label":" ","price":83.2},{"type":"A","date":"2018-04-06T06:56:35.000Z","volume":1000,"label":" ","price":83.2},{"type":"A","date":"2018-04-06T06:56:35.000Z","volume":5000,"label":" ","price":83.25},{"type":"B","date":"2018-04-06T06:56:35.000Z","volume":3000,"label":" ","price":83.25},{"type":"B","date":"2018-04-06T06:56:40.000Z","volume":3000,"label":" ","price":83.2},{"type":"B","date":"2018-04-06T06:56:44.000Z","volume":1000,"label":" ","price":83.2},{"type":"A","date":"2018-04-06T06:56:59.000Z","volume":1000,"label":" ","price":83.25},{"type":"B","date":"2018-04-06T06:57:02.000Z","volume":1000,"label":" ","price":83.25},{"type":"B","date":"2018-04-06T06:59:44.000Z","volume":8000,"label":" ","price":83.25},{"type":"B","date":"2018-04-06T06:59:46.000Z","volume":2000,"label":" ","price":83.2},{"type":"A","date":"2018-04-06T06:59:48.000Z","volume":2000,"label":" ","price":83.25},{"type":"B","date":"2018-04-06T06:59:50.000Z","volume":1000,"label":" ","price":83.2},{"type":"B","date":"2018-04-06T07:00:07.000Z","volume":6000,"label":" ","price":83.2},{"type":"B","date":"2018-04-06T07:00:15.000Z","volume":4000,"label":" ","price":83.15},{"type":"B","date":"2018-04-06T07:00:17.000Z","volume":1000,"label":" ","price":83.15},{"type":"B","date":"2018-04-06T07:01:45.000Z","volume":1000,"label":" ","price":83.1},{"type":"B","date":"2018-04-06T07:02:24.000Z","volume":10000,"label":" ","price":83.1},{"type":"B","date":"2018-04-06T07:02:25.000Z","volume":2000,"label":" ","price":83.05},{"type":"B","date":"2018-04-06T07:03:31.000Z","volume":8000,"label":" ","price":83.05},{"type":"B","date":"2018-04-06T07:03:31.000Z","volume":2000,"label":" ","price":83},{"type":"B","date":"2018-04-06T07:03:50.000Z","volume":1000,"label":" ","price":83},{"type":"B","date":"2018-04-06T07:03:51.000Z","volume":1000,"label":" ","price":83},{"type":"A","date":"2018-04-06T07:04:24.000Z","volume":1000,"label":" ","price":83.05},{"type":"B","date":"2018-04-06T07:04:55.000Z","volume":3000,"label":" ","price":83},{"type":"B","date":"2018-04-06T07:04:55.000Z","volume":25000,"label":" ","price":83},{"type":"B","date":"2018-04-06T07:04:55.000Z","volume":6000,"label":" ","price":82.95},{"type":"B","date":"2018-04-06T07:04:57.000Z","volume":7000,"label":" ","price":82.95},{"type":"B","date":"2018-04-06T07:04:59.000Z","volume":1000,"label":" ","price":82.95},{"type":"A","date":"2018-04-06T07:05:05.000Z","volume":1000,"label":" ","price":83},{"type":"B","date":"2018-04-06T07:05:05.000Z","volume":1000,"label":" ","price":82.95},{"type":"A","date":"2018-04-06T07:05:06.000Z","volume":2000,"label":" ","price":83},{"type":"A","date":"2018-04-06T07:05:10.000Z","volume":1000,"label":" ","price":83},{"type":"A","date":"2018-04-06T07:05:50.000Z","volume":18000,"label":" ","price":83},{"type":"A","date":"2018-04-06T07:05:53.000Z","volume":15000,"label":" ","price":83.05},{"type":"A","date":"2018-04-06T07:05:54.000Z","volume":16000,"label":" ","price":83.1},{"type":"A","date":"2018-04-06T07:05:55.000Z","volume":6000,"label":" ","price":83.1},{"type":"B","date":"2018-04-06T07:05:55.000Z","volume":5000,"label":" ","price":83.05},{"type":"A","date":"2018-04-06T07:06:03.000Z","volume":1000,"label":" ","price":83.15},{"type":"B","date":"2018-04-06T07:06:03.000Z","volume":1000,"label":" ","price":83.05},{"type":"A","date":"2018-04-06T07:06:27.000Z","volume":8000,"label":" ","price":83.15},{"type":"A","date":"2018-04-06T07:06:27.000Z","volume":1000,"label":" ","price":83.15},{"type":"A","date":"2018-04-06T07:06:28.000Z","volume":1000,"label":" ","price":83.15},{"type":"A","date":"2018-04-06T07:09:29.000Z","volume":1000,"label":" ","price":83.15},{"type":"A","date":"2018-04-06T07:10:22.000Z","volume":2000,"label":" ","price":83.25},{"type":"A","date":"2018-04-06T07:11:29.000Z","volume":2000,"label":" ","price":83.25},{"type":"B","date":"2018-04-06T07:12:01.000Z","volume":1000,"label":" ","price":83.15},{"type":"B","date":"2018-04-06T07:13:27.000Z","volume":1000,"label":" ","price":83.15},{"type":"B","date":"2018-04-06T07:13:56.000Z","volume":1000,"label":" ","price":83.15},{"type":"B","date":"2018-04-06T07:14:35.000Z","volume":7000,"label":" ","price":83.15},{"type":"B","date":"2018-04-06T07:14:35.000Z","volume":2000,"label":" ","price":83.1},{"type":"A","date":"2018-04-06T07:15:40.000Z","volume":1000,"label":" ","price":83.15},{"type":"B","date":"2018-04-06T07:15:57.000Z","volume":1000,"label":" ","price":83.1},{"type":"B","date":"2018-04-06T07:16:19.000Z","volume":1000,"label":" ","price":83.1},{"type":"B","date":"2018-04-06T07:16:19.000Z","volume":1000,"label":" ","price":83.1},{"type":"B","date":"2018-04-06T07:17:02.000Z","volume":1000,"label":" ","price":83.15},{"type":"A","date":"2018-04-06T07:17:19.000Z","volume":1000,"label":"Y","price":83.2},{"type":"A","date":"2018-04-06T07:17:19.000Z","volume":1000,"label":" ","price":83.2},{"type":"A","date":"2018-04-06T07:17:19.000Z","volume":1000,"label":" ","price":83.2},{"type":"B","date":"2018-04-06T07:17:21.000Z","volume":1000,"label":" ","price":83.1},{"type":"B","date":"2018-04-06T07:17:42.000Z","volume":1000,"label":" ","price":83.1},{"type":"B","date":"2018-04-06T07:17:55.000Z","volume":49000,"label":" ","price":83.1},{"type":"B","date":"2018-04-06T07:17:57.000Z","volume":8000,"label":" ","price":83.1},{"type":"B","date":"2018-04-06T07:17:59.000Z","volume":2000,"label":" ","price":83.05},{"type":"B","date":"2018-04-06T07:18:55.000Z","volume":7000,"label":" ","price":83.05},{"type":"B","date":"2018-04-06T07:18:55.000Z","volume":2000,"label":" ","price":83},{"type":"B","date":"2018-04-06T07:19:23.000Z","volume":1000,"label":" ","price":83},{"type":"B","date":"2018-04-06T07:19:30.000Z","volume":1000,"label":" ","price":83},{"type":"B","date":"2018-04-06T07:19:38.000Z","volume":1000,"label":" ","price":83},{"type":"B","date":"2018-04-06T07:19:53.000Z","volume":1000,"label":" ","price":83},{"type":"B","date":"2018-04-06T07:19:55.000Z","volume":1000,"label":" ","price":83},{"type":"B","date":"2018-04-06T07:20:20.000Z","volume":14000,"label":" ","price":83},{"type":"B","date":"2018-04-06T07:20:21.000Z","volume":3000,"label":" ","price":82.95},{"type":"A","date":"2018-04-06T07:20:24.000Z","volume":1000,"label":" ","price":83},{"type":"B","date":"2018-04-06T07:20:43.000Z","volume":1000,"label":" ","price":82.95},{"type":"B","date":"2018-04-06T07:20:43.000Z","volume":1000,"label":" ","price":82.95},{"type":"B","date":"2018-04-06T07:22:19.000Z","volume":19000,"label":" ","price":82.95},{"type":"B","date":"2018-04-06T07:22:19.000Z","volume":6000,"label":" ","price":82.9},{"type":"B","date":"2018-04-06T07:22:21.000Z","volume":2000,"label":" ","price":82.9},{"type":"B","date":"2018-04-06T07:22:21.000Z","volume":9000,"label":" ","price":82.85},{"type":"B","date":"2018-04-06T07:22:23.000Z","volume":5000,"label":" ","price":82.8},{"type":"B","date":"2018-04-06T07:22:25.000Z","volume":1000,"label":" ","price":82.8},{"type":"A","date":"2018-04-06T07:22:28.000Z","volume":2000,"label":" ","price":82.85},{"type":"B","date":"2018-04-06T07:22:29.000Z","volume":1000,"label":" ","price":82.8},{"type":"A","date":"2018-04-06T07:22:30.000Z","volume":1000,"label":" ","price":82.85},{"type":"A","date":"2018-04-06T07:22:33.000Z","volume":1000,"label":" ","price":82.85},{"type":"B","date":"2018-04-06T07:22:35.000Z","volume":1000,"label":" ","price":82.8},{"type":"A","date":"2018-04-06T07:22:50.000Z","volume":1000,"label":" ","price":82.85},{"type":"B","date":"2018-04-06T07:22:51.000Z","volume":1000,"label":" ","price":82.8},{"type":"A","date":"2018-04-06T07:23:20.000Z","volume":20000,"label":" ","price":82.85},{"type":"A","date":"2018-04-06T07:23:20.000Z","volume":1000,"label":" ","price":82.9},{"type":"U","date":"2018-04-06T07:24:04.000Z","volume":1000,"label":"X","price":82.9},{"type":"B","date":"2018-04-06T07:24:08.000Z","volume":1000,"label":" ","price":82.9},{"type":"A","date":"2018-04-06T07:26:09.000Z","volume":1000,"label":" ","price":83},{"type":"A","date":"2018-04-06T07:27:20.000Z","volume":2000,"label":" ","price":83},{"type":"B","date":"2018-04-06T07:27:21.000Z","volume":1000,"label":" ","price":82.95},{"type":"A","date":"2018-04-06T07:28:18.000Z","volume":27000,"label":"Y","price":83},{"type":"A","date":"2018-04-06T07:28:18.000Z","volume":25000,"label":" ","price":83},{"type":"A","date":"2018-04-06T07:28:18.000Z","volume":16000,"label":" ","price":83.05},{"type":"B","date":"2018-04-06T07:28:19.000Z","volume":5000,"label":" ","price":83},{"type":"A","date":"2018-04-06T07:28:27.000Z","volume":2000,"label":" ","price":83.1},{"type":"B","date":"2018-04-06T07:28:27.000Z","volume":1000,"label":" ","price":83.05},{"type":"A","date":"2018-04-06T07:28:28.000Z","volume":1000,"label":" ","price":83.1},{"type":"B","date":"2018-04-06T07:30:03.000Z","volume":1000,"label":" ","price":83.05},{"type":"B","date":"2018-04-06T07:30:03.000Z","volume":12000,"label":" ","price":83.05},{"type":"B","date":"2018-04-06T07:30:05.000Z","volume":3000,"label":" ","price":83},{"type":"A","date":"2018-04-06T07:30:20.000Z","volume":1000,"label":" ","price":83.1},{"type":"B","date":"2018-04-06T07:30:29.000Z","volume":46000,"label":" ","price":83},{"type":"B","date":"2018-04-06T07:30:31.000Z","volume":3000,"label":" ","price":83},{"type":"B","date":"2018-04-06T07:30:33.000Z","volume":8000,"label":" ","price":82.95},{"type":"B","date":"2018-04-06T07:30:35.000Z","volume":1000,"label":" ","price":82.95},{"type":"A","date":"2018-04-06T07:30:42.000Z","volume":6000,"label":" ","price":83},{"type":"B","date":"2018-04-06T07:30:43.000Z","volume":2000,"label":" ","price":82.95},{"type":"A","date":"2018-04-06T07:33:51.000Z","volume":1000,"label":" ","price":83},{"type":"A","date":"2018-04-06T07:33:53.000Z","volume":2000,"label":" ","price":83},{"type":"A","date":"2018-04-06T07:33:54.000Z","volume":1000,"label":" ","price":83},{"type":"A","date":"2018-04-06T07:35:30.000Z","volume":2000,"label":" ","price":83.05},{"type":"A","date":"2018-04-06T07:35:31.000Z","volume":1000,"label":" ","price":83.05},{"type":"A","date":"2018-04-06T07:36:02.000Z","volume":1000,"label":" ","price":83.05},{"type":"A","date":"2018-04-06T07:36:34.000Z","volume":1000,"label":"Y","price":83.05},{"type":"A","date":"2018-04-06T07:36:34.000Z","volume":1000,"label":" ","price":83.05},{"type":"A","date":"2018-04-06T07:36:34.000Z","volume":1000,"label":" ","price":83.05},{"type":"B","date":"2018-04-06T07:36:45.000Z","volume":1000,"label":" ","price":83},{"type":"A","date":"2018-04-06T07:37:05.000Z","volume":2000,"label":" ","price":83.05},{"type":"A","date":"2018-04-06T07:37:06.000Z","volume":1000,"label":" ","price":83.05},{"type":"B","date":"2018-04-06T07:38:09.000Z","volume":4000,"label":"Y","price":83},{"type":"B","date":"2018-04-06T07:38:09.000Z","volume":16000,"label":" ","price":83},{"type":"A","date":"2018-04-06T07:38:09.000Z","volume":4000,"label":" ","price":83},{"type":"B","date":"2018-04-06T07:38:09.000Z","volume":5000,"label":" ","price":82.95},{"type":"A","date":"2018-04-06T07:38:20.000Z","volume":13000,"label":" ","price":83},{"type":"B","date":"2018-04-06T07:40:00.000Z","volume":1000,"label":" ","price":82.95},{"type":"B","date":"2018-04-06T07:40:51.000Z","volume":2000,"label":" ","price":82.95},{"type":"A","date":"2018-04-06T07:40:56.000Z","volume":2000,"label":" ","price":83},{"type":"A","date":"2018-04-06T07:41:01.000Z","volume":1000,"label":" ","price":83},{"type":"A","date":"2018-04-06T07:41:40.000Z","volume":2000,"label":"Y","price":83},{"type":"B","date":"2018-04-06T07:41:54.000Z","volume":1000,"label":" ","price":82.95},{"type":"B","date":"2018-04-06T07:41:55.000Z","volume":1000,"label":" ","price":82.95},{"type":"B","date":"2018-04-06T07:42:12.000Z","volume":1000,"label":" ","price":82.95},{"type":"U","date":"2018-04-06T07:42:12.000Z","volume":1000,"label":"X","price":82.95},{"type":"A","date":"2018-04-06T07:42:38.000Z","volume":1000,"label":"Y","price":83},{"type":"A","date":"2018-04-06T07:42:38.000Z","volume":1000,"label":" ","price":83},{"type":"A","date":"2018-04-06T07:42:39.000Z","volume":1000,"label":" ","price":83},{"type":"B","date":"2018-04-06T07:42:41.000Z","volume":1000,"label":" ","price":82.95},{"type":"A","date":"2018-04-06T07:43:20.000Z","volume":1000,"label":" ","price":83},{"type":"A","date":"2018-04-06T07:43:38.000Z","volume":2000,"label":" ","price":83},{"type":"A","date":"2018-04-06T07:43:39.000Z","volume":1000,"label":" ","price":83},{"type":"A","date":"2018-04-06T07:43:54.000Z","volume":1000,"label":" ","price":83},{"type":"A","date":"2018-04-06T07:45:14.000Z","volume":1000,"label":" ","price":83},{"type":"A","date":"2018-04-06T07:45:40.000Z","volume":4000,"label":" ","price":83},{"type":"A","date":"2018-04-06T07:45:43.000Z","volume":2000,"label":" ","price":83},{"type":"B","date":"2018-04-06T07:45:47.000Z","volume":1000,"label":" ","price":82.95},{"type":"B","date":"2018-04-06T07:46:38.000Z","volume":1000,"label":" ","price":82.95},{"type":"B","date":"2018-04-06T07:46:53.000Z","volume":2000,"label":" ","price":82.95},{"type":"B","date":"2018-04-06T07:47:27.000Z","volume":1000,"label":" ","price":82.95},{"type":"A","date":"2018-04-06T07:47:47.000Z","volume":3000,"label":" ","price":83},{"type":"A","date":"2018-04-06T07:47:47.000Z","volume":1000,"label":" ","price":83},{"type":"B","date":"2018-04-06T07:48:00.000Z","volume":1000,"label":" ","price":82.95},{"type":"B","date":"2018-04-06T07:48:03.000Z","volume":2000,"label":" ","price":82.95},{"type":"A","date":"2018-04-06T07:48:11.000Z","volume":2000,"label":" ","price":83},{"type":"A","date":"2018-04-06T07:48:18.000Z","volume":1000,"label":" ","price":83},{"type":"A","date":"2018-04-06T07:48:21.000Z","volume":1000,"label":" ","price":83},{"type":"B","date":"2018-04-06T07:48:26.000Z","volume":1000,"label":" ","price":82.95},{"type":"B","date":"2018-04-06T07:48:32.000Z","volume":1000,"label":" ","price":82.95},{"type":"U","date":"2018-04-06T07:48:46.000Z","volume":39000,"label":"X","price":82.975},{"type":"B","date":"2018-04-06T07:48:47.000Z","volume":1000,"label":" ","price":82.95},{"type":"A","date":"2018-04-06T07:49:00.000Z","volume":1000,"label":" ","price":83},{"type":"A","date":"2018-04-06T07:49:19.000Z","volume":3000,"label":" ","price":83},{"type":"A","date":"2018-04-06T07:49:21.000Z","volume":1000,"label":" ","price":83},{"type":"B","date":"2018-04-06T07:49:25.000Z","volume":1000,"label":" ","price":82.95},{"type":"B","date":"2018-04-06T07:49:42.000Z","volume":1000,"label":" ","price":82.95},{"type":"B","date":"2018-04-06T07:49:42.000Z","volume":1000,"label":" ","price":82.95},{"type":"B","date":"2018-04-06T07:49:42.000Z","volume":1000,"label":" ","price":82.95},{"type":"B","date":"2018-04-06T07:49:42.000Z","volume":1000,"label":" ","price":82.95},{"type":"B","date":"2018-04-06T07:49:42.000Z","volume":1000,"label":" ","price":82.95},{"type":"A","date":"2018-04-06T07:49:42.000Z","volume":2000,"label":" ","price":83},{"type":"B","date":"2018-04-06T07:49:42.000Z","volume":1000,"label":" ","price":82.95},{"type":"B","date":"2018-04-06T07:49:44.000Z","volume":2000,"label":" ","price":82.95},{"type":"B","date":"2018-04-06T07:49:53.000Z","volume":12000,"label":" ","price":82.95},{"type":"B","date":"2018-04-06T07:49:56.000Z","volume":3000,"label":" ","price":82.95},{"type":"B","date":"2018-04-06T07:50:11.000Z","volume":2000,"label":" ","price":82.95},{"type":"B","date":"2018-04-06T07:50:11.000Z","volume":1000,"label":" ","price":82.95},{"type":"B","date":"2018-04-06T07:50:23.000Z","volume":1000,"label":" ","price":82.95},{"type":"B","date":"2018-04-06T07:50:24.000Z","volume":1000,"label":" ","price":82.95},{"type":"A","date":"2018-04-06T07:51:14.000Z","volume":1000,"label":"Y","price":83},{"type":"A","date":"2018-04-06T07:51:14.000Z","volume":1000,"label":" ","price":83},{"type":"A","date":"2018-04-06T07:51:15.000Z","volume":1000,"label":" ","price":83},{"type":"A","date":"2018-04-06T07:51:15.000Z","volume":82000,"label":" ","price":83},{"type":"B","date":"2018-04-06T07:51:18.000Z","volume":10000,"label":" ","price":83},{"type":"B","date":"2018-04-06T07:51:25.000Z","volume":2000,"label":" ","price":83},{"type":"B","date":"2018-04-06T07:51:29.000Z","volume":1000,"label":" ","price":83},{"type":"A","date":"2018-04-06T07:51:52.000Z","volume":1000,"label":" ","price":83.05},{"type":"A","date":"2018-04-06T07:51:52.000Z","volume":12000,"label":" ","price":83.05},{"type":"B","date":"2018-04-06T07:51:53.000Z","volume":1000,"label":" ","price":83},{"type":"A","date":"2018-04-06T07:51:57.000Z","volume":4000,"label":" ","price":83.05},{"type":"B","date":"2018-04-06T07:52:03.000Z","volume":3000,"label":" ","price":83},{"type":"A","date":"2018-04-06T07:52:06.000Z","volume":2000,"label":" ","price":83.05},{"type":"A","date":"2018-04-06T07:52:06.000Z","volume":37000,"label":" ","price":83.05},{"type":"B","date":"2018-04-06T07:52:07.000Z","volume":3000,"label":" ","price":83},{"type":"B","date":"2018-04-06T07:52:10.000Z","volume":4000,"label":" ","price":83},{"type":"A","date":"2018-04-06T07:52:18.000Z","volume":1000,"label":" ","price":83.1},{"type":"A","date":"2018-04-06T07:52:42.000Z","volume":14000,"label":"Y","price":83.1},{"type":"A","date":"2018-04-06T07:52:42.000Z","volume":13000,"label":" ","price":83.1},{"type":"A","date":"2018-04-06T07:52:42.000Z","volume":1000,"label":" ","price":83.1},{"type":"B","date":"2018-04-06T07:52:45.000Z","volume":5000,"label":" ","price":83.1},{"type":"A","date":"2018-04-06T07:53:28.000Z","volume":1000,"label":" ","price":83.15},{"type":"B","date":"2018-04-06T07:54:12.000Z","volume":1000,"label":" ","price":83.1},{"type":"A","date":"2018-04-06T07:54:28.000Z","volume":1000,"label":" ","price":83.15},{"type":"A","date":"2018-04-06T07:54:29.000Z","volume":1000,"label":" ","price":83.15},{"type":"A","date":"2018-04-06T07:54:31.000Z","volume":2000,"label":" ","price":83.15},{"type":"B","date":"2018-04-06T07:55:27.000Z","volume":7000,"label":" ","price":83.1},{"type":"A","date":"2018-04-06T07:55:27.000Z","volume":2000,"label":" ","price":83.15},{"type":"A","date":"2018-04-06T07:55:30.000Z","volume":1000,"label":" ","price":83.15},{"type":"B","date":"2018-04-06T07:55:32.000Z","volume":1000,"label":" ","price":83.1},{"type":"B","date":"2018-04-06T07:55:38.000Z","volume":20000,"label":" ","price":83.1},{"type":"A","date":"2018-04-06T07:56:47.000Z","volume":3000,"label":" ","price":83.1},{"type":"U","date":"2018-04-06T07:56:54.000Z","volume":1000,"label":"X","price":83.1},{"type":"B","date":"2018-04-06T07:57:11.000Z","volume":1000,"label":" ","price":83.05},{"type":"B","date":"2018-04-06T07:57:20.000Z","volume":24000,"label":" ","price":83.05},{"type":"B","date":"2018-04-06T07:57:20.000Z","volume":3000,"label":" ","price":83},{"type":"A","date":"2018-04-06T07:57:22.000Z","volume":3000,"label":" ","price":83.05},{"type":"A","date":"2018-04-06T07:58:02.000Z","volume":8000,"label":" ","price":83.05},{"type":"A","date":"2018-04-06T07:58:05.000Z","volume":1000,"label":" ","price":83.05},{"type":"A","date":"2018-04-06T07:58:05.000Z","volume":3000,"label":" ","price":83.05},{"type":"A","date":"2018-04-06T07:58:05.000Z","volume":10000,"label":" ","price":83.05},{"type":"A","date":"2018-04-06T07:58:08.000Z","volume":3000,"label":" ","price":83.05},{"type":"A","date":"2018-04-06T07:58:35.000Z","volume":2000,"label":" ","price":83.05},{"type":"A","date":"2018-04-06T07:58:36.000Z","volume":1000,"label":" ","price":83.05},{"type":"A","date":"2018-04-06T07:58:46.000Z","volume":2000,"label":" ","price":83.05},{"type":"B","date":"2018-04-06T07:58:55.000Z","volume":1000,"label":" ","price":83},{"type":"A","date":"2018-04-06T07:58:57.000Z","volume":4000,"label":" ","price":83.05},{"type":"A","date":"2018-04-06T07:59:03.000Z","volume":1000,"label":" ","price":83.1},{"type":"U","date":"2018-04-06T07:59:04.000Z","volume":1000,"label":"X","price":83},{"type":"U","date":"2018-04-06T07:59:09.000Z","volume":1000,"label":"X","price":83},{"type":"B","date":"2018-04-06T07:59:11.000Z","volume":1000,"label":" ","price":83},{"type":"A","date":"2018-04-06T07:59:17.000Z","volume":1000,"label":" ","price":83.1},{"type":"A","date":"2018-04-06T07:59:20.000Z","volume":1000,"label":" ","price":83.1},{"type":"U","date":"2018-04-06T07:59:22.000Z","volume":440,"label":"D","price":82.45},{"type":"B","date":"2018-04-06T07:59:23.000Z","volume":25000,"label":" ","price":83},{"type":"A","date":"2018-04-06T07:59:23.000Z","volume":3000,"label":" ","price":83.1},{"type":"A","date":"2018-04-06T07:59:24.000Z","volume":1000,"label":" ","price":83.15},{"type":"A","date":"2018-04-06T07:59:24.000Z","volume":1000,"label":"Y","price":83.15},{"type":"A","date":"2018-04-06T07:59:29.000Z","volume":6000,"label":" ","price":83.2},{"type":"A","date":"2018-04-06T07:59:29.000Z","volume":1000,"label":" ","price":83.2},{"type":"A","date":"2018-04-06T07:59:31.000Z","volume":1000,"label":" ","price":83.2},{"type":"B","date":"2018-04-06T07:59:32.000Z","volume":1000,"label":" ","price":83.15},{"type":"A","date":"2018-04-06T07:59:42.000Z","volume":1000,"label":" ","price":83.3},{"type":"A","date":"2018-04-06T07:59:53.000Z","volume":1000,"label":" ","price":83.3},{"type":"A","date":"2018-04-06T07:59:53.000Z","volume":1000,"label":" ","price":83.3},{"type":"B","date":"2018-04-06T07:59:59.000Z","volume":1000,"label":" ","price":83.15},{"type":"U","date":"2018-04-06T08:08:20.000Z","volume":175000,"label":"U","price":83.4}]