[{"type":"A","date":"2018-03-15T07:59:10.000Z","volume":62000,"price":2.02,"category":"ubbull"},{"type":"A","date":"2018-03-15T07:58:58.000Z","volume":354000,"price":2.02,"category":"ubbull"},{"type":"A","date":"2018-03-15T07:55:47.000Z","volume":36000,"price":2.03,"category":"ubbull"},{"type":"A","date":"2018-03-15T07:51:47.000Z","volume":27000,"price":2.03,"category":"ubbull"},{"type":"A","date":"2018-03-15T07:00:09.000Z","volume":34000,"price":2.03,"category":"ubbull"},{"type":"A","date":"2018-03-15T06:59:17.000Z","volume":52000,"price":2.03,"category":"ubbull"},{"type":"A","date":"2018-03-15T06:58:56.000Z","volume":50000,"price":2.03,"category":"ubbull"},{"type":"A","date":"2018-03-15T06:58:56.000Z","volume":70000,"price":2.03,"category":"ubbull"},{"type":"A","date":"2018-03-15T06:53:43.000Z","volume":64000,"price":2.03,"category":"ubbull"},{"type":"A","date":"2018-03-15T06:25:27.000Z","volume":51000,"price":2.03,"category":"ubbull"},{"type":"A","date":"2018-03-15T06:22:21.000Z","volume":26000,"price":2.03,"category":"ubbull"},{"type":"A","date":"2018-03-15T06:19:35.000Z","volume":150000,"price":2.03,"category":"ubbull"},{"type":"A","date":"2018-03-15T05:30:17.000Z","volume":43000,"price":2.02,"category":"ubbull"},{"type":"A","date":"2018-03-15T05:20:17.000Z","volume":26000,"price":2.03,"category":"ubbull"},{"type":"A","date":"2018-03-15T05:03:47.000Z","volume":62000,"price":2.03,"category":"ubbull"},{"type":"A","date":"2018-03-15T03:42:52.000Z","volume":76000,"price":2.02,"category":"ubbull"},{"type":"A","date":"2018-03-15T03:40:02.000Z","volume":94000,"price":2.02,"category":"ubbull"},{"type":"A","date":"2018-03-15T03:19:47.000Z","volume":26000,"price":2.02,"category":"ubbull"},{"type":"A","date":"2018-03-15T03:05:17.000Z","volume":28000,"price":2.02,"category":"ubbull"},{"type":"A","date":"2018-03-15T02:59:47.000Z","volume":30000,"price":2.02,"category":"ubbull"},{"type":"A","date":"2018-03-15T02:50:02.000Z","volume":30000,"price":2.02,"category":"ubbull"},{"type":"A","date":"2018-03-15T02:40:17.000Z","volume":29000,"price":2.02,"category":"ubbull"},{"type":"A","date":"2018-03-15T02:36:17.000Z","volume":31000,"price":2.02,"category":"ubbull"},{"type":"A","date":"2018-03-15T02:15:17.000Z","volume":44000,"price":2.01,"category":"ubbull"},{"type":"A","date":"2018-03-15T02:15:17.000Z","volume":28000,"price":2.01,"category":"ubbull"},{"type":"A","date":"2018-03-15T02:15:17.000Z","volume":41000,"price":2.01,"category":"ubbull"},{"type":"A","date":"2018-03-15T02:15:17.000Z","volume":28000,"price":2.01,"category":"ubbull"},{"type":"A","date":"2018-03-15T02:15:17.000Z","volume":42000,"price":2.01,"category":"ubbull"},{"type":"A","date":"2018-03-15T02:15:17.000Z","volume":34000,"price":2.01,"category":"ubbull"},{"type":"A","date":"2018-03-15T02:10:04.000Z","volume":109000,"price":2.01,"category":"ubbull"},{"type":"A","date":"2018-03-15T02:09:58.000Z","volume":28000,"price":2.01,"category":"ubbull"},{"type":"A","date":"2018-03-15T02:07:02.000Z","volume":27000,"price":2.01,"category":"ubbull"},{"type":"A","date":"2018-03-15T02:03:02.000Z","volume":30000,"price":2.01,"category":"ubbull"},{"type":"A","date":"2018-03-15T02:03:02.000Z","volume":29000,"price":2.01,"category":"ubbull"},{"type":"A","date":"2018-03-15T01:55:17.000Z","volume":38000,"price":2.01,"category":"ubbull"},{"type":"A","date":"2018-03-15T01:51:02.000Z","volume":39000,"price":2.01,"category":"ubbull"},{"type":"A","date":"2018-03-15T01:47:17.000Z","volume":35000,"price":2.01,"category":"ubbull"},{"type":"A","date":"2018-03-15T01:43:48.000Z","volume":34000,"price":2.01,"category":"ubbull"},{"type":"A","date":"2018-03-15T01:34:17.000Z","volume":65000,"price":2.01,"category":"ubbull"},{"type":"A","date":"2018-03-15T01:30:00.000Z","volume":39000,"price":2,"category":"ubbull"},{"type":"A","date":"2018-03-15T07:59:30.000Z","volume":14000,"price":2.02,"category":"bbull"},{"type":"A","date":"2018-03-15T07:58:58.000Z","volume":12000,"price":2.02,"category":"bbull"},{"type":"A","date":"2018-03-15T07:58:32.000Z","volume":24000,"price":2.03,"category":"bbull"},{"type":"A","date":"2018-03-15T07:58:11.000Z","volume":9000,"price":2.03,"category":"bbull"},{"type":"A","date":"2018-03-15T07:58:02.000Z","volume":23000,"price":2.03,"category":"bbull"},{"type":"A","date":"2018-03-15T07:57:32.000Z","volume":12000,"price":2.03,"category":"bbull"},{"type":"A","date":"2018-03-15T07:57:20.000Z","volume":9000,"price":2.03,"category":"bbull"},{"type":"A","date":"2018-03-15T07:56:47.000Z","volume":19000,"price":2.03,"category":"bbull"},{"type":"A","date":"2018-03-15T07:56:32.000Z","volume":9000,"price":2.03,"category":"bbull"},{"type":"A","date":"2018-03-15T07:55:47.000Z","volume":23000,"price":2.03,"category":"bbull"},{"type":"A","date":"2018-03-15T07:54:25.000Z","volume":24000,"price":2.03,"category":"bbull"},{"type":"A","date":"2018-03-15T07:52:57.000Z","volume":10000,"price":2.03,"category":"bbull"},{"type":"A","date":"2018-03-15T07:50:23.000Z","volume":12000,"price":2.03,"category":"bbull"},{"type":"A","date":"2018-03-15T07:49:47.000Z","volume":20000,"price":2.03,"category":"bbull"},{"type":"A","date":"2018-03-15T07:47:32.000Z","volume":23000,"price":2.03,"category":"bbull"},{"type":"A","date":"2018-03-15T07:46:02.000Z","volume":22000,"price":2.03,"category":"bbull"},{"type":"A","date":"2018-03-15T07:44:02.000Z","volume":18000,"price":2.03,"category":"bbull"},{"type":"A","date":"2018-03-15T07:41:47.000Z","volume":24000,"price":2.03,"category":"bbull"},{"type":"A","date":"2018-03-15T07:38:32.000Z","volume":22000,"price":2.03,"category":"bbull"},{"type":"A","date":"2018-03-15T07:35:20.000Z","volume":9000,"price":2.03,"category":"bbull"},{"type":"A","date":"2018-03-15T07:34:32.000Z","volume":19000,"price":2.03,"category":"bbull"},{"type":"A","date":"2018-03-15T07:32:17.000Z","volume":21000,"price":2.03,"category":"bbull"},{"type":"A","date":"2018-03-15T07:30:17.000Z","volume":21000,"price":2.03,"category":"bbull"},{"type":"A","date":"2018-03-15T07:19:06.000Z","volume":10000,"price":2.03,"category":"bbull"},{"type":"A","date":"2018-03-15T07:17:17.000Z","volume":21000,"price":2.04,"category":"bbull"},{"type":"A","date":"2018-03-15T07:13:47.000Z","volume":20000,"price":2.04,"category":"bbull"},{"type":"A","date":"2018-03-15T06:59:17.000Z","volume":11000,"price":2.03,"category":"bbull"},{"type":"A","date":"2018-03-15T06:59:17.000Z","volume":9000,"price":2.03,"category":"bbull"},{"type":"A","date":"2018-03-15T06:59:17.000Z","volume":20000,"price":2.03,"category":"bbull"},{"type":"A","date":"2018-03-15T06:59:16.000Z","volume":10000,"price":2.03,"category":"bbull"},{"type":"A","date":"2018-03-15T06:59:02.000Z","volume":12000,"price":2.03,"category":"bbull"},{"type":"A","date":"2018-03-15T06:59:02.000Z","volume":20000,"price":2.03,"category":"bbull"},{"type":"A","date":"2018-03-15T06:59:02.000Z","volume":16000,"price":2.03,"category":"bbull"},{"type":"A","date":"2018-03-15T06:59:02.000Z","volume":17000,"price":2.03,"category":"bbull"},{"type":"A","date":"2018-03-15T06:59:02.000Z","volume":19000,"price":2.03,"category":"bbull"},{"type":"A","date":"2018-03-15T06:59:01.000Z","volume":11000,"price":2.03,"category":"bbull"},{"type":"A","date":"2018-03-15T06:59:01.000Z","volume":10000,"price":2.03,"category":"bbull"},{"type":"A","date":"2018-03-15T06:57:17.000Z","volume":23000,"price":2.03,"category":"bbull"},{"type":"A","date":"2018-03-15T06:55:26.000Z","volume":9000,"price":2.03,"category":"bbull"},{"type":"A","date":"2018-03-15T06:55:08.000Z","volume":25000,"price":2.03,"category":"bbull"},{"type":"A","date":"2018-03-15T06:55:08.000Z","volume":12000,"price":2.03,"category":"bbull"},{"type":"A","date":"2018-03-15T06:55:02.000Z","volume":21000,"price":2.03,"category":"bbull"},{"type":"A","date":"2018-03-15T06:54:07.000Z","volume":14000,"price":2.03,"category":"bbull"},{"type":"A","date":"2018-03-15T06:51:02.000Z","volume":20000,"price":2.03,"category":"bbull"},{"type":"A","date":"2018-03-15T06:48:06.000Z","volume":10000,"price":2.03,"category":"bbull"},{"type":"A","date":"2018-03-15T06:47:17.000Z","volume":18000,"price":2.03,"category":"bbull"},{"type":"A","date":"2018-03-15T06:45:17.000Z","volume":19000,"price":2.03,"category":"bbull"},{"type":"A","date":"2018-03-15T06:44:02.000Z","volume":19000,"price":2.03,"category":"bbull"},{"type":"A","date":"2018-03-15T06:41:02.000Z","volume":24000,"price":2.03,"category":"bbull"},{"type":"A","date":"2018-03-15T06:39:02.000Z","volume":11000,"price":2.03,"category":"bbull"},{"type":"A","date":"2018-03-15T06:38:47.000Z","volume":13000,"price":2.03,"category":"bbull"},{"type":"A","date":"2018-03-15T06:38:47.000Z","volume":9000,"price":2.03,"category":"bbull"},{"type":"A","date":"2018-03-15T06:33:47.000Z","volume":18000,"price":2.03,"category":"bbull"},{"type":"A","date":"2018-03-15T06:29:56.000Z","volume":9000,"price":2.03,"category":"bbull"},{"type":"A","date":"2018-03-15T06:29:36.000Z","volume":9000,"price":2.03,"category":"bbull"},{"type":"A","date":"2018-03-15T06:29:17.000Z","volume":16000,"price":2.03,"category":"bbull"},{"type":"A","date":"2018-03-15T06:27:36.000Z","volume":9000,"price":2.03,"category":"bbull"},{"type":"A","date":"2018-03-15T06:27:02.000Z","volume":16000,"price":2.03,"category":"bbull"},{"type":"A","date":"2018-03-15T06:25:02.000Z","volume":19000,"price":2.03,"category":"bbull"},{"type":"A","date":"2018-03-15T06:22:47.000Z","volume":17000,"price":2.03,"category":"bbull"},{"type":"A","date":"2018-03-15T06:20:32.000Z","volume":18000,"price":2.03,"category":"bbull"},{"type":"A","date":"2018-03-15T06:19:38.000Z","volume":11000,"price":2.03,"category":"bbull"},{"type":"A","date":"2018-03-15T06:19:36.000Z","volume":16000,"price":2.03,"category":"bbull"},{"type":"A","date":"2018-03-15T06:18:56.000Z","volume":9000,"price":2.03,"category":"bbull"},{"type":"A","date":"2018-03-15T06:18:47.000Z","volume":19000,"price":2.03,"category":"bbull"},{"type":"A","date":"2018-03-15T06:17:36.000Z","volume":10000,"price":2.03,"category":"bbull"},{"type":"A","date":"2018-03-15T06:15:32.000Z","volume":17000,"price":2.03,"category":"bbull"},{"type":"A","date":"2018-03-15T06:10:17.000Z","volume":21000,"price":2.03,"category":"bbull"},{"type":"A","date":"2018-03-15T06:09:36.000Z","volume":11000,"price":2.03,"category":"bbull"},{"type":"A","date":"2018-03-15T06:07:36.000Z","volume":13000,"price":2.03,"category":"bbull"},{"type":"A","date":"2018-03-15T06:07:17.000Z","volume":19000,"price":2.03,"category":"bbull"},{"type":"A","date":"2018-03-15T06:06:16.000Z","volume":9000,"price":2.03,"category":"bbull"},{"type":"A","date":"2018-03-15T06:04:02.000Z","volume":18000,"price":2.03,"category":"bbull"},{"type":"A","date":"2018-03-15T05:59:47.000Z","volume":18000,"price":2.03,"category":"bbull"},{"type":"A","date":"2018-03-15T05:57:17.000Z","volume":17000,"price":2.03,"category":"bbull"},{"type":"A","date":"2018-03-15T05:54:47.000Z","volume":20000,"price":2.03,"category":"bbull"},{"type":"A","date":"2018-03-15T05:53:52.000Z","volume":10000,"price":2.03,"category":"bbull"},{"type":"A","date":"2018-03-15T05:52:47.000Z","volume":16000,"price":2.03,"category":"bbull"},{"type":"A","date":"2018-03-15T05:50:32.000Z","volume":19000,"price":2.03,"category":"bbull"},{"type":"A","date":"2018-03-15T05:44:13.000Z","volume":10000,"price":2.03,"category":"bbull"},{"type":"A","date":"2018-03-15T05:44:12.000Z","volume":18000,"price":2.03,"category":"bbull"},{"type":"A","date":"2018-03-15T05:44:11.000Z","volume":11000,"price":2.03,"category":"bbull"},{"type":"A","date":"2018-03-15T05:40:29.000Z","volume":25000,"price":2.03,"category":"bbull"},{"type":"A","date":"2018-03-15T05:40:14.000Z","volume":25000,"price":2.03,"category":"bbull"},{"type":"A","date":"2018-03-15T05:39:59.000Z","volume":25000,"price":2.03,"category":"bbull"},{"type":"A","date":"2018-03-15T05:39:44.000Z","volume":25000,"price":2.03,"category":"bbull"},{"type":"A","date":"2018-03-15T05:37:28.000Z","volume":25000,"price":2.03,"category":"bbull"},{"type":"A","date":"2018-03-15T05:37:13.000Z","volume":25000,"price":2.03,"category":"bbull"},{"type":"A","date":"2018-03-15T05:36:58.000Z","volume":25000,"price":2.03,"category":"bbull"},{"type":"A","date":"2018-03-15T05:36:43.000Z","volume":25000,"price":2.03,"category":"bbull"},{"type":"A","date":"2018-03-15T05:35:24.000Z","volume":9000,"price":2.03,"category":"bbull"},{"type":"A","date":"2018-03-15T05:34:27.000Z","volume":25000,"price":2.03,"category":"bbull"},{"type":"A","date":"2018-03-15T05:34:12.000Z","volume":20000,"price":2.03,"category":"bbull"},{"type":"A","date":"2018-03-15T05:34:12.000Z","volume":25000,"price":2.03,"category":"bbull"},{"type":"A","date":"2018-03-15T05:33:57.000Z","volume":25000,"price":2.03,"category":"bbull"},{"type":"A","date":"2018-03-15T05:33:42.000Z","volume":25000,"price":2.03,"category":"bbull"},{"type":"A","date":"2018-03-15T05:32:27.000Z","volume":23000,"price":2.03,"category":"bbull"},{"type":"A","date":"2018-03-15T05:31:26.000Z","volume":25000,"price":2.03,"category":"bbull"},{"type":"A","date":"2018-03-15T05:31:11.000Z","volume":25000,"price":2.03,"category":"bbull"},{"type":"A","date":"2018-03-15T05:30:56.000Z","volume":25000,"price":2.03,"category":"bbull"},{"type":"A","date":"2018-03-15T05:30:41.000Z","volume":25000,"price":2.02,"category":"bbull"},{"type":"A","date":"2018-03-15T05:30:02.000Z","volume":15000,"price":2.03,"category":"bbull"},{"type":"A","date":"2018-03-15T05:29:06.000Z","volume":13000,"price":2.03,"category":"bbull"},{"type":"A","date":"2018-03-15T05:28:25.000Z","volume":25000,"price":2.03,"category":"bbull"},{"type":"A","date":"2018-03-15T05:28:10.000Z","volume":25000,"price":2.03,"category":"bbull"},{"type":"A","date":"2018-03-15T05:27:55.000Z","volume":25000,"price":2.03,"category":"bbull"},{"type":"A","date":"2018-03-15T05:27:40.000Z","volume":25000,"price":2.03,"category":"bbull"},{"type":"A","date":"2018-03-15T05:27:20.000Z","volume":18000,"price":2.03,"category":"bbull"},{"type":"A","date":"2018-03-15T05:26:32.000Z","volume":19000,"price":2.03,"category":"bbull"},{"type":"A","date":"2018-03-15T05:25:24.000Z","volume":25000,"price":2.03,"category":"bbull"},{"type":"A","date":"2018-03-15T05:25:09.000Z","volume":25000,"price":2.03,"category":"bbull"},{"type":"A","date":"2018-03-15T05:24:54.000Z","volume":25000,"price":2.03,"category":"bbull"},{"type":"A","date":"2018-03-15T05:24:39.000Z","volume":25000,"price":2.03,"category":"bbull"},{"type":"A","date":"2018-03-15T05:24:33.000Z","volume":25000,"price":2.03,"category":"bbull"},{"type":"A","date":"2018-03-15T05:24:32.000Z","volume":11000,"price":2.03,"category":"bbull"},{"type":"A","date":"2018-03-15T05:24:18.000Z","volume":25000,"price":2.03,"category":"bbull"},{"type":"A","date":"2018-03-15T05:24:03.000Z","volume":25000,"price":2.03,"category":"bbull"},{"type":"A","date":"2018-03-15T05:23:49.000Z","volume":25000,"price":2.03,"category":"bbull"},{"type":"A","date":"2018-03-15T05:23:32.000Z","volume":22000,"price":2.03,"category":"bbull"},{"type":"A","date":"2018-03-15T05:22:20.000Z","volume":11000,"price":2.03,"category":"bbull"},{"type":"A","date":"2018-03-15T05:21:32.000Z","volume":25000,"price":2.03,"category":"bbull"},{"type":"A","date":"2018-03-15T05:21:17.000Z","volume":25000,"price":2.03,"category":"bbull"},{"type":"A","date":"2018-03-15T05:21:02.000Z","volume":25000,"price":2.03,"category":"bbull"},{"type":"A","date":"2018-03-15T05:20:47.000Z","volume":25000,"price":2.03,"category":"bbull"},{"type":"A","date":"2018-03-15T05:20:17.000Z","volume":21000,"price":2.03,"category":"bbull"},{"type":"A","date":"2018-03-15T05:19:15.000Z","volume":14000,"price":2.03,"category":"bbull"},{"type":"A","date":"2018-03-15T05:18:31.000Z","volume":25000,"price":2.03,"category":"bbull"},{"type":"A","date":"2018-03-15T05:18:17.000Z","volume":25000,"price":2.03,"category":"bbull"},{"type":"A","date":"2018-03-15T05:18:01.000Z","volume":25000,"price":2.03,"category":"bbull"},{"type":"A","date":"2018-03-15T05:17:46.000Z","volume":25000,"price":2.03,"category":"bbull"},{"type":"A","date":"2018-03-15T05:15:16.000Z","volume":25000,"price":2.03,"category":"bbull"},{"type":"A","date":"2018-03-15T05:15:01.000Z","volume":25000,"price":2.03,"category":"bbull"},{"type":"A","date":"2018-03-15T05:14:46.000Z","volume":25000,"price":2.03,"category":"bbull"},{"type":"A","date":"2018-03-15T05:14:31.000Z","volume":25000,"price":2.03,"category":"bbull"},{"type":"A","date":"2018-03-15T05:04:28.000Z","volume":9000,"price":2.03,"category":"bbull"},{"type":"A","date":"2018-03-15T05:00:48.000Z","volume":20000,"price":2.03,"category":"bbull"},{"type":"A","date":"2018-03-15T03:43:13.000Z","volume":11000,"price":2.03,"category":"bbull"},{"type":"A","date":"2018-03-15T03:42:49.000Z","volume":18000,"price":2.02,"category":"bbull"},{"type":"A","date":"2018-03-15T03:42:25.000Z","volume":9000,"price":2.02,"category":"bbull"},{"type":"A","date":"2018-03-15T03:39:40.000Z","volume":16000,"price":2.02,"category":"bbull"},{"type":"A","date":"2018-03-15T03:37:51.000Z","volume":15000,"price":2.02,"category":"bbull"},{"type":"A","date":"2018-03-15T03:37:32.000Z","volume":22000,"price":2.02,"category":"bbull"},{"type":"A","date":"2018-03-15T03:37:32.000Z","volume":22000,"price":2.02,"category":"bbull"},{"type":"A","date":"2018-03-15T03:37:32.000Z","volume":22000,"price":2.02,"category":"bbull"},{"type":"A","date":"2018-03-15T03:37:32.000Z","volume":22000,"price":2.02,"category":"bbull"},{"type":"A","date":"2018-03-15T03:37:32.000Z","volume":18000,"price":2.02,"category":"bbull"},{"type":"A","date":"2018-03-15T03:36:52.000Z","volume":11000,"price":2.02,"category":"bbull"},{"type":"A","date":"2018-03-15T03:36:52.000Z","volume":17000,"price":2.02,"category":"bbull"},{"type":"A","date":"2018-03-15T03:35:25.000Z","volume":9000,"price":2.02,"category":"bbull"},{"type":"A","date":"2018-03-15T03:34:55.000Z","volume":11000,"price":2.02,"category":"bbull"},{"type":"A","date":"2018-03-15T03:34:54.000Z","volume":9000,"price":2.02,"category":"bbull"},{"type":"A","date":"2018-03-15T03:34:50.000Z","volume":11000,"price":2.02,"category":"bbull"},{"type":"A","date":"2018-03-15T03:34:27.000Z","volume":11000,"price":2.02,"category":"bbull"},{"type":"A","date":"2018-03-15T03:34:26.000Z","volume":18000,"price":2.02,"category":"bbull"},{"type":"A","date":"2018-03-15T03:34:25.000Z","volume":11000,"price":2.02,"category":"bbull"},{"type":"A","date":"2018-03-15T03:32:47.000Z","volume":20000,"price":2.02,"category":"bbull"},{"type":"A","date":"2018-03-15T03:25:23.000Z","volume":13000,"price":2.02,"category":"bbull"},{"type":"A","date":"2018-03-15T03:25:17.000Z","volume":21000,"price":2.02,"category":"bbull"},{"type":"A","date":"2018-03-15T03:24:01.000Z","volume":9000,"price":2.02,"category":"bbull"},{"type":"A","date":"2018-03-15T03:21:47.000Z","volume":22000,"price":2.02,"category":"bbull"},{"type":"A","date":"2018-03-15T03:21:47.000Z","volume":23000,"price":2.02,"category":"bbull"},{"type":"A","date":"2018-03-15T03:17:32.000Z","volume":18000,"price":2.02,"category":"bbull"},{"type":"A","date":"2018-03-15T03:17:17.000Z","volume":9000,"price":2.02,"category":"bbull"},{"type":"A","date":"2018-03-15T03:14:32.000Z","volume":16000,"price":2.02,"category":"bbull"},{"type":"A","date":"2018-03-15T03:11:56.000Z","volume":9000,"price":2.02,"category":"bbull"},{"type":"A","date":"2018-03-15T03:11:02.000Z","volume":19000,"price":2.02,"category":"bbull"},{"type":"A","date":"2018-03-15T03:08:17.000Z","volume":22000,"price":2.02,"category":"bbull"},{"type":"A","date":"2018-03-15T03:07:25.000Z","volume":14000,"price":2.02,"category":"bbull"},{"type":"A","date":"2018-03-15T03:07:19.000Z","volume":9000,"price":2.02,"category":"bbull"},{"type":"A","date":"2018-03-15T03:05:17.000Z","volume":21000,"price":2.02,"category":"bbull"},{"type":"A","date":"2018-03-15T03:05:17.000Z","volume":9000,"price":2.02,"category":"bbull"},{"type":"A","date":"2018-03-15T03:04:57.000Z","volume":11000,"price":2.02,"category":"bbull"},{"type":"A","date":"2018-03-15T03:04:54.000Z","volume":20000,"price":2.02,"category":"bbull"},{"type":"A","date":"2018-03-15T03:04:53.000Z","volume":9000,"price":2.02,"category":"bbull"},{"type":"A","date":"2018-03-15T03:04:04.000Z","volume":9000,"price":2.02,"category":"bbull"},{"type":"A","date":"2018-03-15T03:04:02.000Z","volume":23000,"price":2.02,"category":"bbull"},{"type":"A","date":"2018-03-15T02:54:20.000Z","volume":9000,"price":2.02,"category":"bbull"},{"type":"A","date":"2018-03-15T02:52:17.000Z","volume":25000,"price":2.02,"category":"bbull"},{"type":"A","date":"2018-03-15T02:43:17.000Z","volume":24000,"price":2.02,"category":"bbull"},{"type":"A","date":"2018-03-15T02:42:36.000Z","volume":10000,"price":2.02,"category":"bbull"},{"type":"A","date":"2018-03-15T02:39:22.000Z","volume":15000,"price":2.02,"category":"bbull"},{"type":"A","date":"2018-03-15T02:39:03.000Z","volume":15000,"price":2.02,"category":"bbull"},{"type":"A","date":"2018-03-15T02:37:22.000Z","volume":15000,"price":2.02,"category":"bbull"},{"type":"A","date":"2018-03-15T02:37:18.000Z","volume":9000,"price":2.02,"category":"bbull"},{"type":"A","date":"2018-03-15T02:37:01.000Z","volume":10000,"price":2.02,"category":"bbull"},{"type":"A","date":"2018-03-15T02:18:02.000Z","volume":23000,"price":2.01,"category":"bbull"},{"type":"A","date":"2018-03-15T02:15:18.000Z","volume":18000,"price":2.01,"category":"bbull"},{"type":"A","date":"2018-03-15T02:15:17.000Z","volume":10000,"price":2.01,"category":"bbull"},{"type":"A","date":"2018-03-15T02:14:30.000Z","volume":13000,"price":2.01,"category":"bbull"},{"type":"A","date":"2018-03-15T02:14:08.000Z","volume":10000,"price":2.01,"category":"bbull"},{"type":"A","date":"2018-03-15T02:09:30.000Z","volume":21000,"price":2.01,"category":"bbull"},{"type":"A","date":"2018-03-15T01:59:38.000Z","volume":17000,"price":2.01,"category":"bbull"},{"type":"A","date":"2018-03-15T01:56:30.000Z","volume":10000,"price":2.01,"category":"bbull"},{"type":"A","date":"2018-03-15T01:55:17.000Z","volume":20000,"price":2.01,"category":"bbull"},{"type":"A","date":"2018-03-15T01:54:19.000Z","volume":19000,"price":2.01,"category":"bbull"},{"type":"A","date":"2018-03-15T01:52:34.000Z","volume":22000,"price":2.01,"category":"bbull"},{"type":"A","date":"2018-03-15T01:48:58.000Z","volume":13000,"price":2.01,"category":"bbull"},{"type":"A","date":"2018-03-15T01:30:00.000Z","volume":18000,"price":2,"category":"bbull"},{"type":"A","date":"2018-03-15T07:59:50.000Z","volume":1000,"price":2.02,"category":"rbull"},{"type":"A","date":"2018-03-15T07:59:44.000Z","volume":1000,"price":2.02,"category":"rbull"},{"type":"A","date":"2018-03-15T07:59:32.000Z","volume":1000,"price":2.02,"category":"rbull"},{"type":"A","date":"2018-03-15T07:59:31.000Z","volume":1000,"price":2.02,"category":"rbull"},{"type":"A","date":"2018-03-15T07:59:30.000Z","volume":1000,"price":2.02,"category":"rbull"},{"type":"A","date":"2018-03-15T07:59:28.000Z","volume":1000,"price":2.02,"category":"rbull"},{"type":"A","date":"2018-03-15T07:59:26.000Z","volume":1000,"price":2.02,"category":"rbull"},{"type":"A","date":"2018-03-15T07:59:04.000Z","volume":1000,"price":2.02,"category":"rbull"},{"type":"A","date":"2018-03-15T07:59:02.000Z","volume":1000,"price":2.02,"category":"rbull"},{"type":"A","date":"2018-03-15T07:58:56.000Z","volume":1000,"price":2.02,"category":"rbull"},{"type":"A","date":"2018-03-15T07:58:56.000Z","volume":1000,"price":2.02,"category":"rbull"},{"type":"A","date":"2018-03-15T07:58:54.000Z","volume":1000,"price":2.02,"category":"rbull"},{"type":"A","date":"2018-03-15T07:58:54.000Z","volume":1000,"price":2.02,"category":"rbull"},{"type":"A","date":"2018-03-15T07:58:49.000Z","volume":1000,"price":2.03,"category":"rbull"},{"type":"A","date":"2018-03-15T07:58:47.000Z","volume":1000,"price":2.03,"category":"rbull"},{"type":"A","date":"2018-03-15T07:58:47.000Z","volume":1000,"price":2.03,"category":"rbull"},{"type":"A","date":"2018-03-15T07:58:42.000Z","volume":1000,"price":2.03,"category":"rbull"},{"type":"A","date":"2018-03-15T07:58:40.000Z","volume":1000,"price":2.03,"category":"rbull"},{"type":"A","date":"2018-03-15T07:58:33.000Z","volume":1000,"price":2.03,"category":"rbull"},{"type":"A","date":"2018-03-15T07:58:33.000Z","volume":1000,"price":2.03,"category":"rbull"},{"type":"A","date":"2018-03-15T07:58:33.000Z","volume":1000,"price":2.03,"category":"rbull"},{"type":"A","date":"2018-03-15T07:58:32.000Z","volume":1000,"price":2.03,"category":"rbull"},{"type":"A","date":"2018-03-15T07:58:32.000Z","volume":1000,"price":2.03,"category":"rbull"},{"type":"A","date":"2018-03-15T07:58:28.000Z","volume":1000,"price":2.03,"category":"rbull"},{"type":"A","date":"2018-03-15T07:58:24.000Z","volume":1000,"price":2.03,"category":"rbull"},{"type":"A","date":"2018-03-15T07:58:18.000Z","volume":1000,"price":2.03,"category":"rbull"},{"type":"A","date":"2018-03-15T07:58:16.000Z","volume":1000,"price":2.03,"category":"rbull"},{"type":"A","date":"2018-03-15T07:58:09.000Z","volume":1000,"price":2.03,"category":"rbull"},{"type":"A","date":"2018-03-15T07:58:08.000Z","volume":1000,"price":2.03,"category":"rbull"},{"type":"A","date":"2018-03-15T07:58:07.000Z","volume":1000,"price":2.03,"category":"rbull"},{"type":"A","date":"2018-03-15T07:57:48.000Z","volume":1000,"price":2.03,"category":"rbull"},{"type":"A","date":"2018-03-15T07:57:38.000Z","volume":1000,"price":2.03,"category":"rbull"},{"type":"A","date":"2018-03-15T07:57:33.000Z","volume":1000,"price":2.03,"category":"rbull"},{"type":"A","date":"2018-03-15T07:57:28.000Z","volume":1000,"price":2.03,"category":"rbull"},{"type":"A","date":"2018-03-15T07:57:26.000Z","volume":1000,"price":2.03,"category":"rbull"},{"type":"A","date":"2018-03-15T07:57:17.000Z","volume":1000,"price":2.03,"category":"rbull"},{"type":"A","date":"2018-03-15T07:56:32.000Z","volume":1000,"price":2.03,"category":"rbull"},{"type":"A","date":"2018-03-15T07:56:19.000Z","volume":1000,"price":2.03,"category":"rbull"},{"type":"A","date":"2018-03-15T07:55:27.000Z","volume":1000,"price":2.03,"category":"rbull"},{"type":"A","date":"2018-03-15T07:55:22.000Z","volume":1000,"price":2.03,"category":"rbull"},{"type":"A","date":"2018-03-15T07:54:02.000Z","volume":1000,"price":2.03,"category":"rbull"},{"type":"A","date":"2018-03-15T07:53:17.000Z","volume":1000,"price":2.03,"category":"rbull"},{"type":"A","date":"2018-03-15T07:52:32.000Z","volume":1000,"price":2.03,"category":"rbull"},{"type":"A","date":"2018-03-15T07:52:23.000Z","volume":1000,"price":2.03,"category":"rbull"},{"type":"A","date":"2018-03-15T07:51:34.000Z","volume":1000,"price":2.03,"category":"rbull"},{"type":"A","date":"2018-03-15T07:51:02.000Z","volume":1000,"price":2.03,"category":"rbull"},{"type":"A","date":"2018-03-15T07:50:10.000Z","volume":1000,"price":2.03,"category":"rbull"},{"type":"A","date":"2018-03-15T07:50:02.000Z","volume":1000,"price":2.03,"category":"rbull"},{"type":"A","date":"2018-03-15T07:48:02.000Z","volume":1000,"price":2.03,"category":"rbull"},{"type":"A","date":"2018-03-15T07:48:01.000Z","volume":1000,"price":2.03,"category":"rbull"},{"type":"A","date":"2018-03-15T07:47:13.000Z","volume":1000,"price":2.03,"category":"rbull"},{"type":"A","date":"2018-03-15T07:45:32.000Z","volume":1000,"price":2.03,"category":"rbull"},{"type":"A","date":"2018-03-15T07:44:49.000Z","volume":1000,"price":2.03,"category":"rbull"},{"type":"A","date":"2018-03-15T07:43:06.000Z","volume":1000,"price":2.03,"category":"rbull"},{"type":"A","date":"2018-03-15T07:40:17.000Z","volume":1000,"price":2.03,"category":"rbull"},{"type":"A","date":"2018-03-15T07:39:12.000Z","volume":1000,"price":2.03,"category":"rbull"},{"type":"A","date":"2018-03-15T07:37:20.000Z","volume":1000,"price":2.03,"category":"rbull"},{"type":"A","date":"2018-03-15T07:36:18.000Z","volume":1000,"price":2.03,"category":"rbull"},{"type":"A","date":"2018-03-15T07:33:40.000Z","volume":1000,"price":2.03,"category":"rbull"},{"type":"A","date":"2018-03-15T07:25:20.000Z","volume":1000,"price":2.03,"category":"rbull"},{"type":"A","date":"2018-03-15T07:20:20.000Z","volume":1000,"price":2.03,"category":"rbull"},{"type":"A","date":"2018-03-15T07:15:19.000Z","volume":1000,"price":2.04,"category":"rbull"},{"type":"A","date":"2018-03-15T07:10:20.000Z","volume":1000,"price":2.04,"category":"rbull"},{"type":"A","date":"2018-03-15T07:06:17.000Z","volume":1000,"price":2.04,"category":"rbull"},{"type":"A","date":"2018-03-15T07:05:22.000Z","volume":1000,"price":2.04,"category":"rbull"},{"type":"A","date":"2018-03-15T07:05:20.000Z","volume":1000,"price":2.04,"category":"rbull"},{"type":"A","date":"2018-03-15T07:03:14.000Z","volume":1000,"price":2.04,"category":"rbull"},{"type":"A","date":"2018-03-15T07:00:09.000Z","volume":1000,"price":2.04,"category":"rbull"},{"type":"A","date":"2018-03-15T07:00:09.000Z","volume":1000,"price":2.04,"category":"rbull"},{"type":"A","date":"2018-03-15T06:59:34.000Z","volume":1000,"price":2.03,"category":"rbull"},{"type":"A","date":"2018-03-15T06:59:25.000Z","volume":1000,"price":2.03,"category":"rbull"},{"type":"A","date":"2018-03-15T06:59:04.000Z","volume":1000,"price":2.03,"category":"rbull"},{"type":"A","date":"2018-03-15T06:55:26.000Z","volume":1000,"price":2.03,"category":"rbull"},{"type":"A","date":"2018-03-15T06:54:23.000Z","volume":1000,"price":2.03,"category":"rbull"},{"type":"A","date":"2018-03-15T06:53:36.000Z","volume":1000,"price":2.03,"category":"rbull"},{"type":"A","date":"2018-03-15T06:45:44.000Z","volume":1000,"price":2.03,"category":"rbull"},{"type":"A","date":"2018-03-15T06:42:56.000Z","volume":1000,"price":2.03,"category":"rbull"},{"type":"A","date":"2018-03-15T06:42:18.000Z","volume":1000,"price":2.03,"category":"rbull"},{"type":"A","date":"2018-03-15T06:40:24.000Z","volume":1000,"price":2.03,"category":"rbull"},{"type":"A","date":"2018-03-15T06:40:15.000Z","volume":1000,"price":2.03,"category":"rbull"},{"type":"A","date":"2018-03-15T06:39:24.000Z","volume":1000,"price":2.03,"category":"rbull"},{"type":"A","date":"2018-03-15T06:37:18.000Z","volume":1000,"price":2.03,"category":"rbull"},{"type":"A","date":"2018-03-15T06:31:14.000Z","volume":1000,"price":2.03,"category":"rbull"},{"type":"A","date":"2018-03-15T06:30:19.000Z","volume":1000,"price":2.03,"category":"rbull"},{"type":"A","date":"2018-03-15T06:26:31.000Z","volume":1000,"price":2.03,"category":"rbull"},{"type":"A","date":"2018-03-15T06:25:21.000Z","volume":1000,"price":2.03,"category":"rbull"},{"type":"A","date":"2018-03-15T06:25:20.000Z","volume":1000,"price":2.03,"category":"rbull"},{"type":"A","date":"2018-03-15T06:24:42.000Z","volume":1000,"price":2.03,"category":"rbull"},{"type":"A","date":"2018-03-15T06:24:02.000Z","volume":1000,"price":2.03,"category":"rbull"},{"type":"A","date":"2018-03-15T06:21:06.000Z","volume":1000,"price":2.03,"category":"rbull"},{"type":"A","date":"2018-03-15T06:18:50.000Z","volume":1000,"price":2.03,"category":"rbull"},{"type":"A","date":"2018-03-15T06:15:13.000Z","volume":1000,"price":2.03,"category":"rbull"},{"type":"A","date":"2018-03-15T06:11:31.000Z","volume":1000,"price":2.03,"category":"rbull"},{"type":"A","date":"2018-03-15T06:09:44.000Z","volume":1000,"price":2.03,"category":"rbull"},{"type":"A","date":"2018-03-15T06:00:01.000Z","volume":1000,"price":2.03,"category":"rbull"},{"type":"A","date":"2018-03-15T05:59:26.000Z","volume":1000,"price":2.03,"category":"rbull"},{"type":"A","date":"2018-03-15T05:57:49.000Z","volume":1000,"price":2.03,"category":"rbull"},{"type":"A","date":"2018-03-15T05:55:18.000Z","volume":1000,"price":2.03,"category":"rbull"},{"type":"A","date":"2018-03-15T05:50:22.000Z","volume":1000,"price":2.03,"category":"rbull"},{"type":"A","date":"2018-03-15T05:48:23.000Z","volume":1000,"price":2.03,"category":"rbull"},{"type":"A","date":"2018-03-15T05:45:19.000Z","volume":1000,"price":2.03,"category":"rbull"},{"type":"A","date":"2018-03-15T05:43:13.000Z","volume":1000,"price":2.03,"category":"rbull"},{"type":"A","date":"2018-03-15T05:40:16.000Z","volume":1000,"price":2.03,"category":"rbull"},{"type":"A","date":"2018-03-15T05:30:26.000Z","volume":1000,"price":2.02,"category":"rbull"},{"type":"A","date":"2018-03-15T05:25:52.000Z","volume":1000,"price":2.03,"category":"rbull"},{"type":"A","date":"2018-03-15T05:22:13.000Z","volume":1000,"price":2.03,"category":"rbull"},{"type":"A","date":"2018-03-15T05:15:16.000Z","volume":1000,"price":2.03,"category":"rbull"},{"type":"A","date":"2018-03-15T05:09:17.000Z","volume":1000,"price":2.03,"category":"rbull"},{"type":"A","date":"2018-03-15T05:05:29.000Z","volume":1000,"price":2.03,"category":"rbull"},{"type":"A","date":"2018-03-15T03:59:51.000Z","volume":1000,"price":2.03,"category":"rbull"},{"type":"A","date":"2018-03-15T03:59:50.000Z","volume":1000,"price":2.03,"category":"rbull"},{"type":"A","date":"2018-03-15T03:59:40.000Z","volume":1000,"price":2.03,"category":"rbull"},{"type":"A","date":"2018-03-15T03:59:31.000Z","volume":1000,"price":2.03,"category":"rbull"},{"type":"A","date":"2018-03-15T03:59:31.000Z","volume":1000,"price":2.03,"category":"rbull"},{"type":"A","date":"2018-03-15T03:59:29.000Z","volume":1000,"price":2.03,"category":"rbull"},{"type":"A","date":"2018-03-15T03:55:11.000Z","volume":1000,"price":2.03,"category":"rbull"},{"type":"A","date":"2018-03-15T03:45:16.000Z","volume":1000,"price":2.03,"category":"rbull"},{"type":"A","date":"2018-03-15T03:36:52.000Z","volume":1000,"price":2.02,"category":"rbull"},{"type":"A","date":"2018-03-15T03:36:47.000Z","volume":1000,"price":2.02,"category":"rbull"},{"type":"A","date":"2018-03-15T03:36:30.000Z","volume":1000,"price":2.02,"category":"rbull"},{"type":"A","date":"2018-03-15T03:35:18.000Z","volume":1000,"price":2.02,"category":"rbull"},{"type":"A","date":"2018-03-15T03:34:54.000Z","volume":1000,"price":2.02,"category":"rbull"},{"type":"A","date":"2018-03-15T03:34:32.000Z","volume":1000,"price":2.02,"category":"rbull"},{"type":"A","date":"2018-03-15T03:32:52.000Z","volume":1000,"price":2.02,"category":"rbull"},{"type":"A","date":"2018-03-15T03:31:43.000Z","volume":1000,"price":2.02,"category":"rbull"},{"type":"A","date":"2018-03-15T03:31:28.000Z","volume":1000,"price":2.02,"category":"rbull"},{"type":"A","date":"2018-03-15T03:30:49.000Z","volume":1000,"price":2.02,"category":"rbull"},{"type":"A","date":"2018-03-15T03:30:15.000Z","volume":1000,"price":2.02,"category":"rbull"},{"type":"A","date":"2018-03-15T03:30:11.000Z","volume":1000,"price":2.02,"category":"rbull"},{"type":"A","date":"2018-03-15T03:29:59.000Z","volume":1000,"price":2.02,"category":"rbull"},{"type":"A","date":"2018-03-15T03:27:51.000Z","volume":1000,"price":2.02,"category":"rbull"},{"type":"A","date":"2018-03-15T03:25:23.000Z","volume":1000,"price":2.02,"category":"rbull"},{"type":"A","date":"2018-03-15T03:25:23.000Z","volume":1000,"price":2.02,"category":"rbull"},{"type":"A","date":"2018-03-15T03:25:19.000Z","volume":1000,"price":2.02,"category":"rbull"},{"type":"A","date":"2018-03-15T03:24:52.000Z","volume":1000,"price":2.02,"category":"rbull"},{"type":"A","date":"2018-03-15T03:22:58.000Z","volume":1000,"price":2.02,"category":"rbull"},{"type":"A","date":"2018-03-15T03:22:25.000Z","volume":1000,"price":2.02,"category":"rbull"},{"type":"A","date":"2018-03-15T03:22:25.000Z","volume":1000,"price":2.02,"category":"rbull"},{"type":"A","date":"2018-03-15T03:17:40.000Z","volume":1000,"price":2.02,"category":"rbull"},{"type":"A","date":"2018-03-15T03:13:07.000Z","volume":1000,"price":2.02,"category":"rbull"},{"type":"A","date":"2018-03-15T03:03:07.000Z","volume":1000,"price":2.02,"category":"rbull"},{"type":"A","date":"2018-03-15T02:59:37.000Z","volume":1000,"price":2.02,"category":"rbull"},{"type":"A","date":"2018-03-15T02:55:17.000Z","volume":1000,"price":2.02,"category":"rbull"},{"type":"A","date":"2018-03-15T02:49:45.000Z","volume":1000,"price":2.02,"category":"rbull"},{"type":"A","date":"2018-03-15T02:42:49.000Z","volume":1000,"price":2.02,"category":"rbull"},{"type":"A","date":"2018-03-15T02:40:16.000Z","volume":1000,"price":2.02,"category":"rbull"},{"type":"A","date":"2018-03-15T02:40:11.000Z","volume":1000,"price":2.02,"category":"rbull"},{"type":"A","date":"2018-03-15T02:36:00.000Z","volume":1000,"price":2.02,"category":"rbull"},{"type":"A","date":"2018-03-15T02:29:42.000Z","volume":1000,"price":2.02,"category":"rbull"},{"type":"A","date":"2018-03-15T02:28:04.000Z","volume":1000,"price":2.02,"category":"rbull"},{"type":"A","date":"2018-03-15T02:20:37.000Z","volume":1000,"price":2.02,"category":"rbull"},{"type":"A","date":"2018-03-15T02:17:40.000Z","volume":1000,"price":2.01,"category":"rbull"},{"type":"A","date":"2018-03-15T02:16:02.000Z","volume":1000,"price":2.01,"category":"rbull"},{"type":"A","date":"2018-03-15T02:15:17.000Z","volume":1000,"price":2.01,"category":"rbull"},{"type":"A","date":"2018-03-15T02:13:25.000Z","volume":1000,"price":2.01,"category":"rbull"},{"type":"A","date":"2018-03-15T02:08:53.000Z","volume":1000,"price":2.01,"category":"rbull"},{"type":"A","date":"2018-03-15T02:02:19.000Z","volume":1000,"price":2.01,"category":"rbull"},{"type":"A","date":"2018-03-15T01:59:38.000Z","volume":1000,"price":2.01,"category":"rbull"},{"type":"A","date":"2018-03-15T01:56:12.000Z","volume":1000,"price":2.01,"category":"rbull"},{"type":"A","date":"2018-03-15T01:52:59.000Z","volume":1000,"price":2.01,"category":"rbull"},{"type":"A","date":"2018-03-15T01:49:41.000Z","volume":1000,"price":2.01,"category":"rbull"},{"type":"A","date":"2018-03-15T01:44:14.000Z","volume":1000,"price":2.01,"category":"rbull"},{"type":"A","date":"2018-03-15T01:42:38.000Z","volume":1000,"price":2.01,"category":"rbull"},{"type":"A","date":"2018-03-15T01:41:14.000Z","volume":1000,"price":2.01,"category":"rbull"},{"type":"B","date":"2018-03-15T07:59:55.000Z","volume":1000,"price":2.01,"category":"rbear"},{"type":"B","date":"2018-03-15T07:59:51.000Z","volume":1000,"price":2.01,"category":"rbear"},{"type":"B","date":"2018-03-15T07:59:32.000Z","volume":1000,"price":2.01,"category":"rbear"},{"type":"B","date":"2018-03-15T07:59:30.000Z","volume":1000,"price":2.01,"category":"rbear"},{"type":"B","date":"2018-03-15T07:59:30.000Z","volume":1000,"price":2.01,"category":"rbear"},{"type":"B","date":"2018-03-15T07:59:01.000Z","volume":1000,"price":2.01,"category":"rbear"},{"type":"B","date":"2018-03-15T07:57:10.000Z","volume":1000,"price":2.02,"category":"rbear"},{"type":"B","date":"2018-03-15T07:56:57.000Z","volume":1000,"price":2.02,"category":"rbear"},{"type":"B","date":"2018-03-15T07:54:24.000Z","volume":1000,"price":2.02,"category":"rbear"},{"type":"B","date":"2018-03-15T07:52:20.000Z","volume":1000,"price":2.02,"category":"rbear"},{"type":"B","date":"2018-03-15T07:47:44.000Z","volume":1000,"price":2.02,"category":"rbear"},{"type":"B","date":"2018-03-15T07:46:03.000Z","volume":1000,"price":2.02,"category":"rbear"},{"type":"B","date":"2018-03-15T07:44:33.000Z","volume":1000,"price":2.02,"category":"rbear"},{"type":"B","date":"2018-03-15T07:42:31.000Z","volume":1000,"price":2.02,"category":"rbear"},{"type":"B","date":"2018-03-15T07:40:31.000Z","volume":1000,"price":2.02,"category":"rbear"},{"type":"B","date":"2018-03-15T07:38:30.000Z","volume":1000,"price":2.02,"category":"rbear"},{"type":"B","date":"2018-03-15T07:36:29.000Z","volume":1000,"price":2.02,"category":"rbear"},{"type":"B","date":"2018-03-15T07:34:59.000Z","volume":1000,"price":2.02,"category":"rbear"},{"type":"B","date":"2018-03-15T07:32:58.000Z","volume":1000,"price":2.02,"category":"rbear"},{"type":"B","date":"2018-03-15T07:30:57.000Z","volume":1000,"price":2.02,"category":"rbear"},{"type":"B","date":"2018-03-15T07:28:56.000Z","volume":1000,"price":2.02,"category":"rbear"},{"type":"B","date":"2018-03-15T07:26:55.000Z","volume":1000,"price":2.02,"category":"rbear"},{"type":"B","date":"2018-03-15T07:25:25.000Z","volume":1000,"price":2.02,"category":"rbear"},{"type":"B","date":"2018-03-15T07:23:23.000Z","volume":1000,"price":2.02,"category":"rbear"},{"type":"B","date":"2018-03-15T07:21:23.000Z","volume":1000,"price":2.02,"category":"rbear"},{"type":"B","date":"2018-03-15T07:19:21.000Z","volume":1000,"price":2.02,"category":"rbear"},{"type":"B","date":"2018-03-15T07:17:59.000Z","volume":1000,"price":2.02,"category":"rbear"},{"type":"B","date":"2018-03-15T07:17:26.000Z","volume":1000,"price":2.03,"category":"rbear"},{"type":"B","date":"2018-03-15T07:17:20.000Z","volume":1000,"price":2.03,"category":"rbear"},{"type":"B","date":"2018-03-15T07:15:55.000Z","volume":1000,"price":2.03,"category":"rbear"},{"type":"B","date":"2018-03-15T07:15:49.000Z","volume":1000,"price":2.03,"category":"rbear"},{"type":"B","date":"2018-03-15T07:13:49.000Z","volume":1000,"price":2.03,"category":"rbear"},{"type":"B","date":"2018-03-15T07:11:48.000Z","volume":1000,"price":2.03,"category":"rbear"},{"type":"B","date":"2018-03-15T07:09:46.000Z","volume":1000,"price":2.03,"category":"rbear"},{"type":"B","date":"2018-03-15T07:07:46.000Z","volume":1000,"price":2.03,"category":"rbear"},{"type":"B","date":"2018-03-15T07:05:45.000Z","volume":1000,"price":2.03,"category":"rbear"},{"type":"B","date":"2018-03-15T07:04:14.000Z","volume":1000,"price":2.03,"category":"rbear"},{"type":"B","date":"2018-03-15T07:02:13.000Z","volume":1000,"price":2.03,"category":"rbear"},{"type":"B","date":"2018-03-15T07:00:12.000Z","volume":1000,"price":2.03,"category":"rbear"},{"type":"B","date":"2018-03-15T06:58:11.000Z","volume":1000,"price":2.02,"category":"rbear"},{"type":"B","date":"2018-03-15T06:56:10.000Z","volume":1000,"price":2.02,"category":"rbear"},{"type":"B","date":"2018-03-15T06:54:40.000Z","volume":1000,"price":2.02,"category":"rbear"},{"type":"B","date":"2018-03-15T06:54:05.000Z","volume":1000,"price":2.02,"category":"rbear"},{"type":"B","date":"2018-03-15T06:52:38.000Z","volume":1000,"price":2.02,"category":"rbear"},{"type":"B","date":"2018-03-15T06:50:37.000Z","volume":1000,"price":2.02,"category":"rbear"},{"type":"B","date":"2018-03-15T06:48:37.000Z","volume":1000,"price":2.02,"category":"rbear"},{"type":"B","date":"2018-03-15T06:46:36.000Z","volume":1000,"price":2.02,"category":"rbear"},{"type":"B","date":"2018-03-15T06:45:05.000Z","volume":1000,"price":2.02,"category":"rbear"},{"type":"B","date":"2018-03-15T06:43:04.000Z","volume":1000,"price":2.02,"category":"rbear"},{"type":"B","date":"2018-03-15T06:41:03.000Z","volume":1000,"price":2.02,"category":"rbear"},{"type":"B","date":"2018-03-15T06:39:02.000Z","volume":1000,"price":2.02,"category":"rbear"},{"type":"B","date":"2018-03-15T06:37:01.000Z","volume":1000,"price":2.02,"category":"rbear"},{"type":"B","date":"2018-03-15T06:35:31.000Z","volume":1000,"price":2.02,"category":"rbear"},{"type":"B","date":"2018-03-15T06:33:30.000Z","volume":1000,"price":2.02,"category":"rbear"},{"type":"B","date":"2018-03-15T06:31:29.000Z","volume":1000,"price":2.02,"category":"rbear"},{"type":"B","date":"2018-03-15T06:29:28.000Z","volume":1000,"price":2.02,"category":"rbear"},{"type":"B","date":"2018-03-15T06:27:28.000Z","volume":1000,"price":2.02,"category":"rbear"},{"type":"B","date":"2018-03-15T06:25:26.000Z","volume":1000,"price":2.02,"category":"rbear"},{"type":"B","date":"2018-03-15T06:23:56.000Z","volume":1000,"price":2.02,"category":"rbear"},{"type":"B","date":"2018-03-15T06:21:55.000Z","volume":1000,"price":2.02,"category":"rbear"},{"type":"B","date":"2018-03-15T06:19:53.000Z","volume":1000,"price":2.02,"category":"rbear"},{"type":"B","date":"2018-03-15T06:17:53.000Z","volume":1000,"price":2.02,"category":"rbear"},{"type":"B","date":"2018-03-15T06:15:52.000Z","volume":1000,"price":2.02,"category":"rbear"},{"type":"B","date":"2018-03-15T06:14:22.000Z","volume":1000,"price":2.02,"category":"rbear"},{"type":"B","date":"2018-03-15T06:12:20.000Z","volume":1000,"price":2.02,"category":"rbear"},{"type":"B","date":"2018-03-15T06:10:19.000Z","volume":1000,"price":2.02,"category":"rbear"},{"type":"B","date":"2018-03-15T06:08:19.000Z","volume":1000,"price":2.02,"category":"rbear"},{"type":"B","date":"2018-03-15T06:06:18.000Z","volume":1000,"price":2.02,"category":"rbear"},{"type":"B","date":"2018-03-15T06:04:47.000Z","volume":1000,"price":2.02,"category":"rbear"},{"type":"B","date":"2018-03-15T06:02:47.000Z","volume":1000,"price":2.02,"category":"rbear"},{"type":"B","date":"2018-03-15T06:00:45.000Z","volume":1000,"price":2.02,"category":"rbear"},{"type":"B","date":"2018-03-15T05:59:20.000Z","volume":1000,"price":2.02,"category":"rbear"},{"type":"B","date":"2018-03-15T05:58:44.000Z","volume":1000,"price":2.02,"category":"rbear"},{"type":"B","date":"2018-03-15T05:56:45.000Z","volume":1000,"price":2.02,"category":"rbear"},{"type":"B","date":"2018-03-15T05:55:14.000Z","volume":1000,"price":2.02,"category":"rbear"},{"type":"B","date":"2018-03-15T05:53:12.000Z","volume":1000,"price":2.02,"category":"rbear"},{"type":"B","date":"2018-03-15T05:51:13.000Z","volume":1000,"price":2.02,"category":"rbear"},{"type":"B","date":"2018-03-15T05:49:12.000Z","volume":1000,"price":2.02,"category":"rbear"},{"type":"B","date":"2018-03-15T05:47:10.000Z","volume":1000,"price":2.02,"category":"rbear"},{"type":"B","date":"2018-03-15T05:45:09.000Z","volume":1000,"price":2.02,"category":"rbear"},{"type":"B","date":"2018-03-15T05:43:38.000Z","volume":1000,"price":2.02,"category":"rbear"},{"type":"B","date":"2018-03-15T05:41:37.000Z","volume":1000,"price":2.02,"category":"rbear"},{"type":"B","date":"2018-03-15T05:39:37.000Z","volume":1000,"price":2.02,"category":"rbear"},{"type":"B","date":"2018-03-15T05:37:37.000Z","volume":1000,"price":2.02,"category":"rbear"},{"type":"B","date":"2018-03-15T05:35:35.000Z","volume":1000,"price":2.02,"category":"rbear"},{"type":"B","date":"2018-03-15T05:34:04.000Z","volume":1000,"price":2.02,"category":"rbear"},{"type":"B","date":"2018-03-15T05:32:04.000Z","volume":1000,"price":2.02,"category":"rbear"},{"type":"B","date":"2018-03-15T05:28:02.000Z","volume":1000,"price":2.02,"category":"rbear"},{"type":"B","date":"2018-03-15T05:26:01.000Z","volume":1000,"price":2.02,"category":"rbear"},{"type":"B","date":"2018-03-15T05:22:54.000Z","volume":1000,"price":2.02,"category":"rbear"},{"type":"B","date":"2018-03-15T05:19:17.000Z","volume":1000,"price":2.02,"category":"rbear"},{"type":"B","date":"2018-03-15T05:13:12.000Z","volume":1000,"price":2.02,"category":"rbear"},{"type":"B","date":"2018-03-15T05:08:03.000Z","volume":1000,"price":2.02,"category":"rbear"},{"type":"B","date":"2018-03-15T05:00:04.000Z","volume":1000,"price":2.02,"category":"rbear"},{"type":"B","date":"2018-03-15T03:59:30.000Z","volume":1000,"price":2.02,"category":"rbear"},{"type":"B","date":"2018-03-15T03:57:28.000Z","volume":1000,"price":2.02,"category":"rbear"},{"type":"B","date":"2018-03-15T03:55:53.000Z","volume":1000,"price":2.02,"category":"rbear"},{"type":"B","date":"2018-03-15T03:51:47.000Z","volume":1000,"price":2.02,"category":"rbear"},{"type":"B","date":"2018-03-15T03:45:37.000Z","volume":1000,"price":2.01,"category":"rbear"},{"type":"B","date":"2018-03-15T03:18:53.000Z","volume":1000,"price":2.01,"category":"rbear"},{"type":"B","date":"2018-03-15T03:16:08.000Z","volume":1000,"price":2.01,"category":"rbear"},{"type":"B","date":"2018-03-15T03:13:23.000Z","volume":1000,"price":2.01,"category":"rbear"},{"type":"B","date":"2018-03-15T02:22:43.000Z","volume":1000,"price":2.01,"category":"rbear"},{"type":"B","date":"2018-03-15T02:19:41.000Z","volume":1000,"price":2,"category":"rbear"},{"type":"B","date":"2018-03-15T02:18:06.000Z","volume":1000,"price":2.01,"category":"rbear"},{"type":"B","date":"2018-03-15T07:51:29.000Z","volume":21000,"price":2.02,"category":"bbear"},{"type":"B","date":"2018-03-15T07:09:08.000Z","volume":11000,"price":2.03,"category":"bbear"},{"type":"B","date":"2018-03-15T06:40:32.000Z","volume":12000,"price":2.02,"category":"bbear"},{"type":"B","date":"2018-03-15T05:39:17.000Z","volume":10000,"price":2.02,"category":"bbear"},{"type":"B","date":"2018-03-15T05:33:52.000Z","volume":11000,"price":2.02,"category":"bbear"},{"type":"B","date":"2018-03-15T05:18:04.000Z","volume":10000,"price":2.02,"category":"bbear"},{"type":"B","date":"2018-03-15T05:16:57.000Z","volume":20000,"price":2.02,"category":"bbear"},{"type":"B","date":"2018-03-15T05:06:15.000Z","volume":16000,"price":2.02,"category":"bbear"},{"type":"B","date":"2018-03-15T03:55:48.000Z","volume":10000,"price":2.02,"category":"bbear"},{"type":"B","date":"2018-03-15T03:52:30.000Z","volume":23000,"price":2.02,"category":"bbear"},{"type":"B","date":"2018-03-15T03:09:55.000Z","volume":20000,"price":2.01,"category":"bbear"},{"type":"B","date":"2018-03-15T02:34:04.000Z","volume":10000,"price":2.01,"category":"bbear"},{"type":"B","date":"2018-03-15T02:19:11.000Z","volume":20000,"price":2.01,"category":"bbear"},{"type":"B","date":"2018-03-15T02:18:07.000Z","volume":24000,"price":2.01,"category":"bbear"},{"type":"B","date":"2018-03-15T02:18:06.000Z","volume":18000,"price":2.01,"category":"bbear"},{"type":"B","date":"2018-03-15T02:18:06.000Z","volume":21000,"price":2.01,"category":"bbear"},{"type":"B","date":"2018-03-15T02:18:06.000Z","volume":14000,"price":2.01,"category":"bbear"},{"type":"B","date":"2018-03-15T02:18:06.000Z","volume":22000,"price":2.01,"category":"bbear"},{"type":"B","date":"2018-03-15T02:18:06.000Z","volume":21000,"price":2.01,"category":"bbear"},{"type":"B","date":"2018-03-15T02:05:18.000Z","volume":10000,"price":2,"category":"bbear"},{"type":"B","date":"2018-03-15T02:00:18.000Z","volume":13000,"price":2,"category":"bbear"},{"type":"B","date":"2018-03-15T01:57:42.000Z","volume":10000,"price":2,"category":"bbear"},{"type":"B","date":"2018-03-15T01:56:21.000Z","volume":10000,"price":2,"category":"bbear"},{"type":"B","date":"2018-03-15T07:58:54.000Z","volume":290000,"price":2.02,"category":"ubbear"},{"type":"B","date":"2018-03-15T07:17:58.000Z","volume":100000,"price":2.03,"category":"ubbear"},{"type":"B","date":"2018-03-15T07:17:43.000Z","volume":50000,"price":2.03,"category":"ubbear"},{"type":"B","date":"2018-03-15T07:17:14.000Z","volume":397000,"price":2.03,"category":"ubbear"},{"type":"B","date":"2018-03-15T07:09:08.000Z","volume":118000,"price":2.03,"category":"ubbear"},{"type":"B","date":"2018-03-15T07:08:05.000Z","volume":200000,"price":2.03,"category":"ubbear"},{"type":"B","date":"2018-03-15T06:42:40.000Z","volume":30000,"price":2.02,"category":"ubbear"},{"type":"B","date":"2018-03-15T06:07:43.000Z","volume":30000,"price":2.02,"category":"ubbear"},{"type":"B","date":"2018-03-15T05:52:16.000Z","volume":30000,"price":2.02,"category":"ubbear"},{"type":"B","date":"2018-03-15T05:42:23.000Z","volume":30000,"price":2.02,"category":"ubbear"},{"type":"B","date":"2018-03-15T05:30:03.000Z","volume":429000,"price":2.02,"category":"ubbear"},{"type":"B","date":"2018-03-15T05:08:03.000Z","volume":60000,"price":2.02,"category":"ubbear"},{"type":"B","date":"2018-03-15T05:05:02.000Z","volume":34000,"price":2.02,"category":"ubbear"},{"type":"B","date":"2018-03-15T03:55:48.000Z","volume":60000,"price":2.02,"category":"ubbear"},{"type":"B","date":"2018-03-15T03:45:21.000Z","volume":141000,"price":2.02,"category":"ubbear"},{"type":"B","date":"2018-03-15T03:45:21.000Z","volume":93000,"price":2.02,"category":"ubbear"},{"type":"B","date":"2018-03-15T03:44:24.000Z","volume":43000,"price":2.02,"category":"ubbear"},{"type":"B","date":"2018-03-15T02:43:34.000Z","volume":300000,"price":2.01,"category":"ubbear"},{"type":"B","date":"2018-03-15T02:24:52.000Z","volume":30000,"price":2.01,"category":"ubbear"},{"type":"B","date":"2018-03-15T02:18:08.000Z","volume":213000,"price":2,"category":"ubbear"},{"type":"B","date":"2018-03-15T02:18:06.000Z","volume":57000,"price":2.01,"category":"ubbear"},{"type":"B","date":"2018-03-15T02:18:06.000Z","volume":40000,"price":2.01,"category":"ubbear"},{"type":"B","date":"2018-03-15T02:14:24.000Z","volume":90000,"price":2,"category":"ubbear"},{"type":"B","date":"2018-03-15T02:00:18.000Z","volume":69000,"price":2,"category":"ubbear"},{"type":"B","date":"2018-03-15T02:00:18.000Z","volume":390000,"price":2,"category":"ubbear"},{"type":"B","date":"2018-03-15T01:34:58.000Z","volume":103000,"price":2,"category":"ubbear"},{"type":"B","date":"2018-03-15T01:30:16.000Z","volume":41000,"price":1.99,"category":"ubbear"},{"type":"B","date":"2018-03-15T01:30:16.000Z","volume":44000,"price":1.99,"category":"ubbear"},{"type":"B","date":"2018-03-15T01:30:00.000Z","volume":919000,"price":2,"category":"ubbear"}]