[{"type":"U","date":"2018-03-23T01:20:00.000Z","volume":28000,"label":"U","price":2.01},{"type":"A","date":"2018-03-23T01:33:35.000Z","volume":6000,"label":" ","price":2.01},{"type":"A","date":"2018-03-23T02:14:05.000Z","volume":30000,"label":" ","price":2},{"type":"A","date":"2018-03-23T02:26:04.000Z","volume":24000,"label":" ","price":2},{"type":"A","date":"2018-03-23T02:26:04.000Z","volume":6000,"label":" ","price":2},{"type":"A","date":"2018-03-23T02:49:28.000Z","volume":50000,"label":" ","price":1.99},{"type":"A","date":"2018-03-23T05:00:07.000Z","volume":20000,"label":" ","price":2.01},{"type":"A","date":"2018-03-23T05:00:07.000Z","volume":10000,"label":" ","price":2.01},{"type":"B","date":"2018-03-23T05:00:07.000Z","volume":10000,"label":" ","price":2.01},{"type":"A","date":"2018-03-23T05:00:18.000Z","volume":20000,"label":" ","price":2.01},{"type":"A","date":"2018-03-23T05:00:18.000Z","volume":10000,"label":" ","price":2.01},{"type":"A","date":"2018-03-23T05:01:05.000Z","volume":20000,"label":" ","price":2.01},{"type":"A","date":"2018-03-23T05:01:52.000Z","volume":20000,"label":" ","price":2.01},{"type":"A","date":"2018-03-23T05:02:23.000Z","volume":10000,"label":" ","price":2.01},{"type":"A","date":"2018-03-23T05:03:08.000Z","volume":16000,"label":" ","price":2.01},{"type":"A","date":"2018-03-23T05:03:49.000Z","volume":14000,"label":" ","price":2.01},{"type":"B","date":"2018-03-23T05:41:19.000Z","volume":16000,"label":" ","price":2.01},{"type":"B","date":"2018-03-23T05:43:31.000Z","volume":14000,"label":" ","price":2},{"type":"B","date":"2018-03-23T07:33:05.000Z","volume":40000,"label":" ","price":2},{"type":"A","date":"2018-03-23T07:48:16.000Z","volume":40000,"label":" ","price":2.01},{"type":"B","date":"2018-03-23T07:48:16.000Z","volume":10000,"label":" ","price":2.01},{"type":"A","date":"2018-03-23T07:50:01.000Z","volume":20000,"label":" ","price":2.01},{"type":"A","date":"2018-03-23T07:51:03.000Z","volume":10000,"label":" ","price":2.01},{"type":"A","date":"2018-03-23T07:51:03.000Z","volume":10000,"label":" ","price":2.01},{"type":"A","date":"2018-03-23T07:52:01.000Z","volume":20000,"label":" ","price":2.01},{"type":"A","date":"2018-03-23T07:53:47.000Z","volume":6000,"label":" ","price":2.01},{"type":"A","date":"2018-03-23T07:54:03.000Z","volume":4000,"label":" ","price":2.01},{"type":"B","date":"2018-03-23T07:54:03.000Z","volume":16000,"label":" ","price":2.01},{"type":"A","date":"2018-03-23T07:54:16.000Z","volume":4000,"label":" ","price":2.01},{"type":"A","date":"2018-03-23T07:54:57.000Z","volume":30000,"label":" ","price":2.02},{"type":"A","date":"2018-03-23T07:55:13.000Z","volume":6000,"label":" ","price":2.02},{"type":"A","date":"2018-03-23T07:55:40.000Z","volume":4000,"label":" ","price":2.02},{"type":"A","date":"2018-03-23T07:56:24.000Z","volume":10000,"label":" ","price":2.03},{"type":"A","date":"2018-03-23T07:56:43.000Z","volume":4000,"label":" ","price":2.03},{"type":"A","date":"2018-03-23T07:56:43.000Z","volume":4000,"label":" ","price":2.03},{"type":"A","date":"2018-03-23T07:56:49.000Z","volume":6000,"label":" ","price":2.03},{"type":"A","date":"2018-03-23T07:57:06.000Z","volume":6000,"label":" ","price":2.03},{"type":"A","date":"2018-03-23T07:57:14.000Z","volume":10000,"label":" ","price":2.03},{"type":"A","date":"2018-03-23T07:57:35.000Z","volume":8000,"label":" ","price":2.03},{"type":"A","date":"2018-03-23T07:57:44.000Z","volume":12000,"label":" ","price":2.03},{"type":"B","date":"2018-03-23T07:57:44.000Z","volume":8000,"label":" ","price":2.03},{"type":"B","date":"2018-03-23T07:58:00.000Z","volume":2000,"label":" ","price":2.02},{"type":"A","date":"2018-03-23T07:58:44.000Z","volume":8000,"label":" ","price":2.03},{"type":"A","date":"2018-03-23T07:58:50.000Z","volume":10000,"label":" ","price":2.03},{"type":"A","date":"2018-03-23T07:58:53.000Z","volume":4000,"label":" ","price":2.03},{"type":"B","date":"2018-03-23T07:58:53.000Z","volume":6000,"label":" ","price":2.03},{"type":"A","date":"2018-03-23T07:59:06.000Z","volume":22000,"label":" ","price":2.03},{"type":"A","date":"2018-03-23T07:59:15.000Z","volume":2000,"label":" ","price":2.03},{"type":"B","date":"2018-03-23T07:59:15.000Z","volume":8000,"label":" ","price":2.03},{"type":"A","date":"2018-03-23T07:59:22.000Z","volume":10000,"label":" ","price":2.03},{"type":"A","date":"2018-03-23T07:59:25.000Z","volume":12000,"label":" ","price":2.03},{"type":"A","date":"2018-03-23T07:59:25.000Z","volume":10000,"label":" ","price":2.03},{"type":"A","date":"2018-03-23T07:59:29.000Z","volume":20000,"label":" ","price":2.03}]