[{"type":"B","date":"2018-03-28T01:30:46.000Z","volume":2500,"label":" ","price":1.68},{"type":"B","date":"2018-03-28T01:30:47.000Z","volume":2500,"label":" ","price":1.68},{"type":"B","date":"2018-03-28T01:31:09.000Z","volume":5000,"label":" ","price":1.68},{"type":"B","date":"2018-03-28T01:31:58.000Z","volume":5000,"label":" ","price":1.68},{"type":"B","date":"2018-03-28T01:32:16.000Z","volume":5000,"label":" ","price":1.68},{"type":"B","date":"2018-03-28T01:34:07.000Z","volume":10000,"label":" ","price":1.65},{"type":"B","date":"2018-03-28T01:34:30.000Z","volume":10000,"label":"Y","price":1.65},{"type":"B","date":"2018-03-28T01:34:30.000Z","volume":70000,"label":" ","price":1.65},{"type":"B","date":"2018-03-28T01:34:30.000Z","volume":7500,"label":" ","price":1.65},{"type":"B","date":"2018-03-28T01:34:31.000Z","volume":2500,"label":" ","price":1.65},{"type":"B","date":"2018-03-28T01:35:10.000Z","volume":5000,"label":" ","price":1.65},{"type":"B","date":"2018-03-28T01:36:49.000Z","volume":2500,"label":" ","price":1.63},{"type":"B","date":"2018-03-28T01:37:46.000Z","volume":2500,"label":" ","price":1.63},{"type":"B","date":"2018-03-28T01:37:57.000Z","volume":5000,"label":" ","price":1.63},{"type":"A","date":"2018-03-28T01:38:39.000Z","volume":2500,"label":" ","price":1.65},{"type":"B","date":"2018-03-28T01:40:11.000Z","volume":5000,"label":" ","price":1.65},{"type":"B","date":"2018-03-28T01:40:13.000Z","volume":2500,"label":" ","price":1.65},{"type":"B","date":"2018-03-28T01:40:41.000Z","volume":2500,"label":" ","price":1.65},{"type":"B","date":"2018-03-28T01:42:32.000Z","volume":20000,"label":" ","price":1.65},{"type":"B","date":"2018-03-28T01:42:32.000Z","volume":17500,"label":" ","price":1.65},{"type":"B","date":"2018-03-28T01:43:18.000Z","volume":2500,"label":" ","price":1.65},{"type":"B","date":"2018-03-28T01:44:10.000Z","volume":7500,"label":" ","price":1.65},{"type":"B","date":"2018-03-28T01:44:25.000Z","volume":87500,"label":" ","price":1.65},{"type":"B","date":"2018-03-28T01:45:01.000Z","volume":20000,"label":" ","price":1.64},{"type":"B","date":"2018-03-28T01:45:01.000Z","volume":22500,"label":" ","price":1.64},{"type":"B","date":"2018-03-28T01:45:01.000Z","volume":2500,"label":" ","price":1.64},{"type":"B","date":"2018-03-28T01:45:07.000Z","volume":5000,"label":" ","price":1.64},{"type":"B","date":"2018-03-28T01:45:26.000Z","volume":10000,"label":" ","price":1.63},{"type":"B","date":"2018-03-28T01:45:43.000Z","volume":7500,"label":" ","price":1.64},{"type":"B","date":"2018-03-28T01:45:43.000Z","volume":2500,"label":" ","price":1.64},{"type":"B","date":"2018-03-28T01:46:08.000Z","volume":10000,"label":" ","price":1.63},{"type":"U","date":"2018-03-28T01:46:40.000Z","volume":7500,"label":" ","price":1.64},{"type":"B","date":"2018-03-28T01:46:41.000Z","volume":2500,"label":" ","price":1.64},{"type":"B","date":"2018-03-28T01:50:11.000Z","volume":5000,"label":" ","price":1.62},{"type":"B","date":"2018-03-28T01:50:11.000Z","volume":27500,"label":" ","price":1.62},{"type":"B","date":"2018-03-28T01:50:23.000Z","volume":5000,"label":" ","price":1.61},{"type":"B","date":"2018-03-28T01:50:31.000Z","volume":20000,"label":" ","price":1.61},{"type":"U","date":"2018-03-28T01:51:00.000Z","volume":250,"label":"D","price":1.59},{"type":"B","date":"2018-03-28T01:51:00.000Z","volume":5000,"label":" ","price":1.61},{"type":"U","date":"2018-03-28T01:51:16.000Z","volume":1250,"label":"D","price":1.59},{"type":"B","date":"2018-03-28T01:51:29.000Z","volume":10000,"label":" ","price":1.61},{"type":"B","date":"2018-03-28T01:51:29.000Z","volume":7500,"label":" ","price":1.61},{"type":"B","date":"2018-03-28T01:51:29.000Z","volume":27500,"label":" ","price":1.61},{"type":"A","date":"2018-03-28T01:51:32.000Z","volume":2500,"label":" ","price":1.61},{"type":"A","date":"2018-03-28T01:51:39.000Z","volume":5000,"label":" ","price":1.62},{"type":"A","date":"2018-03-28T01:51:59.000Z","volume":7500,"label":" ","price":1.62},{"type":"U","date":"2018-03-28T01:52:14.000Z","volume":1249,"label":"D","price":1.55},{"type":"A","date":"2018-03-28T01:52:15.000Z","volume":7500,"label":" ","price":1.62},{"type":"B","date":"2018-03-28T01:53:29.000Z","volume":35000,"label":" ","price":1.61},{"type":"A","date":"2018-03-28T01:53:45.000Z","volume":5000,"label":" ","price":1.61},{"type":"A","date":"2018-03-28T01:53:47.000Z","volume":20000,"label":" ","price":1.62},{"type":"B","date":"2018-03-28T01:53:54.000Z","volume":10000,"label":" ","price":1.6},{"type":"B","date":"2018-03-28T01:54:15.000Z","volume":2500,"label":" ","price":1.6},{"type":"A","date":"2018-03-28T01:54:34.000Z","volume":2500,"label":" ","price":1.61},{"type":"B","date":"2018-03-28T01:54:56.000Z","volume":2500,"label":" ","price":1.6},{"type":"A","date":"2018-03-28T01:55:01.000Z","volume":72500,"label":" ","price":1.62},{"type":"U","date":"2018-03-28T01:55:46.000Z","volume":1250,"label":"D","price":1.6},{"type":"B","date":"2018-03-28T01:55:54.000Z","volume":2500,"label":" ","price":1.62},{"type":"B","date":"2018-03-28T01:56:09.000Z","volume":17500,"label":" ","price":1.62},{"type":"B","date":"2018-03-28T01:56:09.000Z","volume":50000,"label":" ","price":1.61},{"type":"B","date":"2018-03-28T01:56:09.000Z","volume":32500,"label":" ","price":1.6},{"type":"B","date":"2018-03-28T01:58:19.000Z","volume":2500,"label":" ","price":1.61},{"type":"A","date":"2018-03-28T01:59:16.000Z","volume":2500,"label":" ","price":1.63},{"type":"A","date":"2018-03-28T02:01:30.000Z","volume":5000,"label":" ","price":1.62},{"type":"B","date":"2018-03-28T02:01:45.000Z","volume":5000,"label":" ","price":1.61},{"type":"U","date":"2018-03-28T02:02:23.000Z","volume":250,"label":"D","price":1.57},{"type":"U","date":"2018-03-28T02:02:39.000Z","volume":1000,"label":"D","price":1.57},{"type":"B","date":"2018-03-28T02:04:28.000Z","volume":10000,"label":" ","price":1.61},{"type":"B","date":"2018-03-28T02:04:57.000Z","volume":15000,"label":" ","price":1.61},{"type":"B","date":"2018-03-28T02:05:18.000Z","volume":2500,"label":" ","price":1.61},{"type":"B","date":"2018-03-28T02:06:38.000Z","volume":20000,"label":" ","price":1.61},{"type":"B","date":"2018-03-28T02:06:38.000Z","volume":7500,"label":" ","price":1.6},{"type":"B","date":"2018-03-28T02:07:14.000Z","volume":40000,"label":" ","price":1.6},{"type":"A","date":"2018-03-28T02:07:27.000Z","volume":5000,"label":" ","price":1.61},{"type":"B","date":"2018-03-28T02:07:37.000Z","volume":30000,"label":" ","price":1.6},{"type":"B","date":"2018-03-28T02:07:52.000Z","volume":10000,"label":" ","price":1.6},{"type":"B","date":"2018-03-28T02:09:01.000Z","volume":15000,"label":" ","price":1.6},{"type":"A","date":"2018-03-28T02:10:20.000Z","volume":2500,"label":" ","price":1.61},{"type":"B","date":"2018-03-28T02:10:25.000Z","volume":7500,"label":" ","price":1.6},{"type":"A","date":"2018-03-28T02:10:52.000Z","volume":10000,"label":" ","price":1.61},{"type":"U","date":"2018-03-28T02:12:00.000Z","volume":1750,"label":"D","price":1.56},{"type":"B","date":"2018-03-28T02:12:00.000Z","volume":2500,"label":" ","price":1.6},{"type":"B","date":"2018-03-28T02:12:02.000Z","volume":20000,"label":"Y","price":1.6},{"type":"B","date":"2018-03-28T02:12:32.000Z","volume":12500,"label":" ","price":1.6},{"type":"B","date":"2018-03-28T02:13:19.000Z","volume":10000,"label":" ","price":1.6},{"type":"B","date":"2018-03-28T02:14:27.000Z","volume":17500,"label":" ","price":1.6},{"type":"B","date":"2018-03-28T02:14:27.000Z","volume":20000,"label":" ","price":1.6},{"type":"B","date":"2018-03-28T02:14:57.000Z","volume":7500,"label":" ","price":1.6},{"type":"B","date":"2018-03-28T02:15:02.000Z","volume":50000,"label":" ","price":1.6},{"type":"B","date":"2018-03-28T02:15:08.000Z","volume":32500,"label":" ","price":1.6},{"type":"B","date":"2018-03-28T02:15:25.000Z","volume":5000,"label":" ","price":1.6},{"type":"A","date":"2018-03-28T02:15:55.000Z","volume":100000,"label":" ","price":1.61},{"type":"B","date":"2018-03-28T02:15:56.000Z","volume":2500,"label":" ","price":1.6},{"type":"U","date":"2018-03-28T02:16:11.000Z","volume":500,"label":"D","price":1.56},{"type":"U","date":"2018-03-28T02:16:23.000Z","volume":1000,"label":"D","price":1.56},{"type":"A","date":"2018-03-28T02:16:24.000Z","volume":40000,"label":" ","price":1.61},{"type":"B","date":"2018-03-28T02:16:52.000Z","volume":12500,"label":" ","price":1.6},{"type":"B","date":"2018-03-28T02:18:34.000Z","volume":2500,"label":" ","price":1.6},{"type":"B","date":"2018-03-28T02:19:27.000Z","volume":5000,"label":" ","price":1.6},{"type":"B","date":"2018-03-28T02:22:58.000Z","volume":2500,"label":" ","price":1.6},{"type":"A","date":"2018-03-28T02:24:13.000Z","volume":10000,"label":" ","price":1.61},{"type":"A","date":"2018-03-28T02:26:36.000Z","volume":2500,"label":" ","price":1.61},{"type":"U","date":"2018-03-28T02:28:34.000Z","volume":750,"label":"D","price":1.56},{"type":"B","date":"2018-03-28T02:29:04.000Z","volume":5000,"label":" ","price":1.6},{"type":"B","date":"2018-03-28T02:29:49.000Z","volume":10000,"label":" ","price":1.6},{"type":"A","date":"2018-03-28T02:31:52.000Z","volume":50000,"label":" ","price":1.61},{"type":"B","date":"2018-03-28T02:35:23.000Z","volume":2500,"label":" ","price":1.61},{"type":"A","date":"2018-03-28T02:38:25.000Z","volume":100000,"label":" ","price":1.62},{"type":"B","date":"2018-03-28T02:38:25.000Z","volume":10000,"label":" ","price":1.61},{"type":"A","date":"2018-03-28T02:38:28.000Z","volume":5000,"label":" ","price":1.63},{"type":"A","date":"2018-03-28T02:38:30.000Z","volume":2500,"label":" ","price":1.63},{"type":"A","date":"2018-03-28T02:39:07.000Z","volume":2500,"label":" ","price":1.63},{"type":"U","date":"2018-03-28T02:42:33.000Z","volume":2000,"label":"D","price":1.6},{"type":"B","date":"2018-03-28T02:44:11.000Z","volume":7500,"label":" ","price":1.62},{"type":"B","date":"2018-03-28T02:44:16.000Z","volume":2500,"label":" ","price":1.62},{"type":"B","date":"2018-03-28T02:46:38.000Z","volume":5000,"label":" ","price":1.62},{"type":"A","date":"2018-03-28T02:47:56.000Z","volume":5000,"label":" ","price":1.62},{"type":"B","date":"2018-03-28T02:48:07.000Z","volume":2500,"label":" ","price":1.61},{"type":"B","date":"2018-03-28T02:48:14.000Z","volume":42500,"label":" ","price":1.61},{"type":"B","date":"2018-03-28T02:49:11.000Z","volume":20000,"label":" ","price":1.6},{"type":"B","date":"2018-03-28T02:52:39.000Z","volume":20000,"label":" ","price":1.6},{"type":"B","date":"2018-03-28T02:53:10.000Z","volume":200000,"label":" ","price":1.6},{"type":"B","date":"2018-03-28T02:53:13.000Z","volume":7500,"label":"Y","price":1.6},{"type":"U","date":"2018-03-28T02:53:30.000Z","volume":1000,"label":"D","price":1.56},{"type":"B","date":"2018-03-28T02:55:19.000Z","volume":2500,"label":" ","price":1.59},{"type":"B","date":"2018-03-28T02:55:33.000Z","volume":2500,"label":" ","price":1.59},{"type":"B","date":"2018-03-28T02:55:48.000Z","volume":2500,"label":" ","price":1.59},{"type":"B","date":"2018-03-28T02:56:36.000Z","volume":2500,"label":" ","price":1.59},{"type":"A","date":"2018-03-28T02:57:51.000Z","volume":50000,"label":" ","price":1.6},{"type":"A","date":"2018-03-28T03:01:26.000Z","volume":55000,"label":" ","price":1.6},{"type":"U","date":"2018-03-28T03:05:52.000Z","volume":250,"label":"D","price":1.57},{"type":"A","date":"2018-03-28T03:07:22.000Z","volume":100000,"label":" ","price":1.61},{"type":"B","date":"2018-03-28T03:08:39.000Z","volume":5000,"label":" ","price":1.6},{"type":"U","date":"2018-03-28T03:11:02.000Z","volume":750,"label":"D","price":1.57},{"type":"B","date":"2018-03-28T03:11:56.000Z","volume":95000,"label":" ","price":1.6},{"type":"B","date":"2018-03-28T03:13:50.000Z","volume":17500,"label":" ","price":1.6},{"type":"B","date":"2018-03-28T03:14:31.000Z","volume":5000,"label":" ","price":1.6},{"type":"B","date":"2018-03-28T03:17:12.000Z","volume":40000,"label":" ","price":1.6},{"type":"A","date":"2018-03-28T03:18:48.000Z","volume":17500,"label":" ","price":1.61},{"type":"U","date":"2018-03-28T03:20:23.000Z","volume":250,"label":"D","price":1.56},{"type":"B","date":"2018-03-28T03:21:58.000Z","volume":2500,"label":" ","price":1.6},{"type":"B","date":"2018-03-28T03:22:49.000Z","volume":12500,"label":" ","price":1.6},{"type":"B","date":"2018-03-28T03:24:42.000Z","volume":10000,"label":" ","price":1.6},{"type":"B","date":"2018-03-28T03:25:27.000Z","volume":2500,"label":" ","price":1.6},{"type":"B","date":"2018-03-28T03:27:16.000Z","volume":25000,"label":" ","price":1.6},{"type":"B","date":"2018-03-28T03:27:16.000Z","volume":10000,"label":" ","price":1.6},{"type":"A","date":"2018-03-28T03:27:18.000Z","volume":10000,"label":" ","price":1.61},{"type":"U","date":"2018-03-28T03:29:03.000Z","volume":750,"label":"D","price":1.56},{"type":"B","date":"2018-03-28T03:34:17.000Z","volume":7500,"label":" ","price":1.6},{"type":"B","date":"2018-03-28T03:35:26.000Z","volume":2500,"label":" ","price":1.6},{"type":"B","date":"2018-03-28T03:36:25.000Z","volume":10000,"label":" ","price":1.6},{"type":"B","date":"2018-03-28T03:37:45.000Z","volume":10000,"label":" ","price":1.6},{"type":"B","date":"2018-03-28T03:38:20.000Z","volume":32500,"label":" ","price":1.6},{"type":"B","date":"2018-03-28T03:38:20.000Z","volume":7500,"label":" ","price":1.6},{"type":"U","date":"2018-03-28T03:38:31.000Z","volume":250,"label":"D","price":1.57},{"type":"B","date":"2018-03-28T03:40:30.000Z","volume":57500,"label":" ","price":1.6},{"type":"A","date":"2018-03-28T03:41:49.000Z","volume":60000,"label":" ","price":1.6},{"type":"B","date":"2018-03-28T03:42:45.000Z","volume":30000,"label":"Y","price":1.59},{"type":"B","date":"2018-03-28T03:42:45.000Z","volume":72500,"label":" ","price":1.59},{"type":"B","date":"2018-03-28T03:42:45.000Z","volume":7500,"label":" ","price":1.59},{"type":"B","date":"2018-03-28T03:44:39.000Z","volume":10000,"label":" ","price":1.58},{"type":"B","date":"2018-03-28T03:44:57.000Z","volume":10000,"label":" ","price":1.58},{"type":"B","date":"2018-03-28T03:44:57.000Z","volume":7500,"label":" ","price":1.58},{"type":"U","date":"2018-03-28T03:46:57.000Z","volume":1000,"label":"D","price":1.54},{"type":"B","date":"2018-03-28T03:47:51.000Z","volume":10000,"label":" ","price":1.58},{"type":"B","date":"2018-03-28T03:48:15.000Z","volume":2500,"label":" ","price":1.58},{"type":"B","date":"2018-03-28T03:48:32.000Z","volume":5000,"label":" ","price":1.58},{"type":"B","date":"2018-03-28T03:49:10.000Z","volume":5000,"label":" ","price":1.58},{"type":"B","date":"2018-03-28T03:49:10.000Z","volume":12500,"label":" ","price":1.57},{"type":"A","date":"2018-03-28T03:49:17.000Z","volume":5000,"label":" ","price":1.58},{"type":"A","date":"2018-03-28T03:49:17.000Z","volume":15000,"label":" ","price":1.59},{"type":"B","date":"2018-03-28T03:50:32.000Z","volume":2500,"label":" ","price":1.58},{"type":"B","date":"2018-03-28T03:50:32.000Z","volume":5000,"label":" ","price":1.57},{"type":"B","date":"2018-03-28T03:51:22.000Z","volume":20000,"label":" ","price":1.57},{"type":"B","date":"2018-03-28T03:53:21.000Z","volume":12500,"label":" ","price":1.57},{"type":"B","date":"2018-03-28T03:54:04.000Z","volume":25000,"label":" ","price":1.57},{"type":"B","date":"2018-03-28T03:55:26.000Z","volume":2500,"label":" ","price":1.57},{"type":"U","date":"2018-03-28T03:55:29.000Z","volume":500,"label":"D","price":1.53},{"type":"B","date":"2018-03-28T03:59:19.000Z","volume":7500,"label":" ","price":1.57},{"type":"B","date":"2018-03-28T03:59:37.000Z","volume":2500,"label":" ","price":1.58},{"type":"B","date":"2018-03-28T03:59:50.000Z","volume":7500,"label":" ","price":1.58},{"type":"A","date":"2018-03-28T05:00:01.000Z","volume":60000,"label":" ","price":1.59},{"type":"B","date":"2018-03-28T05:00:01.000Z","volume":5000,"label":" ","price":1.58},{"type":"A","date":"2018-03-28T05:00:15.000Z","volume":7500,"label":" ","price":1.59},{"type":"U","date":"2018-03-28T05:01:07.000Z","volume":500,"label":"D","price":1.56},{"type":"A","date":"2018-03-28T05:03:20.000Z","volume":2500,"label":"Y","price":1.6},{"type":"U","date":"2018-03-28T05:05:57.000Z","volume":1500,"label":"D","price":1.61},{"type":"A","date":"2018-03-28T05:07:05.000Z","volume":17500,"label":" ","price":1.6},{"type":"A","date":"2018-03-28T05:07:35.000Z","volume":2500,"label":" ","price":1.6},{"type":"A","date":"2018-03-28T05:18:56.000Z","volume":20000,"label":" ","price":1.6},{"type":"A","date":"2018-03-28T05:19:00.000Z","volume":2500,"label":" ","price":1.6},{"type":"U","date":"2018-03-28T05:19:58.000Z","volume":250,"label":"D","price":1.55},{"type":"B","date":"2018-03-28T05:21:46.000Z","volume":7500,"label":" ","price":1.6},{"type":"B","date":"2018-03-28T05:24:13.000Z","volume":2500,"label":" ","price":1.6},{"type":"A","date":"2018-03-28T05:27:13.000Z","volume":10000,"label":" ","price":1.6},{"type":"U","date":"2018-03-28T05:28:16.000Z","volume":250,"label":"D","price":1.541},{"type":"B","date":"2018-03-28T05:30:35.000Z","volume":7500,"label":" ","price":1.59},{"type":"B","date":"2018-03-28T05:30:35.000Z","volume":2500,"label":" ","price":1.58},{"type":"B","date":"2018-03-28T05:31:20.000Z","volume":20000,"label":" ","price":1.58},{"type":"B","date":"2018-03-28T05:33:02.000Z","volume":2500,"label":" ","price":1.58},{"type":"B","date":"2018-03-28T05:33:18.000Z","volume":7500,"label":" ","price":1.59},{"type":"A","date":"2018-03-28T05:33:30.000Z","volume":2500,"label":" ","price":1.59},{"type":"B","date":"2018-03-28T05:34:00.000Z","volume":7500,"label":" ","price":1.59},{"type":"B","date":"2018-03-28T05:35:01.000Z","volume":2500,"label":" ","price":1.58},{"type":"B","date":"2018-03-28T05:36:55.000Z","volume":170000,"label":" ","price":1.58},{"type":"B","date":"2018-03-28T05:38:48.000Z","volume":2500,"label":" ","price":1.58},{"type":"B","date":"2018-03-28T05:39:40.000Z","volume":7500,"label":" ","price":1.59},{"type":"B","date":"2018-03-28T05:40:18.000Z","volume":7500,"label":" ","price":1.59},{"type":"A","date":"2018-03-28T05:41:10.000Z","volume":7500,"label":" ","price":1.6},{"type":"A","date":"2018-03-28T05:43:14.000Z","volume":5000,"label":" ","price":1.6},{"type":"A","date":"2018-03-28T05:47:05.000Z","volume":2500,"label":" ","price":1.6},{"type":"B","date":"2018-03-28T05:47:06.000Z","volume":5000,"label":" ","price":1.59},{"type":"A","date":"2018-03-28T05:50:30.000Z","volume":17500,"label":" ","price":1.6},{"type":"U","date":"2018-03-28T05:54:50.000Z","volume":500,"label":"D","price":1.57},{"type":"B","date":"2018-03-28T06:01:08.000Z","volume":7500,"label":" ","price":1.6},{"type":"B","date":"2018-03-28T06:01:42.000Z","volume":2500,"label":" ","price":1.6},{"type":"B","date":"2018-03-28T06:03:31.000Z","volume":2500,"label":" ","price":1.6},{"type":"B","date":"2018-03-28T06:03:32.000Z","volume":5000,"label":" ","price":1.6},{"type":"B","date":"2018-03-28T06:06:46.000Z","volume":2500,"label":" ","price":1.6},{"type":"A","date":"2018-03-28T06:12:37.000Z","volume":10000,"label":" ","price":1.61},{"type":"B","date":"2018-03-28T06:12:57.000Z","volume":20000,"label":" ","price":1.61},{"type":"B","date":"2018-03-28T06:16:46.000Z","volume":2500,"label":" ","price":1.59},{"type":"U","date":"2018-03-28T06:33:09.000Z","volume":1250,"label":"D","price":1.55},{"type":"U","date":"2018-03-28T06:37:39.000Z","volume":1500,"label":"D","price":1.6},{"type":"U","date":"2018-03-28T06:37:47.000Z","volume":2000,"label":"D","price":1.61},{"type":"B","date":"2018-03-28T06:39:01.000Z","volume":10000,"label":" ","price":1.59},{"type":"B","date":"2018-03-28T06:40:15.000Z","volume":5000,"label":" ","price":1.6},{"type":"B","date":"2018-03-28T06:40:15.000Z","volume":5000,"label":" ","price":1.59},{"type":"B","date":"2018-03-28T06:41:50.000Z","volume":2500,"label":" ","price":1.59},{"type":"B","date":"2018-03-28T06:53:11.000Z","volume":2500,"label":" ","price":1.59},{"type":"B","date":"2018-03-28T06:54:35.000Z","volume":2500,"label":" ","price":1.59},{"type":"A","date":"2018-03-28T06:54:54.000Z","volume":2500,"label":" ","price":1.59},{"type":"U","date":"2018-03-28T07:03:47.000Z","volume":1750,"label":"D","price":1.564},{"type":"B","date":"2018-03-28T07:17:17.000Z","volume":50000,"label":" ","price":1.58},{"type":"A","date":"2018-03-28T07:17:20.000Z","volume":20000,"label":" ","price":1.59},{"type":"B","date":"2018-03-28T07:17:20.000Z","volume":7500,"label":" ","price":1.58},{"type":"B","date":"2018-03-28T07:17:44.000Z","volume":20000,"label":" ","price":1.58},{"type":"B","date":"2018-03-28T07:18:42.000Z","volume":10000,"label":" ","price":1.58},{"type":"B","date":"2018-03-28T07:18:49.000Z","volume":10000,"label":" ","price":1.58},{"type":"B","date":"2018-03-28T07:20:33.000Z","volume":12500,"label":" ","price":1.58},{"type":"B","date":"2018-03-28T07:21:43.000Z","volume":5000,"label":" ","price":1.58},{"type":"B","date":"2018-03-28T07:21:56.000Z","volume":2500,"label":" ","price":1.58},{"type":"A","date":"2018-03-28T07:24:55.000Z","volume":22500,"label":" ","price":1.6},{"type":"B","date":"2018-03-28T07:25:41.000Z","volume":2500,"label":" ","price":1.6},{"type":"B","date":"2018-03-28T07:26:48.000Z","volume":5000,"label":" ","price":1.6},{"type":"A","date":"2018-03-28T07:28:02.000Z","volume":30000,"label":" ","price":1.61},{"type":"U","date":"2018-03-28T07:28:17.000Z","volume":1500,"label":"D","price":1.62},{"type":"B","date":"2018-03-28T07:40:45.000Z","volume":2500,"label":" ","price":1.59},{"type":"A","date":"2018-03-28T07:41:42.000Z","volume":2500,"label":" ","price":1.59},{"type":"A","date":"2018-03-28T07:41:45.000Z","volume":2500,"label":" ","price":1.59},{"type":"A","date":"2018-03-28T07:44:33.000Z","volume":32500,"label":" ","price":1.59},{"type":"A","date":"2018-03-28T07:44:50.000Z","volume":2500,"label":" ","price":1.59},{"type":"B","date":"2018-03-28T07:46:51.000Z","volume":2500,"label":" ","price":1.59},{"type":"B","date":"2018-03-28T07:48:47.000Z","volume":10000,"label":" ","price":1.59},{"type":"B","date":"2018-03-28T07:53:20.000Z","volume":5000,"label":" ","price":1.6},{"type":"B","date":"2018-03-28T07:54:22.000Z","volume":25000,"label":" ","price":1.6},{"type":"A","date":"2018-03-28T07:55:17.000Z","volume":17500,"label":" ","price":1.61},{"type":"B","date":"2018-03-28T07:55:19.000Z","volume":2500,"label":" ","price":1.61},{"type":"B","date":"2018-03-28T07:56:42.000Z","volume":5000,"label":" ","price":1.6},{"type":"A","date":"2018-03-28T07:57:50.000Z","volume":75000,"label":" ","price":1.62},{"type":"B","date":"2018-03-28T07:57:50.000Z","volume":10000,"label":" ","price":1.6},{"type":"B","date":"2018-03-28T07:57:51.000Z","volume":2500,"label":" ","price":1.62},{"type":"A","date":"2018-03-28T07:59:10.000Z","volume":2500,"label":" ","price":1.63}]