[{"type":"U","date":"2018-05-04T01:02:07.000Z","volume":16000,"label":"P","price":86.55},{"type":"A","date":"2018-05-04T01:30:07.000Z","volume":1000,"label":" ","price":86.55},{"type":"A","date":"2018-05-04T01:30:10.000Z","volume":1000,"label":" ","price":86.55},{"type":"U","date":"2018-05-04T01:30:42.000Z","volume":1000,"label":" ","price":85.6},{"type":"U","date":"2018-05-04T01:31:07.000Z","volume":60,"label":"D","price":86.55},{"type":"A","date":"2018-05-04T01:31:26.000Z","volume":1000,"label":" ","price":86.55},{"type":"A","date":"2018-05-04T01:31:27.000Z","volume":1000,"label":" ","price":86.55},{"type":"U","date":"2018-05-04T01:32:05.000Z","volume":1000,"label":" ","price":86.4},{"type":"U","date":"2018-05-04T01:32:05.000Z","volume":2000,"label":" ","price":86.4},{"type":"A","date":"2018-05-04T01:32:05.000Z","volume":1000,"label":" ","price":86.45},{"type":"A","date":"2018-05-04T01:32:05.000Z","volume":1000,"label":" ","price":86.45},{"type":"A","date":"2018-05-04T01:32:06.000Z","volume":1000,"label":"Y","price":86.45},{"type":"A","date":"2018-05-04T01:32:06.000Z","volume":1000,"label":" ","price":86.45},{"type":"A","date":"2018-05-04T01:32:07.000Z","volume":1000,"label":" ","price":86.55},{"type":"A","date":"2018-05-04T01:32:07.000Z","volume":1000,"label":" ","price":86.55},{"type":"A","date":"2018-05-04T01:32:07.000Z","volume":1000,"label":" ","price":86.55},{"type":"A","date":"2018-05-04T01:32:07.000Z","volume":1000,"label":" ","price":86.55},{"type":"U","date":"2018-05-04T01:32:07.000Z","volume":1000,"label":" ","price":86.45},{"type":"B","date":"2018-05-04T01:32:08.000Z","volume":1000,"label":" ","price":86.4},{"type":"A","date":"2018-05-04T01:32:08.000Z","volume":1000,"label":" ","price":86.55},{"type":"A","date":"2018-05-04T01:32:14.000Z","volume":3000,"label":" ","price":86.55},{"type":"A","date":"2018-05-04T01:32:15.000Z","volume":2000,"label":" ","price":86.55},{"type":"A","date":"2018-05-04T01:32:15.000Z","volume":5000,"label":" ","price":86.55},{"type":"A","date":"2018-05-04T01:32:15.000Z","volume":1000,"label":" ","price":87.05},{"type":"A","date":"2018-05-04T01:32:15.000Z","volume":1000,"label":" ","price":87.05},{"type":"U","date":"2018-05-04T01:33:51.000Z","volume":1000,"label":" ","price":87.05},{"type":"A","date":"2018-05-04T01:33:51.000Z","volume":3000,"label":" ","price":87.5},{"type":"A","date":"2018-05-04T01:33:51.000Z","volume":1000,"label":" ","price":87.5},{"type":"U","date":"2018-05-04T01:33:51.000Z","volume":1000,"label":" ","price":87.45},{"type":"A","date":"2018-05-04T01:34:01.000Z","volume":1000,"label":" ","price":87.45},{"type":"B","date":"2018-05-04T01:34:11.000Z","volume":19000,"label":" ","price":87.1},{"type":"A","date":"2018-05-04T01:34:11.000Z","volume":1000,"label":" ","price":87.45},{"type":"A","date":"2018-05-04T01:34:11.000Z","volume":1000,"label":" ","price":87.45},{"type":"B","date":"2018-05-04T01:34:12.000Z","volume":2000,"label":" ","price":87.1},{"type":"A","date":"2018-05-04T01:34:24.000Z","volume":2000,"label":" ","price":87.45},{"type":"A","date":"2018-05-04T01:34:40.000Z","volume":1000,"label":" ","price":87.45},{"type":"A","date":"2018-05-04T01:35:15.000Z","volume":1000,"label":"Y","price":87.45},{"type":"A","date":"2018-05-04T01:35:30.000Z","volume":1000,"label":" ","price":87.45},{"type":"A","date":"2018-05-04T01:35:30.000Z","volume":1000,"label":" ","price":87.45},{"type":"A","date":"2018-05-04T01:35:30.000Z","volume":2000,"label":" ","price":87.35},{"type":"A","date":"2018-05-04T01:35:30.000Z","volume":5000,"label":" ","price":87.45},{"type":"A","date":"2018-05-04T01:35:30.000Z","volume":1000,"label":" ","price":87.8},{"type":"A","date":"2018-05-04T01:35:30.000Z","volume":1000,"label":" ","price":87.8},{"type":"B","date":"2018-05-04T01:35:32.000Z","volume":1000,"label":" ","price":87.45},{"type":"A","date":"2018-05-04T01:35:42.000Z","volume":3000,"label":" ","price":88},{"type":"A","date":"2018-05-04T01:37:32.000Z","volume":1000,"label":" ","price":87.75},{"type":"A","date":"2018-05-04T01:38:00.000Z","volume":1000,"label":" ","price":87.7},{"type":"B","date":"2018-05-04T01:38:00.000Z","volume":1000,"label":" ","price":87.5},{"type":"A","date":"2018-05-04T01:38:00.000Z","volume":1000,"label":"Y","price":87.7},{"type":"A","date":"2018-05-04T01:38:00.000Z","volume":1000,"label":" ","price":87.7},{"type":"A","date":"2018-05-04T01:38:04.000Z","volume":1000,"label":" ","price":87.7},{"type":"A","date":"2018-05-04T01:38:09.000Z","volume":1000,"label":" ","price":87.7},{"type":"A","date":"2018-05-04T01:38:09.000Z","volume":1000,"label":" ","price":87.7},{"type":"A","date":"2018-05-04T01:38:14.000Z","volume":1000,"label":" ","price":87.75},{"type":"B","date":"2018-05-04T01:38:14.000Z","volume":1000,"label":" ","price":87.5},{"type":"A","date":"2018-05-04T01:39:29.000Z","volume":1000,"label":" ","price":87.6},{"type":"A","date":"2018-05-04T01:40:20.000Z","volume":1000,"label":" ","price":87.75},{"type":"A","date":"2018-05-04T01:41:15.000Z","volume":1000,"label":" ","price":87.75},{"type":"A","date":"2018-05-04T01:41:15.000Z","volume":1000,"label":"Y","price":87.75},{"type":"A","date":"2018-05-04T01:42:19.000Z","volume":1000,"label":"Y","price":87.75},{"type":"B","date":"2018-05-04T01:44:01.000Z","volume":1000,"label":" ","price":87.55},{"type":"B","date":"2018-05-04T01:44:03.000Z","volume":1000,"label":" ","price":87.55},{"type":"B","date":"2018-05-04T01:44:10.000Z","volume":1000,"label":" ","price":87.55},{"type":"U","date":"2018-05-04T01:44:33.000Z","volume":1000,"label":"X","price":87.6},{"type":"A","date":"2018-05-04T01:44:39.000Z","volume":1000,"label":" ","price":87.65},{"type":"B","date":"2018-05-04T01:44:49.000Z","volume":2000,"label":" ","price":87.6},{"type":"A","date":"2018-05-04T01:44:53.000Z","volume":1000,"label":" ","price":87.65},{"type":"A","date":"2018-05-04T01:45:24.000Z","volume":4000,"label":" ","price":87.65},{"type":"A","date":"2018-05-04T01:45:24.000Z","volume":1000,"label":" ","price":87.7},{"type":"B","date":"2018-05-04T01:45:26.000Z","volume":1000,"label":" ","price":87.65},{"type":"A","date":"2018-05-04T01:45:32.000Z","volume":1000,"label":" ","price":87.75},{"type":"A","date":"2018-05-04T01:45:32.000Z","volume":2000,"label":" ","price":87.75},{"type":"A","date":"2018-05-04T01:45:32.000Z","volume":7000,"label":" ","price":87.75},{"type":"A","date":"2018-05-04T01:45:32.000Z","volume":1000,"label":" ","price":87.8},{"type":"A","date":"2018-05-04T01:45:32.000Z","volume":12000,"label":" ","price":87.8},{"type":"A","date":"2018-05-04T01:45:32.000Z","volume":1000,"label":" ","price":88},{"type":"B","date":"2018-05-04T01:45:32.000Z","volume":1000,"label":" ","price":87.7},{"type":"B","date":"2018-05-04T01:45:34.000Z","volume":1000,"label":" ","price":87.7},{"type":"A","date":"2018-05-04T01:45:34.000Z","volume":1000,"label":" ","price":88},{"type":"A","date":"2018-05-04T01:45:44.000Z","volume":6000,"label":" ","price":88},{"type":"B","date":"2018-05-04T01:45:44.000Z","volume":1000,"label":" ","price":87.7},{"type":"A","date":"2018-05-04T01:45:53.000Z","volume":2000,"label":" ","price":88},{"type":"A","date":"2018-05-04T01:45:54.000Z","volume":1000,"label":" ","price":88},{"type":"B","date":"2018-05-04T01:45:55.000Z","volume":1000,"label":" ","price":87.7},{"type":"A","date":"2018-05-04T01:46:23.000Z","volume":1000,"label":" ","price":88},{"type":"A","date":"2018-05-04T01:47:12.000Z","volume":3000,"label":" ","price":88},{"type":"A","date":"2018-05-04T01:47:12.000Z","volume":1000,"label":" ","price":88},{"type":"A","date":"2018-05-04T01:47:25.000Z","volume":2000,"label":"Y","price":87.95},{"type":"A","date":"2018-05-04T01:47:25.000Z","volume":1000,"label":"Y","price":87.95},{"type":"B","date":"2018-05-04T01:47:25.000Z","volume":1000,"label":" ","price":87.8},{"type":"B","date":"2018-05-04T01:48:01.000Z","volume":1000,"label":" ","price":87.8},{"type":"B","date":"2018-05-04T01:48:12.000Z","volume":1000,"label":" ","price":87.8},{"type":"A","date":"2018-05-04T01:48:12.000Z","volume":1000,"label":" ","price":87.95},{"type":"B","date":"2018-05-04T01:48:33.000Z","volume":47000,"label":" ","price":87.8},{"type":"A","date":"2018-05-04T01:48:33.000Z","volume":4000,"label":" ","price":87.8},{"type":"A","date":"2018-05-04T01:48:33.000Z","volume":1000,"label":" ","price":87.95},{"type":"A","date":"2018-05-04T01:48:34.000Z","volume":1000,"label":" ","price":87.95},{"type":"B","date":"2018-05-04T01:48:35.000Z","volume":5000,"label":" ","price":87.75},{"type":"A","date":"2018-05-04T01:48:44.000Z","volume":1000,"label":" ","price":87.95},{"type":"A","date":"2018-05-04T01:48:44.000Z","volume":1000,"label":" ","price":88},{"type":"A","date":"2018-05-04T01:48:44.000Z","volume":1000,"label":" ","price":88},{"type":"A","date":"2018-05-04T01:48:44.000Z","volume":2000,"label":" ","price":88},{"type":"B","date":"2018-05-04T01:48:44.000Z","volume":1000,"label":" ","price":87.75},{"type":"A","date":"2018-05-04T01:48:54.000Z","volume":2000,"label":" ","price":88},{"type":"B","date":"2018-05-04T01:49:26.000Z","volume":1000,"label":" ","price":87.75},{"type":"U","date":"2018-05-04T01:50:11.000Z","volume":2000,"label":" ","price":87.9},{"type":"A","date":"2018-05-04T01:50:11.000Z","volume":1000,"label":" ","price":88},{"type":"B","date":"2018-05-04T01:50:13.000Z","volume":1000,"label":" ","price":87.75},{"type":"A","date":"2018-05-04T01:50:27.000Z","volume":1000,"label":" ","price":88},{"type":"A","date":"2018-05-04T01:50:30.000Z","volume":1000,"label":" ","price":88},{"type":"A","date":"2018-05-04T01:50:30.000Z","volume":1000,"label":" ","price":88},{"type":"B","date":"2018-05-04T01:51:10.000Z","volume":1000,"label":" ","price":87.8},{"type":"B","date":"2018-05-04T01:51:38.000Z","volume":2000,"label":" ","price":87.8},{"type":"B","date":"2018-05-04T01:51:38.000Z","volume":1000,"label":"Y","price":87.8},{"type":"B","date":"2018-05-04T01:51:38.000Z","volume":2000,"label":" ","price":87.8},{"type":"B","date":"2018-05-04T01:51:40.000Z","volume":1000,"label":" ","price":87.8},{"type":"B","date":"2018-05-04T01:51:40.000Z","volume":1000,"label":" ","price":87.8},{"type":"A","date":"2018-05-04T01:51:46.000Z","volume":1000,"label":" ","price":87.9},{"type":"B","date":"2018-05-04T01:51:52.000Z","volume":1000,"label":" ","price":87.75},{"type":"B","date":"2018-05-04T01:51:54.000Z","volume":1000,"label":" ","price":87.75},{"type":"A","date":"2018-05-04T01:53:16.000Z","volume":1000,"label":" ","price":87.8},{"type":"B","date":"2018-05-04T01:54:04.000Z","volume":6000,"label":" ","price":87.75},{"type":"B","date":"2018-05-04T01:54:04.000Z","volume":4000,"label":" ","price":87.7},{"type":"B","date":"2018-05-04T01:54:04.000Z","volume":5000,"label":" ","price":87.65},{"type":"B","date":"2018-05-04T01:54:04.000Z","volume":3000,"label":" ","price":87.6},{"type":"B","date":"2018-05-04T01:54:04.000Z","volume":1000,"label":" ","price":87.65},{"type":"B","date":"2018-05-04T01:54:04.000Z","volume":2000,"label":" ","price":87.55},{"type":"B","date":"2018-05-04T01:54:04.000Z","volume":2000,"label":" ","price":87.65},{"type":"B","date":"2018-05-04T01:54:04.000Z","volume":1000,"label":" ","price":87.55},{"type":"A","date":"2018-05-04T01:54:14.000Z","volume":1000,"label":"Y","price":87.65},{"type":"A","date":"2018-05-04T01:54:14.000Z","volume":2000,"label":" ","price":87.65},{"type":"A","date":"2018-05-04T01:54:18.000Z","volume":1000,"label":" ","price":87.65},{"type":"A","date":"2018-05-04T01:54:24.000Z","volume":1000,"label":" ","price":87.65},{"type":"A","date":"2018-05-04T01:54:24.000Z","volume":2000,"label":" ","price":87.65},{"type":"A","date":"2018-05-04T01:54:31.000Z","volume":1000,"label":" ","price":87.9},{"type":"A","date":"2018-05-04T01:54:34.000Z","volume":1000,"label":" ","price":87.9},{"type":"A","date":"2018-05-04T01:55:35.000Z","volume":1000,"label":" ","price":87.8},{"type":"A","date":"2018-05-04T01:55:37.000Z","volume":1000,"label":" ","price":87.8},{"type":"U","date":"2018-05-04T01:56:52.000Z","volume":2000,"label":" ","price":87.5},{"type":"U","date":"2018-05-04T01:56:52.000Z","volume":1000,"label":" ","price":87.5},{"type":"B","date":"2018-05-04T01:57:36.000Z","volume":3000,"label":" ","price":87.4},{"type":"B","date":"2018-05-04T01:57:38.000Z","volume":3000,"label":" ","price":87.4},{"type":"A","date":"2018-05-04T01:57:52.000Z","volume":1000,"label":" ","price":87.65},{"type":"A","date":"2018-05-04T01:58:00.000Z","volume":1000,"label":" ","price":87.65},{"type":"A","date":"2018-05-04T01:58:00.000Z","volume":1000,"label":" ","price":87.65},{"type":"B","date":"2018-05-04T01:58:02.000Z","volume":1000,"label":" ","price":87.45},{"type":"A","date":"2018-05-04T01:58:21.000Z","volume":1000,"label":" ","price":87.65},{"type":"A","date":"2018-05-04T01:58:21.000Z","volume":1000,"label":" ","price":87.65},{"type":"A","date":"2018-05-04T01:58:23.000Z","volume":1000,"label":" ","price":87.65},{"type":"A","date":"2018-05-04T01:58:23.000Z","volume":1000,"label":" ","price":87.65},{"type":"A","date":"2018-05-04T01:58:35.000Z","volume":1000,"label":" ","price":87.75},{"type":"B","date":"2018-05-04T01:59:20.000Z","volume":8000,"label":" ","price":87.45},{"type":"B","date":"2018-05-04T01:59:22.000Z","volume":2000,"label":" ","price":87.5},{"type":"A","date":"2018-05-04T01:59:29.000Z","volume":1000,"label":" ","price":87.6},{"type":"A","date":"2018-05-04T01:59:36.000Z","volume":1000,"label":" ","price":87.6},{"type":"B","date":"2018-05-04T01:59:57.000Z","volume":1000,"label":" ","price":87.55},{"type":"A","date":"2018-05-04T02:00:20.000Z","volume":1000,"label":" ","price":87.7},{"type":"A","date":"2018-05-04T02:00:20.000Z","volume":1000,"label":" ","price":87.7},{"type":"B","date":"2018-05-04T02:00:22.000Z","volume":1000,"label":" ","price":87.55},{"type":"A","date":"2018-05-04T02:00:40.000Z","volume":1000,"label":" ","price":87.7},{"type":"B","date":"2018-05-04T02:01:36.000Z","volume":2000,"label":" ","price":87.55},{"type":"B","date":"2018-05-04T02:01:36.000Z","volume":1000,"label":" ","price":87.55},{"type":"A","date":"2018-05-04T02:01:55.000Z","volume":3000,"label":" ","price":87.6},{"type":"A","date":"2018-05-04T02:01:55.000Z","volume":1000,"label":" ","price":87.6},{"type":"A","date":"2018-05-04T02:01:57.000Z","volume":1000,"label":" ","price":87.6},{"type":"B","date":"2018-05-04T02:01:57.000Z","volume":1000,"label":" ","price":87.55},{"type":"A","date":"2018-05-04T02:02:04.000Z","volume":1000,"label":" ","price":87.7},{"type":"A","date":"2018-05-04T02:02:39.000Z","volume":1000,"label":" ","price":87.7},{"type":"B","date":"2018-05-04T02:02:39.000Z","volume":1000,"label":" ","price":87.55},{"type":"B","date":"2018-05-04T02:03:51.000Z","volume":5000,"label":" ","price":87.55},{"type":"B","date":"2018-05-04T02:03:51.000Z","volume":1000,"label":" ","price":87.55},{"type":"B","date":"2018-05-04T02:03:51.000Z","volume":1000,"label":" ","price":87.55},{"type":"B","date":"2018-05-04T02:03:53.000Z","volume":1000,"label":" ","price":87.55},{"type":"A","date":"2018-05-04T02:05:00.000Z","volume":1000,"label":" ","price":87.6},{"type":"A","date":"2018-05-04T02:05:46.000Z","volume":1000,"label":" ","price":87.55},{"type":"A","date":"2018-05-04T02:06:43.000Z","volume":1000,"label":" ","price":87.55},{"type":"B","date":"2018-05-04T02:06:58.000Z","volume":1000,"label":" ","price":87.45},{"type":"B","date":"2018-05-04T02:07:26.000Z","volume":2000,"label":" ","price":87.45},{"type":"B","date":"2018-05-04T02:07:26.000Z","volume":1000,"label":" ","price":87.4},{"type":"A","date":"2018-05-04T02:07:26.000Z","volume":1000,"label":" ","price":87.4},{"type":"B","date":"2018-05-04T02:07:38.000Z","volume":1000,"label":" ","price":87.35},{"type":"B","date":"2018-05-04T02:08:03.000Z","volume":2000,"label":" ","price":87.35},{"type":"B","date":"2018-05-04T02:08:03.000Z","volume":1000,"label":" ","price":87.35},{"type":"B","date":"2018-05-04T02:08:04.000Z","volume":1000,"label":" ","price":87.35},{"type":"B","date":"2018-05-04T02:08:53.000Z","volume":1000,"label":" ","price":87.25},{"type":"B","date":"2018-05-04T02:08:53.000Z","volume":1000,"label":" ","price":87.25},{"type":"B","date":"2018-05-04T02:09:02.000Z","volume":1000,"label":" ","price":87.25},{"type":"B","date":"2018-05-04T02:09:41.000Z","volume":1000,"label":" ","price":87.1},{"type":"B","date":"2018-05-04T02:10:08.000Z","volume":1000,"label":" ","price":87},{"type":"B","date":"2018-05-04T02:10:09.000Z","volume":1000,"label":" ","price":87},{"type":"B","date":"2018-05-04T02:10:22.000Z","volume":1000,"label":" ","price":87},{"type":"A","date":"2018-05-04T02:10:47.000Z","volume":1000,"label":" ","price":87.25},{"type":"A","date":"2018-05-04T02:10:50.000Z","volume":1000,"label":" ","price":87.25},{"type":"A","date":"2018-05-04T02:12:07.000Z","volume":1000,"label":" ","price":87.15},{"type":"B","date":"2018-05-04T02:12:51.000Z","volume":2000,"label":" ","price":86.9},{"type":"B","date":"2018-05-04T02:14:13.000Z","volume":1000,"label":" ","price":86.85},{"type":"A","date":"2018-05-04T02:14:51.000Z","volume":1000,"label":" ","price":87},{"type":"A","date":"2018-05-04T02:15:55.000Z","volume":1000,"label":" ","price":87},{"type":"B","date":"2018-05-04T02:16:15.000Z","volume":1000,"label":" ","price":86.85},{"type":"B","date":"2018-05-04T02:17:33.000Z","volume":1000,"label":" ","price":86.85},{"type":"B","date":"2018-05-04T02:17:52.000Z","volume":1000,"label":" ","price":86.85},{"type":"A","date":"2018-05-04T02:18:13.000Z","volume":1000,"label":" ","price":86.95},{"type":"A","date":"2018-05-04T02:18:23.000Z","volume":1000,"label":" ","price":86.95},{"type":"A","date":"2018-05-04T02:18:27.000Z","volume":1000,"label":" ","price":86.95},{"type":"A","date":"2018-05-04T02:18:41.000Z","volume":1000,"label":" ","price":86.9},{"type":"A","date":"2018-05-04T02:18:55.000Z","volume":1000,"label":" ","price":86.95},{"type":"A","date":"2018-05-04T02:21:00.000Z","volume":1000,"label":" ","price":86.9},{"type":"A","date":"2018-05-04T02:21:19.000Z","volume":1000,"label":" ","price":86.85},{"type":"A","date":"2018-05-04T02:21:19.000Z","volume":1000,"label":" ","price":86.85},{"type":"A","date":"2018-05-04T02:21:19.000Z","volume":1000,"label":" ","price":86.85},{"type":"A","date":"2018-05-04T02:22:00.000Z","volume":1000,"label":" ","price":86.85},{"type":"A","date":"2018-05-04T02:22:59.000Z","volume":1000,"label":"Y","price":86.95},{"type":"U","date":"2018-05-04T02:24:58.000Z","volume":1000,"label":" ","price":86.9},{"type":"A","date":"2018-05-04T02:24:58.000Z","volume":1000,"label":" ","price":86.95},{"type":"A","date":"2018-05-04T02:24:58.000Z","volume":11000,"label":" ","price":86.95},{"type":"A","date":"2018-05-04T02:24:58.000Z","volume":8000,"label":" ","price":87},{"type":"A","date":"2018-05-04T02:24:58.000Z","volume":2000,"label":" ","price":87.05},{"type":"B","date":"2018-05-04T02:24:58.000Z","volume":1000,"label":" ","price":87.05},{"type":"A","date":"2018-05-04T02:24:58.000Z","volume":2000,"label":" ","price":87.2},{"type":"A","date":"2018-05-04T02:25:00.000Z","volume":1000,"label":" ","price":87.2},{"type":"A","date":"2018-05-04T02:25:00.000Z","volume":1000,"label":" ","price":87.25},{"type":"A","date":"2018-05-04T02:25:08.000Z","volume":7000,"label":" ","price":87.4},{"type":"A","date":"2018-05-04T02:25:10.000Z","volume":1000,"label":" ","price":87.75},{"type":"A","date":"2018-05-04T02:25:16.000Z","volume":2000,"label":" ","price":87.75},{"type":"A","date":"2018-05-04T02:25:19.000Z","volume":1000,"label":" ","price":87.75},{"type":"A","date":"2018-05-04T02:25:24.000Z","volume":1000,"label":" ","price":87.75},{"type":"B","date":"2018-05-04T02:25:43.000Z","volume":10000,"label":" ","price":87.2},{"type":"B","date":"2018-05-04T02:25:57.000Z","volume":3000,"label":" ","price":87.2},{"type":"A","date":"2018-05-04T02:26:06.000Z","volume":1000,"label":"Y","price":87.4},{"type":"B","date":"2018-05-04T02:26:10.000Z","volume":1000,"label":" ","price":87.2},{"type":"B","date":"2018-05-04T02:26:10.000Z","volume":1000,"label":" ","price":87.05},{"type":"B","date":"2018-05-04T02:26:10.000Z","volume":1000,"label":" ","price":87.2},{"type":"A","date":"2018-05-04T02:27:03.000Z","volume":1000,"label":"Y","price":87.4},{"type":"B","date":"2018-05-04T02:27:46.000Z","volume":1000,"label":" ","price":87.05},{"type":"B","date":"2018-05-04T02:29:05.000Z","volume":2000,"label":" ","price":86.95},{"type":"B","date":"2018-05-04T02:29:26.000Z","volume":1000,"label":" ","price":86.95},{"type":"B","date":"2018-05-04T02:29:49.000Z","volume":1000,"label":" ","price":86.85},{"type":"A","date":"2018-05-04T02:31:08.000Z","volume":1000,"label":" ","price":87},{"type":"A","date":"2018-05-04T02:31:11.000Z","volume":1000,"label":" ","price":87},{"type":"B","date":"2018-05-04T02:31:59.000Z","volume":1000,"label":" ","price":86.8},{"type":"A","date":"2018-05-04T02:32:26.000Z","volume":1000,"label":" ","price":86.9},{"type":"A","date":"2018-05-04T02:33:36.000Z","volume":1000,"label":" ","price":86.85},{"type":"A","date":"2018-05-04T02:34:41.000Z","volume":12000,"label":" ","price":86.9},{"type":"A","date":"2018-05-04T02:34:41.000Z","volume":2000,"label":" ","price":87},{"type":"A","date":"2018-05-04T02:34:53.000Z","volume":1000,"label":" ","price":87},{"type":"A","date":"2018-05-04T02:35:11.000Z","volume":1000,"label":" ","price":87},{"type":"A","date":"2018-05-04T02:35:11.000Z","volume":1000,"label":" ","price":87},{"type":"A","date":"2018-05-04T02:36:15.000Z","volume":1000,"label":" ","price":87},{"type":"A","date":"2018-05-04T02:37:48.000Z","volume":3000,"label":"Y","price":87},{"type":"A","date":"2018-05-04T02:37:48.000Z","volume":3000,"label":" ","price":87},{"type":"A","date":"2018-05-04T02:37:48.000Z","volume":2000,"label":" ","price":87},{"type":"A","date":"2018-05-04T02:37:48.000Z","volume":1000,"label":" ","price":87.05},{"type":"A","date":"2018-05-04T02:37:59.000Z","volume":2000,"label":" ","price":87.05},{"type":"A","date":"2018-05-04T02:38:33.000Z","volume":1000,"label":" ","price":87.3},{"type":"A","date":"2018-05-04T02:39:02.000Z","volume":1000,"label":" ","price":87.3},{"type":"B","date":"2018-05-04T02:39:02.000Z","volume":4000,"label":" ","price":86.95},{"type":"B","date":"2018-05-04T02:39:02.000Z","volume":1000,"label":" ","price":86.9},{"type":"A","date":"2018-05-04T02:39:02.000Z","volume":1000,"label":" ","price":86.95},{"type":"A","date":"2018-05-04T02:39:16.000Z","volume":1000,"label":" ","price":86.95},{"type":"A","date":"2018-05-04T02:39:21.000Z","volume":1000,"label":" ","price":86.95},{"type":"B","date":"2018-05-04T02:39:23.000Z","volume":1000,"label":" ","price":86.9},{"type":"U","date":"2018-05-04T02:39:28.000Z","volume":800,"label":"D","price":87.1},{"type":"A","date":"2018-05-04T02:39:50.000Z","volume":1000,"label":" ","price":86.95},{"type":"B","date":"2018-05-04T02:40:12.000Z","volume":1000,"label":" ","price":86.9},{"type":"B","date":"2018-05-04T02:40:12.000Z","volume":41000,"label":" ","price":86.8},{"type":"U","date":"2018-05-04T02:40:12.000Z","volume":1000,"label":" ","price":86.9},{"type":"U","date":"2018-05-04T02:40:12.000Z","volume":3000,"label":" ","price":86.9},{"type":"A","date":"2018-05-04T02:40:12.000Z","volume":6000,"label":" ","price":86.95},{"type":"U","date":"2018-05-04T02:40:14.000Z","volume":1000,"label":" ","price":86.85},{"type":"A","date":"2018-05-04T02:40:14.000Z","volume":2000,"label":" ","price":86.95},{"type":"A","date":"2018-05-04T02:40:23.000Z","volume":3000,"label":" ","price":86.95},{"type":"A","date":"2018-05-04T02:41:20.000Z","volume":1000,"label":" ","price":86.95},{"type":"A","date":"2018-05-04T02:41:38.000Z","volume":1000,"label":" ","price":86.95},{"type":"A","date":"2018-05-04T02:41:38.000Z","volume":1000,"label":" ","price":86.95},{"type":"A","date":"2018-05-04T02:41:47.000Z","volume":1000,"label":" ","price":86.95},{"type":"A","date":"2018-05-04T02:43:20.000Z","volume":1000,"label":" ","price":86.95},{"type":"B","date":"2018-05-04T02:44:18.000Z","volume":1000,"label":"Y","price":86.75},{"type":"B","date":"2018-05-04T02:44:18.000Z","volume":1000,"label":" ","price":86.75},{"type":"B","date":"2018-05-04T02:44:18.000Z","volume":2000,"label":" ","price":86.75},{"type":"B","date":"2018-05-04T02:44:18.000Z","volume":1000,"label":" ","price":86.75},{"type":"B","date":"2018-05-04T02:44:34.000Z","volume":1000,"label":" ","price":86.65},{"type":"B","date":"2018-05-04T02:44:46.000Z","volume":1000,"label":" ","price":86.65},{"type":"A","date":"2018-05-04T02:45:40.000Z","volume":1000,"label":" ","price":86.85},{"type":"A","date":"2018-05-04T02:45:40.000Z","volume":1000,"label":" ","price":86.85},{"type":"A","date":"2018-05-04T02:46:26.000Z","volume":1000,"label":" ","price":86.85},{"type":"A","date":"2018-05-04T02:47:23.000Z","volume":1000,"label":" ","price":86.85},{"type":"A","date":"2018-05-04T02:47:40.000Z","volume":1000,"label":" ","price":86.85},{"type":"B","date":"2018-05-04T02:49:08.000Z","volume":1000,"label":" ","price":86.55},{"type":"B","date":"2018-05-04T02:51:26.000Z","volume":1000,"label":" ","price":86.55},{"type":"A","date":"2018-05-04T02:51:28.000Z","volume":1000,"label":" ","price":86.65},{"type":"A","date":"2018-05-04T02:51:31.000Z","volume":1000,"label":" ","price":86.65},{"type":"A","date":"2018-05-04T02:51:34.000Z","volume":1000,"label":" ","price":86.7},{"type":"A","date":"2018-05-04T02:51:41.000Z","volume":1000,"label":" ","price":86.8},{"type":"A","date":"2018-05-04T02:52:47.000Z","volume":1000,"label":" ","price":86.8},{"type":"A","date":"2018-05-04T02:53:01.000Z","volume":1000,"label":" ","price":86.8},{"type":"U","date":"2018-05-04T02:53:12.000Z","volume":72,"label":"D","price":85.75},{"type":"A","date":"2018-05-04T02:53:41.000Z","volume":1000,"label":" ","price":87},{"type":"A","date":"2018-05-04T02:53:41.000Z","volume":1000,"label":" ","price":87},{"type":"A","date":"2018-05-04T02:55:31.000Z","volume":1000,"label":" ","price":86.8},{"type":"A","date":"2018-05-04T02:56:25.000Z","volume":1000,"label":" ","price":87},{"type":"A","date":"2018-05-04T02:56:25.000Z","volume":1000,"label":" ","price":87},{"type":"A","date":"2018-05-04T02:56:36.000Z","volume":1000,"label":"Y","price":87},{"type":"A","date":"2018-05-04T02:57:43.000Z","volume":1000,"label":" ","price":86.8},{"type":"A","date":"2018-05-04T02:57:44.000Z","volume":1000,"label":" ","price":86.8},{"type":"A","date":"2018-05-04T02:57:44.000Z","volume":1000,"label":" ","price":87},{"type":"A","date":"2018-05-04T02:58:53.000Z","volume":1000,"label":"Y","price":87},{"type":"A","date":"2018-05-04T02:59:21.000Z","volume":1000,"label":" ","price":86.8},{"type":"A","date":"2018-05-04T02:59:36.000Z","volume":1000,"label":" ","price":86.8},{"type":"A","date":"2018-05-04T02:59:36.000Z","volume":1000,"label":" ","price":87},{"type":"A","date":"2018-05-04T02:59:43.000Z","volume":1000,"label":"Y","price":87},{"type":"A","date":"2018-05-04T03:01:40.000Z","volume":1000,"label":"Y","price":87},{"type":"B","date":"2018-05-04T03:02:30.000Z","volume":1000,"label":" ","price":86.6},{"type":"A","date":"2018-05-04T03:03:40.000Z","volume":1000,"label":"Y","price":87},{"type":"A","date":"2018-05-04T03:03:44.000Z","volume":1000,"label":"Y","price":87},{"type":"A","date":"2018-05-04T03:05:44.000Z","volume":1000,"label":"Y","price":87},{"type":"A","date":"2018-05-04T03:06:00.000Z","volume":1000,"label":"Y","price":87},{"type":"A","date":"2018-05-04T03:06:46.000Z","volume":1000,"label":" ","price":87},{"type":"A","date":"2018-05-04T03:06:46.000Z","volume":1000,"label":" ","price":87},{"type":"A","date":"2018-05-04T03:07:13.000Z","volume":1000,"label":" ","price":86.8},{"type":"A","date":"2018-05-04T03:07:44.000Z","volume":1000,"label":" ","price":87},{"type":"A","date":"2018-05-04T03:09:45.000Z","volume":1000,"label":" ","price":87},{"type":"B","date":"2018-05-04T03:11:08.000Z","volume":6000,"label":" ","price":86.8},{"type":"B","date":"2018-05-04T03:11:08.000Z","volume":1000,"label":" ","price":86.75},{"type":"A","date":"2018-05-04T03:11:08.000Z","volume":2000,"label":" ","price":86.8},{"type":"A","date":"2018-05-04T03:11:08.000Z","volume":2000,"label":" ","price":86.8},{"type":"A","date":"2018-05-04T03:11:45.000Z","volume":1000,"label":" ","price":86.8},{"type":"A","date":"2018-05-04T03:11:48.000Z","volume":1000,"label":" ","price":86.8},{"type":"A","date":"2018-05-04T03:11:48.000Z","volume":1000,"label":" ","price":86.8},{"type":"A","date":"2018-05-04T03:11:48.000Z","volume":1000,"label":" ","price":86.8},{"type":"A","date":"2018-05-04T03:11:51.000Z","volume":1000,"label":" ","price":86.8},{"type":"A","date":"2018-05-04T03:11:59.000Z","volume":1000,"label":" ","price":86.95},{"type":"A","date":"2018-05-04T03:13:07.000Z","volume":1000,"label":" ","price":86.95},{"type":"A","date":"2018-05-04T03:15:46.000Z","volume":1000,"label":" ","price":86.95},{"type":"A","date":"2018-05-04T03:15:52.000Z","volume":1000,"label":" ","price":86.95},{"type":"A","date":"2018-05-04T03:16:56.000Z","volume":1000,"label":" ","price":86.95},{"type":"A","date":"2018-05-04T03:16:56.000Z","volume":1000,"label":" ","price":86.95},{"type":"A","date":"2018-05-04T03:17:47.000Z","volume":1000,"label":" ","price":86.95},{"type":"A","date":"2018-05-04T03:17:52.000Z","volume":3000,"label":" ","price":86.95},{"type":"A","date":"2018-05-04T03:17:53.000Z","volume":1000,"label":" ","price":86.95},{"type":"A","date":"2018-05-04T03:19:13.000Z","volume":1000,"label":" ","price":86.85},{"type":"A","date":"2018-05-04T03:19:17.000Z","volume":1000,"label":" ","price":86.85},{"type":"A","date":"2018-05-04T03:19:17.000Z","volume":1000,"label":" ","price":86.85},{"type":"A","date":"2018-05-04T03:19:41.000Z","volume":1000,"label":" ","price":86.85},{"type":"A","date":"2018-05-04T03:19:56.000Z","volume":1000,"label":" ","price":86.95},{"type":"A","date":"2018-05-04T03:21:47.000Z","volume":1000,"label":" ","price":86.95},{"type":"A","date":"2018-05-04T03:22:02.000Z","volume":1000,"label":" ","price":86.95},{"type":"A","date":"2018-05-04T03:22:02.000Z","volume":1000,"label":" ","price":86.95},{"type":"A","date":"2018-05-04T03:22:02.000Z","volume":1000,"label":"Y","price":86.95},{"type":"A","date":"2018-05-04T03:22:13.000Z","volume":1000,"label":" ","price":86.95},{"type":"A","date":"2018-05-04T03:23:00.000Z","volume":1000,"label":" ","price":86.95},{"type":"A","date":"2018-05-04T03:23:48.000Z","volume":1000,"label":"Y","price":86.95},{"type":"A","date":"2018-05-04T03:24:00.000Z","volume":1000,"label":"Y","price":86.95},{"type":"A","date":"2018-05-04T03:24:04.000Z","volume":1000,"label":" ","price":86.95},{"type":"A","date":"2018-05-04T03:26:20.000Z","volume":1000,"label":"Y","price":86.95},{"type":"A","date":"2018-05-04T03:26:35.000Z","volume":1000,"label":"Y","price":86.95},{"type":"A","date":"2018-05-04T03:27:06.000Z","volume":1000,"label":"Y","price":86.95},{"type":"A","date":"2018-05-04T03:27:06.000Z","volume":26000,"label":" ","price":86.95},{"type":"A","date":"2018-05-04T03:27:06.000Z","volume":2000,"label":" ","price":87},{"type":"A","date":"2018-05-04T03:27:06.000Z","volume":2000,"label":" ","price":87},{"type":"A","date":"2018-05-04T03:27:08.000Z","volume":1000,"label":" ","price":87},{"type":"A","date":"2018-05-04T03:27:08.000Z","volume":102000,"label":" ","price":87},{"type":"A","date":"2018-05-04T03:27:08.000Z","volume":10000,"label":" ","price":87},{"type":"A","date":"2018-05-04T03:27:14.000Z","volume":2000,"label":" ","price":87.05},{"type":"A","date":"2018-05-04T03:27:19.000Z","volume":11000,"label":" ","price":87.05},{"type":"A","date":"2018-05-04T03:27:19.000Z","volume":3000,"label":" ","price":87.1},{"type":"A","date":"2018-05-04T03:27:19.000Z","volume":12000,"label":" ","price":87.15},{"type":"A","date":"2018-05-04T03:27:19.000Z","volume":8000,"label":" ","price":87.15},{"type":"A","date":"2018-05-04T03:27:19.000Z","volume":1000,"label":" ","price":87.2},{"type":"A","date":"2018-05-04T03:27:19.000Z","volume":3000,"label":" ","price":87.4},{"type":"A","date":"2018-05-04T03:27:19.000Z","volume":2000,"label":" ","price":87.4},{"type":"A","date":"2018-05-04T03:27:24.000Z","volume":3000,"label":" ","price":87.4},{"type":"A","date":"2018-05-04T03:27:29.000Z","volume":8000,"label":" ","price":87.4},{"type":"A","date":"2018-05-04T03:27:30.000Z","volume":1000,"label":" ","price":87.4},{"type":"A","date":"2018-05-04T03:27:31.000Z","volume":3000,"label":" ","price":87.4},{"type":"A","date":"2018-05-04T03:27:44.000Z","volume":1000,"label":" ","price":87.4},{"type":"A","date":"2018-05-04T03:27:47.000Z","volume":1000,"label":" ","price":87.4},{"type":"A","date":"2018-05-04T03:27:49.000Z","volume":1000,"label":"Y","price":87.4},{"type":"A","date":"2018-05-04T03:28:00.000Z","volume":1000,"label":" ","price":87.4},{"type":"A","date":"2018-05-04T03:28:04.000Z","volume":1000,"label":"Y","price":87.4},{"type":"A","date":"2018-05-04T03:28:04.000Z","volume":1000,"label":" ","price":87.4},{"type":"A","date":"2018-05-04T03:28:13.000Z","volume":3000,"label":" ","price":87.4},{"type":"A","date":"2018-05-04T03:28:14.000Z","volume":1000,"label":" ","price":87.4},{"type":"A","date":"2018-05-04T03:28:26.000Z","volume":2000,"label":" ","price":87.35},{"type":"A","date":"2018-05-04T03:28:30.000Z","volume":1000,"label":" ","price":87.35},{"type":"A","date":"2018-05-04T03:28:39.000Z","volume":1000,"label":" ","price":87.4},{"type":"B","date":"2018-05-04T03:29:02.000Z","volume":1000,"label":" ","price":86.95},{"type":"A","date":"2018-05-04T03:29:05.000Z","volume":1000,"label":" ","price":87.4},{"type":"A","date":"2018-05-04T03:29:50.000Z","volume":1000,"label":"Y","price":87.4},{"type":"A","date":"2018-05-04T03:31:03.000Z","volume":1000,"label":" ","price":87.3},{"type":"B","date":"2018-05-04T03:31:43.000Z","volume":9000,"label":" ","price":87},{"type":"A","date":"2018-05-04T03:32:08.000Z","volume":1000,"label":" ","price":87.15},{"type":"A","date":"2018-05-04T03:32:11.000Z","volume":1000,"label":" ","price":87.15},{"type":"U","date":"2018-05-04T03:32:20.000Z","volume":442000,"label":"X","price":87.125},{"type":"U","date":"2018-05-04T03:33:03.000Z","volume":74,"label":"D","price":87.4},{"type":"A","date":"2018-05-04T03:33:27.000Z","volume":1000,"label":"Y","price":87.4},{"type":"A","date":"2018-05-04T03:33:50.000Z","volume":1000,"label":" ","price":87.4},{"type":"A","date":"2018-05-04T03:35:51.000Z","volume":1000,"label":" ","price":87.15},{"type":"A","date":"2018-05-04T03:35:52.000Z","volume":1000,"label":" ","price":87.15},{"type":"A","date":"2018-05-04T03:35:52.000Z","volume":1000,"label":"Y","price":87.15},{"type":"A","date":"2018-05-04T03:36:03.000Z","volume":1000,"label":" ","price":87.2},{"type":"A","date":"2018-05-04T03:36:12.000Z","volume":1000,"label":" ","price":87.4},{"type":"A","date":"2018-05-04T03:37:16.000Z","volume":1000,"label":" ","price":87.4},{"type":"A","date":"2018-05-04T03:38:04.000Z","volume":1000,"label":" ","price":87.4},{"type":"A","date":"2018-05-04T03:39:33.000Z","volume":1000,"label":" ","price":87.25},{"type":"U","date":"2018-05-04T03:39:43.000Z","volume":1000,"label":"X","price":87.05},{"type":"U","date":"2018-05-04T03:39:43.000Z","volume":1000,"label":"X","price":87.05},{"type":"A","date":"2018-05-04T03:39:52.000Z","volume":1000,"label":" ","price":87.15},{"type":"A","date":"2018-05-04T03:40:01.000Z","volume":1000,"label":" ","price":87.15},{"type":"A","date":"2018-05-04T03:40:01.000Z","volume":1000,"label":" ","price":87.15},{"type":"A","date":"2018-05-04T03:40:16.000Z","volume":1000,"label":" ","price":87.15},{"type":"A","date":"2018-05-04T03:40:16.000Z","volume":3000,"label":" ","price":87.15},{"type":"A","date":"2018-05-04T03:40:24.000Z","volume":1000,"label":" ","price":87.4},{"type":"A","date":"2018-05-04T03:41:53.000Z","volume":1000,"label":"Y","price":87.4},{"type":"A","date":"2018-05-04T03:41:53.000Z","volume":1000,"label":" ","price":87.4},{"type":"A","date":"2018-05-04T03:42:22.000Z","volume":1000,"label":" ","price":87.3},{"type":"A","date":"2018-05-04T03:42:22.000Z","volume":2000,"label":" ","price":87.3},{"type":"A","date":"2018-05-04T03:42:30.000Z","volume":1000,"label":" ","price":87.4},{"type":"B","date":"2018-05-04T03:43:37.000Z","volume":3000,"label":" ","price":87.3},{"type":"B","date":"2018-05-04T03:43:39.000Z","volume":2000,"label":" ","price":87.3},{"type":"A","date":"2018-05-04T03:44:20.000Z","volume":1000,"label":"Y","price":87.4},{"type":"B","date":"2018-05-04T03:44:35.000Z","volume":1000,"label":" ","price":87.3},{"type":"B","date":"2018-05-04T03:44:45.000Z","volume":1000,"label":" ","price":87.3},{"type":"A","date":"2018-05-04T03:45:53.000Z","volume":1000,"label":" ","price":87.35},{"type":"A","date":"2018-05-04T03:46:19.000Z","volume":1000,"label":" ","price":87.25},{"type":"A","date":"2018-05-04T03:46:41.000Z","volume":1000,"label":" ","price":87.25},{"type":"A","date":"2018-05-04T03:47:27.000Z","volume":1000,"label":" ","price":87.25},{"type":"A","date":"2018-05-04T03:47:39.000Z","volume":2000,"label":" ","price":87.25},{"type":"A","date":"2018-05-04T03:47:55.000Z","volume":1000,"label":"Y","price":87.4},{"type":"A","date":"2018-05-04T03:48:24.000Z","volume":1000,"label":"Y","price":87.4},{"type":"B","date":"2018-05-04T03:51:13.000Z","volume":3000,"label":" ","price":87.25},{"type":"B","date":"2018-05-04T03:51:13.000Z","volume":1000,"label":" ","price":87.25},{"type":"A","date":"2018-05-04T03:51:55.000Z","volume":1000,"label":" ","price":87.3},{"type":"A","date":"2018-05-04T03:52:28.000Z","volume":1000,"label":" ","price":87.3},{"type":"A","date":"2018-05-04T03:52:31.000Z","volume":1000,"label":" ","price":87.3},{"type":"A","date":"2018-05-04T03:53:48.000Z","volume":1000,"label":" ","price":87.25},{"type":"B","date":"2018-05-04T03:53:49.000Z","volume":1000,"label":" ","price":87.1},{"type":"A","date":"2018-05-04T03:53:55.000Z","volume":1000,"label":" ","price":87.25},{"type":"B","date":"2018-05-04T03:54:51.000Z","volume":1000,"label":" ","price":87.1},{"type":"B","date":"2018-05-04T03:55:30.000Z","volume":3000,"label":" ","price":87.1},{"type":"B","date":"2018-05-04T03:55:30.000Z","volume":1000,"label":" ","price":87.1},{"type":"B","date":"2018-05-04T03:56:21.000Z","volume":1000,"label":" ","price":87.05},{"type":"A","date":"2018-05-04T03:56:32.000Z","volume":1000,"label":" ","price":87.15},{"type":"A","date":"2018-05-04T03:57:36.000Z","volume":1000,"label":" ","price":87.15},{"type":"A","date":"2018-05-04T03:57:56.000Z","volume":1000,"label":" ","price":87.15},{"type":"A","date":"2018-05-04T03:58:19.000Z","volume":1000,"label":" ","price":87.15},{"type":"A","date":"2018-05-04T03:59:54.000Z","volume":1000,"label":" ","price":87.15},{"type":"A","date":"2018-05-04T03:59:56.000Z","volume":1000,"label":" ","price":87.15},{"type":"A","date":"2018-05-04T05:00:00.000Z","volume":1000,"label":"Y","price":87.15},{"type":"B","date":"2018-05-04T05:00:01.000Z","volume":12000,"label":" ","price":87.1},{"type":"B","date":"2018-05-04T05:00:02.000Z","volume":1000,"label":"Y","price":87.1},{"type":"B","date":"2018-05-04T05:00:04.000Z","volume":1000,"label":" ","price":87.1},{"type":"A","date":"2018-05-04T05:00:08.000Z","volume":1000,"label":"Y","price":87.4},{"type":"A","date":"2018-05-04T05:00:22.000Z","volume":1000,"label":"Y","price":87.4},{"type":"A","date":"2018-05-04T05:00:36.000Z","volume":1000,"label":"Y","price":87.4},{"type":"B","date":"2018-05-04T05:01:12.000Z","volume":1000,"label":" ","price":87.25},{"type":"A","date":"2018-05-04T05:01:13.000Z","volume":1000,"label":" ","price":87.4},{"type":"A","date":"2018-05-04T05:02:01.000Z","volume":1000,"label":" ","price":87.35},{"type":"A","date":"2018-05-04T05:02:01.000Z","volume":1000,"label":" ","price":87.35},{"type":"A","date":"2018-05-04T05:02:41.000Z","volume":1000,"label":" ","price":87.35},{"type":"B","date":"2018-05-04T05:02:41.000Z","volume":1000,"label":" ","price":87.25},{"type":"A","date":"2018-05-04T05:02:41.000Z","volume":1000,"label":" ","price":87.35},{"type":"B","date":"2018-05-04T05:02:42.000Z","volume":3000,"label":" ","price":87.25},{"type":"A","date":"2018-05-04T05:04:01.000Z","volume":1000,"label":" ","price":87.3},{"type":"A","date":"2018-05-04T05:04:41.000Z","volume":1000,"label":" ","price":87.3},{"type":"B","date":"2018-05-04T05:04:59.000Z","volume":14000,"label":" ","price":87.25},{"type":"U","date":"2018-05-04T05:04:59.000Z","volume":1000,"label":" ","price":87.25},{"type":"B","date":"2018-05-04T05:05:31.000Z","volume":2000,"label":" ","price":87.2},{"type":"B","date":"2018-05-04T05:06:03.000Z","volume":1000,"label":" ","price":87.2},{"type":"B","date":"2018-05-04T05:06:03.000Z","volume":1000,"label":" ","price":87.2},{"type":"B","date":"2018-05-04T05:06:36.000Z","volume":2000,"label":" ","price":87.15},{"type":"A","date":"2018-05-04T05:07:01.000Z","volume":1000,"label":" ","price":87.2},{"type":"A","date":"2018-05-04T05:07:47.000Z","volume":1000,"label":" ","price":87.2},{"type":"A","date":"2018-05-04T05:08:02.000Z","volume":1000,"label":" ","price":87.2},{"type":"A","date":"2018-05-04T05:08:42.000Z","volume":5000,"label":" ","price":87.15},{"type":"A","date":"2018-05-04T05:08:44.000Z","volume":4000,"label":" ","price":87.2},{"type":"A","date":"2018-05-04T05:08:49.000Z","volume":1000,"label":" ","price":87.3},{"type":"A","date":"2018-05-04T05:10:02.000Z","volume":1000,"label":"Y","price":87.3},{"type":"A","date":"2018-05-04T05:11:53.000Z","volume":3000,"label":" ","price":87.2},{"type":"A","date":"2018-05-04T05:11:53.000Z","volume":1000,"label":" ","price":87.3},{"type":"A","date":"2018-05-04T05:11:53.000Z","volume":1000,"label":" ","price":87.2},{"type":"A","date":"2018-05-04T05:12:04.000Z","volume":1000,"label":" ","price":87.3},{"type":"A","date":"2018-05-04T05:12:49.000Z","volume":1000,"label":"Y","price":87.3},{"type":"A","date":"2018-05-04T05:12:52.000Z","volume":1000,"label":"Y","price":87.3},{"type":"A","date":"2018-05-04T05:14:04.000Z","volume":1000,"label":"Y","price":87.3},{"type":"A","date":"2018-05-04T05:14:04.000Z","volume":1000,"label":" ","price":87.3},{"type":"B","date":"2018-05-04T05:14:05.000Z","volume":1000,"label":" ","price":87.15},{"type":"A","date":"2018-05-04T05:14:07.000Z","volume":1000,"label":"Y","price":87.3},{"type":"U","date":"2018-05-04T05:15:08.000Z","volume":1000,"label":" ","price":87.2},{"type":"B","date":"2018-05-04T05:15:15.000Z","volume":1000,"label":" ","price":87.2},{"type":"A","date":"2018-05-04T05:16:04.000Z","volume":1000,"label":" ","price":87.25},{"type":"A","date":"2018-05-04T05:16:53.000Z","volume":1000,"label":" ","price":87.25},{"type":"B","date":"2018-05-04T05:17:08.000Z","volume":8000,"label":" ","price":87.2},{"type":"B","date":"2018-05-04T05:17:09.000Z","volume":2000,"label":" ","price":87.2},{"type":"B","date":"2018-05-04T05:17:09.000Z","volume":1000,"label":" ","price":87.1},{"type":"A","date":"2018-05-04T05:17:13.000Z","volume":3000,"label":" ","price":87.2},{"type":"B","date":"2018-05-04T05:17:14.000Z","volume":1000,"label":" ","price":87.1},{"type":"A","date":"2018-05-04T05:17:57.000Z","volume":1000,"label":"Y","price":87.25},{"type":"A","date":"2018-05-04T05:19:17.000Z","volume":2000,"label":" ","price":87.2},{"type":"A","date":"2018-05-04T05:19:17.000Z","volume":1000,"label":" ","price":87.25},{"type":"A","date":"2018-05-04T05:20:05.000Z","volume":1000,"label":"Y","price":87.25},{"type":"A","date":"2018-05-04T05:20:14.000Z","volume":1000,"label":"Y","price":87.25},{"type":"A","date":"2018-05-04T05:20:42.000Z","volume":1000,"label":"Y","price":87.25},{"type":"A","date":"2018-05-04T05:20:42.000Z","volume":1000,"label":" ","price":87.25},{"type":"B","date":"2018-05-04T05:20:43.000Z","volume":1000,"label":" ","price":87.05},{"type":"A","date":"2018-05-04T05:20:56.000Z","volume":1000,"label":" ","price":87.25},{"type":"A","date":"2018-05-04T05:21:52.000Z","volume":4000,"label":" ","price":87.2},{"type":"A","date":"2018-05-04T05:21:52.000Z","volume":1000,"label":" ","price":87.2},{"type":"A","date":"2018-05-04T05:22:02.000Z","volume":1000,"label":" ","price":87.25},{"type":"A","date":"2018-05-04T05:22:05.000Z","volume":1000,"label":" ","price":87.25},{"type":"A","date":"2018-05-04T05:23:02.000Z","volume":1000,"label":" ","price":87.25},{"type":"B","date":"2018-05-04T05:23:17.000Z","volume":1000,"label":" ","price":87.05},{"type":"A","date":"2018-05-04T05:23:17.000Z","volume":1000,"label":" ","price":87.25},{"type":"A","date":"2018-05-04T05:24:30.000Z","volume":2000,"label":" ","price":87.2},{"type":"A","date":"2018-05-04T05:24:30.000Z","volume":1000,"label":" ","price":87.3},{"type":"A","date":"2018-05-04T05:25:01.000Z","volume":1000,"label":" ","price":87.3},{"type":"A","date":"2018-05-04T05:26:07.000Z","volume":1000,"label":" ","price":87.3},{"type":"A","date":"2018-05-04T05:27:06.000Z","volume":3000,"label":" ","price":87.2},{"type":"A","date":"2018-05-04T05:27:06.000Z","volume":1000,"label":" ","price":87.3},{"type":"A","date":"2018-05-04T05:27:06.000Z","volume":1000,"label":" ","price":87.2},{"type":"B","date":"2018-05-04T05:27:17.000Z","volume":1000,"label":" ","price":87.05},{"type":"A","date":"2018-05-04T05:27:17.000Z","volume":1000,"label":" ","price":87.3},{"type":"A","date":"2018-05-04T05:27:21.000Z","volume":1000,"label":"Y","price":87.3},{"type":"A","date":"2018-05-04T05:28:07.000Z","volume":1000,"label":"Y","price":87.3},{"type":"A","date":"2018-05-04T05:28:07.000Z","volume":1000,"label":"Y","price":87.3},{"type":"A","date":"2018-05-04T05:28:09.000Z","volume":1000,"label":" ","price":87.3},{"type":"A","date":"2018-05-04T05:29:05.000Z","volume":1000,"label":"Y","price":87.3},{"type":"A","date":"2018-05-04T05:30:26.000Z","volume":1000,"label":" ","price":87.25},{"type":"A","date":"2018-05-04T05:32:08.000Z","volume":1000,"label":" ","price":87.25},{"type":"A","date":"2018-05-04T05:32:08.000Z","volume":1000,"label":" ","price":87.25},{"type":"A","date":"2018-05-04T05:33:09.000Z","volume":1000,"label":" ","price":87.25},{"type":"A","date":"2018-05-04T05:33:12.000Z","volume":1000,"label":" ","price":87.25},{"type":"A","date":"2018-05-04T05:34:08.000Z","volume":1000,"label":" ","price":87.25},{"type":"A","date":"2018-05-04T05:34:08.000Z","volume":1000,"label":" ","price":87.25},{"type":"A","date":"2018-05-04T05:34:15.000Z","volume":1000,"label":" ","price":87.25},{"type":"B","date":"2018-05-04T05:34:15.000Z","volume":1000,"label":" ","price":87.2},{"type":"A","date":"2018-05-04T05:34:28.000Z","volume":1000,"label":" ","price":87.25},{"type":"A","date":"2018-05-04T05:34:28.000Z","volume":1000,"label":" ","price":87.25},{"type":"A","date":"2018-05-04T05:34:42.000Z","volume":1000,"label":" ","price":87.25},{"type":"A","date":"2018-05-04T05:37:13.000Z","volume":1000,"label":"Y","price":87.3},{"type":"A","date":"2018-05-04T05:38:10.000Z","volume":1000,"label":"Y","price":87.3},{"type":"A","date":"2018-05-04T05:38:10.000Z","volume":1000,"label":" ","price":87.3},{"type":"A","date":"2018-05-04T05:38:17.000Z","volume":1000,"label":"Y","price":87.3},{"type":"B","date":"2018-05-04T05:38:35.000Z","volume":1000,"label":" ","price":87.25},{"type":"B","date":"2018-05-04T05:39:53.000Z","volume":1000,"label":" ","price":87.25},{"type":"A","date":"2018-05-04T05:39:54.000Z","volume":1000,"label":" ","price":87.3},{"type":"A","date":"2018-05-04T05:40:10.000Z","volume":1000,"label":"Y","price":87.3},{"type":"A","date":"2018-05-04T05:40:34.000Z","volume":1000,"label":"Y","price":87.3},{"type":"A","date":"2018-05-04T05:41:01.000Z","volume":1000,"label":"Y","price":87.3},{"type":"A","date":"2018-05-04T05:41:04.000Z","volume":1000,"label":" ","price":87.3},{"type":"A","date":"2018-05-04T05:41:16.000Z","volume":1000,"label":"Y","price":87.3},{"type":"B","date":"2018-05-04T05:41:17.000Z","volume":1000,"label":" ","price":87.25},{"type":"B","date":"2018-05-04T05:42:21.000Z","volume":1000,"label":" ","price":87.25},{"type":"B","date":"2018-05-04T05:42:24.000Z","volume":1000,"label":" ","price":87.25},{"type":"A","date":"2018-05-04T05:43:22.000Z","volume":1000,"label":"Y","price":87.3},{"type":"B","date":"2018-05-04T05:43:37.000Z","volume":1000,"label":" ","price":87.25},{"type":"A","date":"2018-05-04T05:43:51.000Z","volume":1000,"label":" ","price":87.3},{"type":"A","date":"2018-05-04T05:43:51.000Z","volume":1000,"label":" ","price":87.3},{"type":"A","date":"2018-05-04T05:44:11.000Z","volume":1000,"label":"Y","price":87.3},{"type":"B","date":"2018-05-04T05:44:54.000Z","volume":1000,"label":" ","price":87.25},{"type":"A","date":"2018-05-04T05:44:56.000Z","volume":1000,"label":"Y","price":87.3},{"type":"A","date":"2018-05-04T05:44:56.000Z","volume":1000,"label":" ","price":87.3},{"type":"A","date":"2018-05-04T05:45:21.000Z","volume":1000,"label":" ","price":87.3},{"type":"A","date":"2018-05-04T05:46:11.000Z","volume":1000,"label":" ","price":87.3},{"type":"B","date":"2018-05-04T05:47:03.000Z","volume":1000,"label":" ","price":87.25},{"type":"A","date":"2018-05-04T05:47:03.000Z","volume":1000,"label":" ","price":87.3},{"type":"A","date":"2018-05-04T05:47:41.000Z","volume":1000,"label":" ","price":87.3},{"type":"A","date":"2018-05-04T05:48:28.000Z","volume":1000,"label":" ","price":87.3},{"type":"B","date":"2018-05-04T05:48:48.000Z","volume":1000,"label":" ","price":87.25},{"type":"B","date":"2018-05-04T05:49:15.000Z","volume":1000,"label":" ","price":87.25},{"type":"B","date":"2018-05-04T05:49:15.000Z","volume":6000,"label":" ","price":87.25},{"type":"B","date":"2018-05-04T05:49:15.000Z","volume":6000,"label":" ","price":87.25},{"type":"B","date":"2018-05-04T05:49:15.000Z","volume":2000,"label":" ","price":87.2},{"type":"B","date":"2018-05-04T05:49:15.000Z","volume":3000,"label":" ","price":87.25},{"type":"B","date":"2018-05-04T05:49:15.000Z","volume":4000,"label":" ","price":87.15},{"type":"B","date":"2018-05-04T05:49:15.000Z","volume":1000,"label":" ","price":87.1},{"type":"B","date":"2018-05-04T05:49:16.000Z","volume":1000,"label":" ","price":87.25},{"type":"A","date":"2018-05-04T05:49:25.000Z","volume":1000,"label":" ","price":87.25},{"type":"A","date":"2018-05-04T05:50:13.000Z","volume":1000,"label":" ","price":87.25},{"type":"A","date":"2018-05-04T05:52:13.000Z","volume":1000,"label":" ","price":87},{"type":"A","date":"2018-05-04T05:53:29.000Z","volume":1000,"label":" ","price":87},{"type":"A","date":"2018-05-04T05:53:29.000Z","volume":1000,"label":" ","price":87},{"type":"A","date":"2018-05-04T05:53:32.000Z","volume":1000,"label":" ","price":87},{"type":"B","date":"2018-05-04T05:54:35.000Z","volume":2000,"label":" ","price":86.95},{"type":"A","date":"2018-05-04T05:54:48.000Z","volume":1000,"label":" ","price":87},{"type":"A","date":"2018-05-04T05:56:14.000Z","volume":1000,"label":" ","price":87},{"type":"A","date":"2018-05-04T05:57:33.000Z","volume":1000,"label":" ","price":87},{"type":"B","date":"2018-05-04T05:57:51.000Z","volume":3000,"label":" ","price":86.95},{"type":"B","date":"2018-05-04T05:57:51.000Z","volume":1000,"label":" ","price":86.95},{"type":"B","date":"2018-05-04T05:58:10.000Z","volume":1000,"label":" ","price":86.95},{"type":"U","date":"2018-05-04T05:58:10.000Z","volume":1000,"label":" ","price":86.95},{"type":"U","date":"2018-05-04T05:58:10.000Z","volume":1000,"label":" ","price":86.95},{"type":"A","date":"2018-05-04T05:58:14.000Z","volume":1000,"label":" ","price":87},{"type":"A","date":"2018-05-04T05:58:37.000Z","volume":1000,"label":" ","price":87},{"type":"B","date":"2018-05-04T05:59:24.000Z","volume":1000,"label":" ","price":86.9},{"type":"A","date":"2018-05-04T06:00:54.000Z","volume":1000,"label":" ","price":87},{"type":"A","date":"2018-05-04T06:01:22.000Z","volume":1000,"label":" ","price":87},{"type":"A","date":"2018-05-04T06:01:37.000Z","volume":1000,"label":" ","price":87},{"type":"A","date":"2018-05-04T06:02:16.000Z","volume":1000,"label":" ","price":87},{"type":"A","date":"2018-05-04T06:03:43.000Z","volume":1000,"label":" ","price":87},{"type":"A","date":"2018-05-04T06:04:16.000Z","volume":1000,"label":" ","price":87},{"type":"A","date":"2018-05-04T06:05:41.000Z","volume":1000,"label":" ","price":87},{"type":"B","date":"2018-05-04T06:06:01.000Z","volume":4000,"label":" ","price":86.9},{"type":"B","date":"2018-05-04T06:06:01.000Z","volume":1000,"label":" ","price":86.85},{"type":"B","date":"2018-05-04T06:06:01.000Z","volume":3000,"label":" ","price":86.8},{"type":"B","date":"2018-05-04T06:06:01.000Z","volume":1000,"label":" ","price":86.8},{"type":"A","date":"2018-05-04T06:06:06.000Z","volume":3000,"label":" ","price":86.8},{"type":"A","date":"2018-05-04T06:06:14.000Z","volume":2000,"label":" ","price":87},{"type":"A","date":"2018-05-04T06:08:02.000Z","volume":1000,"label":" ","price":87},{"type":"B","date":"2018-05-04T06:08:04.000Z","volume":5000,"label":" ","price":86.85},{"type":"B","date":"2018-05-04T06:08:04.000Z","volume":4000,"label":" ","price":86.75},{"type":"B","date":"2018-05-04T06:08:04.000Z","volume":1000,"label":" ","price":86.7},{"type":"B","date":"2018-05-04T06:08:04.000Z","volume":2000,"label":" ","price":86.65},{"type":"B","date":"2018-05-04T06:08:04.000Z","volume":1000,"label":" ","price":86.6},{"type":"B","date":"2018-05-04T06:08:04.000Z","volume":2000,"label":" ","price":86.6},{"type":"A","date":"2018-05-04T06:08:17.000Z","volume":1000,"label":" ","price":87},{"type":"A","date":"2018-05-04T06:08:17.000Z","volume":3000,"label":" ","price":87},{"type":"A","date":"2018-05-04T06:08:17.000Z","volume":1000,"label":" ","price":87},{"type":"A","date":"2018-05-04T06:08:24.000Z","volume":1000,"label":" ","price":87},{"type":"A","date":"2018-05-04T06:08:48.000Z","volume":1000,"label":" ","price":87},{"type":"A","date":"2018-05-04T06:08:48.000Z","volume":1000,"label":" ","price":87},{"type":"A","date":"2018-05-04T06:09:46.000Z","volume":1000,"label":" ","price":87},{"type":"A","date":"2018-05-04T06:10:17.000Z","volume":1000,"label":" ","price":87},{"type":"B","date":"2018-05-04T06:10:33.000Z","volume":8000,"label":" ","price":86.9},{"type":"A","date":"2018-05-04T06:10:33.000Z","volume":2000,"label":" ","price":86.9},{"type":"B","date":"2018-05-04T06:13:48.000Z","volume":1000,"label":" ","price":86.5},{"type":"B","date":"2018-05-04T06:13:48.000Z","volume":5000,"label":" ","price":86.45},{"type":"B","date":"2018-05-04T06:13:48.000Z","volume":4000,"label":" ","price":86.4},{"type":"A","date":"2018-05-04T06:13:50.000Z","volume":1000,"label":" ","price":86.9},{"type":"A","date":"2018-05-04T06:13:53.000Z","volume":1000,"label":" ","price":86.9},{"type":"A","date":"2018-05-04T06:13:58.000Z","volume":1000,"label":" ","price":86.9},{"type":"A","date":"2018-05-04T06:14:18.000Z","volume":1000,"label":" ","price":86.9},{"type":"A","date":"2018-05-04T06:14:19.000Z","volume":1000,"label":" ","price":86.9},{"type":"A","date":"2018-05-04T06:15:09.000Z","volume":1000,"label":" ","price":87},{"type":"B","date":"2018-05-04T06:15:31.000Z","volume":4000,"label":" ","price":86.65},{"type":"B","date":"2018-05-04T06:15:31.000Z","volume":5000,"label":" ","price":86.6},{"type":"B","date":"2018-05-04T06:15:31.000Z","volume":1000,"label":" ","price":86.6},{"type":"A","date":"2018-05-04T06:15:44.000Z","volume":1000,"label":" ","price":87},{"type":"A","date":"2018-05-04T06:16:19.000Z","volume":1000,"label":" ","price":87},{"type":"A","date":"2018-05-04T06:17:52.000Z","volume":3000,"label":" ","price":86.95},{"type":"A","date":"2018-05-04T06:17:52.000Z","volume":1000,"label":" ","price":86.95},{"type":"A","date":"2018-05-04T06:17:52.000Z","volume":1000,"label":" ","price":86.95},{"type":"A","date":"2018-05-04T06:17:52.000Z","volume":1000,"label":" ","price":87},{"type":"B","date":"2018-05-04T06:17:52.000Z","volume":10000,"label":" ","price":86.55},{"type":"A","date":"2018-05-04T06:18:00.000Z","volume":2000,"label":" ","price":87},{"type":"B","date":"2018-05-04T06:18:00.000Z","volume":2000,"label":" ","price":86.95},{"type":"A","date":"2018-05-04T06:18:09.000Z","volume":1000,"label":" ","price":87},{"type":"B","date":"2018-05-04T06:18:20.000Z","volume":20000,"label":" ","price":86.95},{"type":"A","date":"2018-05-04T06:18:20.000Z","volume":3000,"label":" ","price":87},{"type":"A","date":"2018-05-04T06:18:20.000Z","volume":2000,"label":" ","price":87},{"type":"A","date":"2018-05-04T06:18:29.000Z","volume":2000,"label":" ","price":87},{"type":"A","date":"2018-05-04T06:18:57.000Z","volume":1000,"label":" ","price":87},{"type":"A","date":"2018-05-04T06:20:19.000Z","volume":1000,"label":" ","price":87},{"type":"A","date":"2018-05-04T06:20:19.000Z","volume":1000,"label":" ","price":87},{"type":"A","date":"2018-05-04T06:21:15.000Z","volume":1000,"label":" ","price":87},{"type":"A","date":"2018-05-04T06:21:42.000Z","volume":1000,"label":" ","price":87},{"type":"A","date":"2018-05-04T06:21:58.000Z","volume":1000,"label":" ","price":87},{"type":"A","date":"2018-05-04T06:21:59.000Z","volume":1000,"label":" ","price":87},{"type":"A","date":"2018-05-04T06:22:20.000Z","volume":1000,"label":" ","price":87},{"type":"B","date":"2018-05-04T06:22:28.000Z","volume":1000,"label":" ","price":86.95},{"type":"A","date":"2018-05-04T06:24:03.000Z","volume":1000,"label":" ","price":87},{"type":"A","date":"2018-05-04T06:24:04.000Z","volume":1000,"label":" ","price":87},{"type":"B","date":"2018-05-04T06:25:04.000Z","volume":1000,"label":" ","price":86.95},{"type":"B","date":"2018-05-04T06:25:04.000Z","volume":4000,"label":" ","price":86.95},{"type":"B","date":"2018-05-04T06:25:04.000Z","volume":1000,"label":" ","price":86.95},{"type":"B","date":"2018-05-04T06:25:07.000Z","volume":4000,"label":" ","price":86.95},{"type":"B","date":"2018-05-04T06:25:07.000Z","volume":2000,"label":" ","price":86.95},{"type":"A","date":"2018-05-04T06:25:07.000Z","volume":1000,"label":" ","price":86.95},{"type":"A","date":"2018-05-04T06:26:01.000Z","volume":1000,"label":" ","price":86.95},{"type":"A","date":"2018-05-04T06:26:20.000Z","volume":1000,"label":" ","price":86.95},{"type":"A","date":"2018-05-04T06:28:22.000Z","volume":1000,"label":" ","price":86.95},{"type":"A","date":"2018-05-04T06:28:22.000Z","volume":1000,"label":" ","price":86.95},{"type":"B","date":"2018-05-04T06:28:22.000Z","volume":2000,"label":" ","price":86.85},{"type":"A","date":"2018-05-04T06:29:08.000Z","volume":1000,"label":" ","price":86.95},{"type":"A","date":"2018-05-04T06:30:05.000Z","volume":1000,"label":" ","price":86.95},{"type":"A","date":"2018-05-04T06:30:34.000Z","volume":12000,"label":" ","price":86.95},{"type":"A","date":"2018-05-04T06:30:36.000Z","volume":1000,"label":" ","price":87},{"type":"A","date":"2018-05-04T06:30:44.000Z","volume":2000,"label":" ","price":87},{"type":"A","date":"2018-05-04T06:30:54.000Z","volume":1000,"label":" ","price":87},{"type":"A","date":"2018-05-04T06:32:22.000Z","volume":1000,"label":" ","price":87},{"type":"A","date":"2018-05-04T06:32:22.000Z","volume":7000,"label":" ","price":87},{"type":"A","date":"2018-05-04T06:32:26.000Z","volume":3000,"label":" ","price":87.05},{"type":"A","date":"2018-05-04T06:32:26.000Z","volume":2000,"label":" ","price":87.1},{"type":"A","date":"2018-05-04T06:32:34.000Z","volume":3000,"label":" ","price":87.4},{"type":"A","date":"2018-05-04T06:32:41.000Z","volume":1000,"label":" ","price":87.4},{"type":"A","date":"2018-05-04T06:34:10.000Z","volume":1000,"label":"Y","price":87.4},{"type":"A","date":"2018-05-04T06:34:10.000Z","volume":1000,"label":" ","price":87.4},{"type":"A","date":"2018-05-04T06:34:13.000Z","volume":1000,"label":"Y","price":87.4},{"type":"A","date":"2018-05-04T06:34:23.000Z","volume":1000,"label":"Y","price":87.4},{"type":"U","date":"2018-05-04T06:35:12.000Z","volume":2000,"label":" ","price":87.3},{"type":"B","date":"2018-05-04T06:35:12.000Z","volume":1000,"label":" ","price":87.3},{"type":"A","date":"2018-05-04T06:35:12.000Z","volume":1000,"label":" ","price":87.4},{"type":"A","date":"2018-05-04T06:35:28.000Z","volume":1000,"label":" ","price":87.3},{"type":"A","date":"2018-05-04T06:35:29.000Z","volume":1000,"label":" ","price":87.3},{"type":"A","date":"2018-05-04T06:35:34.000Z","volume":1000,"label":" ","price":87.4},{"type":"B","date":"2018-05-04T06:35:40.000Z","volume":1000,"label":" ","price":87.2},{"type":"A","date":"2018-05-04T06:36:07.000Z","volume":1000,"label":" ","price":87.4},{"type":"A","date":"2018-05-04T06:36:39.000Z","volume":1000,"label":" ","price":87.4},{"type":"A","date":"2018-05-04T06:36:41.000Z","volume":1000,"label":" ","price":87.4},{"type":"A","date":"2018-05-04T06:36:43.000Z","volume":1000,"label":" ","price":87.4},{"type":"A","date":"2018-05-04T06:37:45.000Z","volume":1000,"label":" ","price":87.4},{"type":"A","date":"2018-05-04T06:37:45.000Z","volume":3000,"label":" ","price":87.4},{"type":"A","date":"2018-05-04T06:37:45.000Z","volume":1000,"label":" ","price":87.45},{"type":"A","date":"2018-05-04T06:37:53.000Z","volume":1000,"label":" ","price":87.7},{"type":"A","date":"2018-05-04T06:38:13.000Z","volume":1000,"label":" ","price":87.75},{"type":"A","date":"2018-05-04T06:38:23.000Z","volume":1000,"label":" ","price":87.75},{"type":"A","date":"2018-05-04T06:39:17.000Z","volume":1000,"label":" ","price":87.75},{"type":"A","date":"2018-05-04T06:39:17.000Z","volume":1000,"label":" ","price":87.75},{"type":"A","date":"2018-05-04T06:39:17.000Z","volume":1000,"label":" ","price":87.75},{"type":"A","date":"2018-05-04T06:40:25.000Z","volume":1000,"label":" ","price":87.7},{"type":"B","date":"2018-05-04T06:40:46.000Z","volume":10000,"label":" ","price":87.5},{"type":"A","date":"2018-05-04T06:40:54.000Z","volume":2000,"label":" ","price":87.7},{"type":"B","date":"2018-05-04T06:40:54.000Z","volume":1000,"label":" ","price":87.5},{"type":"A","date":"2018-05-04T06:41:02.000Z","volume":1000,"label":" ","price":87.7},{"type":"A","date":"2018-05-04T06:41:35.000Z","volume":1000,"label":" ","price":87.7},{"type":"A","date":"2018-05-04T06:41:50.000Z","volume":1000,"label":" ","price":87.7},{"type":"A","date":"2018-05-04T06:42:02.000Z","volume":1000,"label":" ","price":87.7},{"type":"A","date":"2018-05-04T06:42:02.000Z","volume":1000,"label":" ","price":87.7},{"type":"B","date":"2018-05-04T06:42:04.000Z","volume":40000,"label":" ","price":87.5},{"type":"B","date":"2018-05-04T06:42:04.000Z","volume":1000,"label":" ","price":87.4},{"type":"A","date":"2018-05-04T06:42:14.000Z","volume":1000,"label":" ","price":87.7},{"type":"A","date":"2018-05-04T06:42:18.000Z","volume":1000,"label":" ","price":87.7},{"type":"A","date":"2018-05-04T06:42:24.000Z","volume":1000,"label":"Y","price":87.7},{"type":"A","date":"2018-05-04T06:44:23.000Z","volume":1000,"label":" ","price":87.55},{"type":"A","date":"2018-05-04T06:44:25.000Z","volume":1000,"label":" ","price":87.55},{"type":"A","date":"2018-05-04T06:46:22.000Z","volume":1000,"label":" ","price":87.55},{"type":"A","date":"2018-05-04T06:46:22.000Z","volume":1000,"label":" ","price":87.55},{"type":"A","date":"2018-05-04T06:46:26.000Z","volume":1000,"label":" ","price":87.55},{"type":"B","date":"2018-05-04T06:46:44.000Z","volume":5000,"label":" ","price":87.35},{"type":"A","date":"2018-05-04T06:48:42.000Z","volume":1000,"label":" ","price":87.45},{"type":"U","date":"2018-05-04T06:49:00.000Z","volume":1000,"label":" ","price":87.4},{"type":"A","date":"2018-05-04T06:49:00.000Z","volume":1000,"label":" ","price":87.4},{"type":"B","date":"2018-05-04T06:49:05.000Z","volume":2000,"label":" ","price":87.35},{"type":"U","date":"2018-05-04T06:49:05.000Z","volume":1000,"label":" ","price":87.35},{"type":"A","date":"2018-05-04T06:49:28.000Z","volume":1000,"label":" ","price":87.35},{"type":"A","date":"2018-05-04T06:50:25.000Z","volume":1000,"label":" ","price":87.35},{"type":"A","date":"2018-05-04T06:50:26.000Z","volume":1000,"label":" ","price":87.35},{"type":"B","date":"2018-05-04T06:51:51.000Z","volume":5000,"label":" ","price":87.3},{"type":"A","date":"2018-05-04T06:52:27.000Z","volume":1000,"label":" ","price":87.35},{"type":"B","date":"2018-05-04T06:52:32.000Z","volume":1000,"label":" ","price":87.3},{"type":"B","date":"2018-05-04T06:52:32.000Z","volume":3000,"label":" ","price":87.25},{"type":"B","date":"2018-05-04T06:52:32.000Z","volume":1000,"label":" ","price":87.2},{"type":"A","date":"2018-05-04T06:52:32.000Z","volume":1000,"label":" ","price":87.25},{"type":"B","date":"2018-05-04T06:52:32.000Z","volume":1000,"label":" ","price":87.15},{"type":"U","date":"2018-05-04T06:52:32.000Z","volume":1000,"label":" ","price":87.15},{"type":"B","date":"2018-05-04T06:54:14.000Z","volume":1000,"label":" ","price":87.05},{"type":"A","date":"2018-05-04T06:54:30.000Z","volume":1000,"label":" ","price":87.2},{"type":"A","date":"2018-05-04T06:54:33.000Z","volume":1000,"label":" ","price":87.2},{"type":"B","date":"2018-05-04T06:55:46.000Z","volume":2000,"label":" ","price":87.05},{"type":"U","date":"2018-05-04T06:55:46.000Z","volume":1000,"label":" ","price":87.05},{"type":"A","date":"2018-05-04T06:55:49.000Z","volume":1000,"label":" ","price":87.15},{"type":"A","date":"2018-05-04T06:56:28.000Z","volume":1000,"label":" ","price":87.15},{"type":"A","date":"2018-05-04T06:58:28.000Z","volume":1000,"label":" ","price":87.1},{"type":"B","date":"2018-05-04T06:58:30.000Z","volume":2000,"label":" ","price":86.95},{"type":"U","date":"2018-05-04T06:58:30.000Z","volume":1000,"label":" ","price":86.95},{"type":"B","date":"2018-05-04T06:58:30.000Z","volume":1000,"label":" ","price":86.9},{"type":"A","date":"2018-05-04T06:58:33.000Z","volume":1000,"label":"Y","price":87},{"type":"B","date":"2018-05-04T06:58:44.000Z","volume":1000,"label":" ","price":86.9},{"type":"A","date":"2018-05-04T06:59:39.000Z","volume":1000,"label":"Y","price":87},{"type":"B","date":"2018-05-04T07:01:24.000Z","volume":1000,"label":" ","price":86.8},{"type":"A","date":"2018-05-04T07:01:55.000Z","volume":1000,"label":" ","price":86.9},{"type":"A","date":"2018-05-04T07:02:29.000Z","volume":1000,"label":" ","price":86.9},{"type":"A","date":"2018-05-04T07:02:38.000Z","volume":1000,"label":" ","price":86.9},{"type":"A","date":"2018-05-04T07:04:30.000Z","volume":1000,"label":" ","price":86.8},{"type":"A","date":"2018-05-04T07:04:43.000Z","volume":1000,"label":" ","price":86.8},{"type":"B","date":"2018-05-04T07:04:43.000Z","volume":1000,"label":" ","price":86.75},{"type":"B","date":"2018-05-04T07:05:17.000Z","volume":1000,"label":" ","price":86.75},{"type":"B","date":"2018-05-04T07:05:17.000Z","volume":1000,"label":" ","price":86.75},{"type":"B","date":"2018-05-04T07:05:47.000Z","volume":1000,"label":" ","price":86.75},{"type":"B","date":"2018-05-04T07:05:58.000Z","volume":1000,"label":" ","price":86.7},{"type":"A","date":"2018-05-04T07:06:42.000Z","volume":1000,"label":" ","price":86.75},{"type":"B","date":"2018-05-04T07:08:11.000Z","volume":1000,"label":" ","price":86.6},{"type":"A","date":"2018-05-04T07:08:31.000Z","volume":1000,"label":" ","price":86.75},{"type":"A","date":"2018-05-04T07:09:02.000Z","volume":1000,"label":" ","price":86.75},{"type":"A","date":"2018-05-04T07:09:48.000Z","volume":1000,"label":" ","price":86.75},{"type":"A","date":"2018-05-04T07:10:31.000Z","volume":1000,"label":" ","price":86.75},{"type":"A","date":"2018-05-04T07:10:45.000Z","volume":1000,"label":" ","price":86.75},{"type":"B","date":"2018-05-04T07:14:05.000Z","volume":1000,"label":" ","price":86.7},{"type":"A","date":"2018-05-04T07:14:32.000Z","volume":1000,"label":" ","price":86.75},{"type":"A","date":"2018-05-04T07:14:50.000Z","volume":1000,"label":" ","price":86.75},{"type":"A","date":"2018-05-04T07:14:53.000Z","volume":1000,"label":" ","price":86.75},{"type":"A","date":"2018-05-04T07:16:09.000Z","volume":1000,"label":" ","price":86.75},{"type":"A","date":"2018-05-04T07:16:23.000Z","volume":1000,"label":" ","price":86.75},{"type":"A","date":"2018-05-04T07:16:33.000Z","volume":1000,"label":" ","price":86.75},{"type":"B","date":"2018-05-04T07:18:19.000Z","volume":1000,"label":" ","price":86.7},{"type":"B","date":"2018-05-04T07:18:35.000Z","volume":4000,"label":" ","price":86.7},{"type":"B","date":"2018-05-04T07:18:35.000Z","volume":1000,"label":" ","price":86.65},{"type":"B","date":"2018-05-04T07:18:35.000Z","volume":1000,"label":" ","price":86.7},{"type":"A","date":"2018-05-04T07:18:50.000Z","volume":1000,"label":" ","price":86.7},{"type":"B","date":"2018-05-04T07:19:27.000Z","volume":1000,"label":"Y","price":86.6},{"type":"A","date":"2018-05-04T07:19:59.000Z","volume":1000,"label":" ","price":86.7},{"type":"A","date":"2018-05-04T07:20:34.000Z","volume":1000,"label":" ","price":86.7},{"type":"B","date":"2018-05-04T07:21:40.000Z","volume":1000,"label":" ","price":86.6},{"type":"A","date":"2018-05-04T07:22:15.000Z","volume":1000,"label":" ","price":86.7},{"type":"B","date":"2018-05-04T07:22:25.000Z","volume":3000,"label":" ","price":86.6},{"type":"A","date":"2018-05-04T07:22:34.000Z","volume":1000,"label":" ","price":86.7},{"type":"A","date":"2018-05-04T07:22:34.000Z","volume":1000,"label":" ","price":86.7},{"type":"A","date":"2018-05-04T07:22:43.000Z","volume":12000,"label":" ","price":86.7},{"type":"A","date":"2018-05-04T07:22:43.000Z","volume":1000,"label":" ","price":86.7},{"type":"A","date":"2018-05-04T07:22:44.000Z","volume":3000,"label":" ","price":87},{"type":"A","date":"2018-05-04T07:22:54.000Z","volume":1000,"label":" ","price":87},{"type":"A","date":"2018-05-04T07:25:04.000Z","volume":1000,"label":"Y","price":87},{"type":"A","date":"2018-05-04T07:25:04.000Z","volume":1000,"label":" ","price":87},{"type":"A","date":"2018-05-04T07:26:31.000Z","volume":1000,"label":" ","price":86.95},{"type":"A","date":"2018-05-04T07:26:36.000Z","volume":1000,"label":" ","price":86.95},{"type":"B","date":"2018-05-04T07:27:15.000Z","volume":2000,"label":" ","price":86.85},{"type":"B","date":"2018-05-04T07:27:15.000Z","volume":2000,"label":" ","price":86.9},{"type":"B","date":"2018-05-04T07:27:15.000Z","volume":1000,"label":" ","price":86.85},{"type":"B","date":"2018-05-04T07:28:22.000Z","volume":1000,"label":" ","price":86.9},{"type":"B","date":"2018-05-04T07:28:22.000Z","volume":1000,"label":" ","price":86.9},{"type":"B","date":"2018-05-04T07:28:25.000Z","volume":1000,"label":" ","price":86.9},{"type":"B","date":"2018-05-04T07:28:25.000Z","volume":1000,"label":" ","price":86.9},{"type":"A","date":"2018-05-04T07:28:36.000Z","volume":1000,"label":" ","price":86.9},{"type":"B","date":"2018-05-04T07:28:37.000Z","volume":1000,"label":" ","price":86.85},{"type":"A","date":"2018-05-04T07:29:22.000Z","volume":1000,"label":" ","price":86.9},{"type":"B","date":"2018-05-04T07:29:38.000Z","volume":2000,"label":" ","price":86.8},{"type":"B","date":"2018-05-04T07:29:38.000Z","volume":4000,"label":" ","price":86.75},{"type":"B","date":"2018-05-04T07:29:38.000Z","volume":1000,"label":" ","price":86.7},{"type":"B","date":"2018-05-04T07:29:38.000Z","volume":1000,"label":" ","price":86.65},{"type":"U","date":"2018-05-04T07:29:38.000Z","volume":1000,"label":" ","price":86.7},{"type":"U","date":"2018-05-04T07:29:39.000Z","volume":735,"label":"D","price":86.58},{"type":"B","date":"2018-05-04T07:29:44.000Z","volume":1000,"label":" ","price":86.65},{"type":"B","date":"2018-05-04T07:30:01.000Z","volume":1000,"label":" ","price":86.65},{"type":"B","date":"2018-05-04T07:30:05.000Z","volume":3000,"label":" ","price":86.65},{"type":"B","date":"2018-05-04T07:30:05.000Z","volume":1000,"label":" ","price":86.65},{"type":"A","date":"2018-05-04T07:30:08.000Z","volume":1000,"label":"Y","price":86.75},{"type":"B","date":"2018-05-04T07:30:29.000Z","volume":1000,"label":" ","price":86.6},{"type":"A","date":"2018-05-04T07:30:38.000Z","volume":1000,"label":" ","price":86.7},{"type":"A","date":"2018-05-04T07:30:38.000Z","volume":2000,"label":" ","price":86.7},{"type":"A","date":"2018-05-04T07:31:19.000Z","volume":1000,"label":" ","price":86.7},{"type":"A","date":"2018-05-04T07:31:31.000Z","volume":44000,"label":" ","price":86.75},{"type":"B","date":"2018-05-04T07:31:54.000Z","volume":1000,"label":" ","price":86.6},{"type":"A","date":"2018-05-04T07:32:37.000Z","volume":1000,"label":" ","price":86.9},{"type":"A","date":"2018-05-04T07:33:43.000Z","volume":5000,"label":" ","price":86.9},{"type":"A","date":"2018-05-04T07:34:37.000Z","volume":1000,"label":" ","price":86.9},{"type":"A","date":"2018-05-04T07:35:13.000Z","volume":1000,"label":" ","price":86.9},{"type":"A","date":"2018-05-04T07:36:34.000Z","volume":1000,"label":"Y","price":86.9},{"type":"A","date":"2018-05-04T07:36:34.000Z","volume":9000,"label":" ","price":86.9},{"type":"A","date":"2018-05-04T07:38:39.000Z","volume":1000,"label":" ","price":86.95},{"type":"A","date":"2018-05-04T07:39:09.000Z","volume":5000,"label":" ","price":86.95},{"type":"B","date":"2018-05-04T07:39:43.000Z","volume":1000,"label":" ","price":86.65},{"type":"A","date":"2018-05-04T07:40:19.000Z","volume":1000,"label":" ","price":86.9},{"type":"A","date":"2018-05-04T07:40:39.000Z","volume":1000,"label":" ","price":86.9},{"type":"B","date":"2018-05-04T07:42:34.000Z","volume":1000,"label":" ","price":86.75},{"type":"B","date":"2018-05-04T07:42:44.000Z","volume":1000,"label":" ","price":86.75},{"type":"B","date":"2018-05-04T07:42:45.000Z","volume":2000,"label":" ","price":86.75},{"type":"B","date":"2018-05-04T07:43:27.000Z","volume":1000,"label":" ","price":86.75},{"type":"A","date":"2018-05-04T07:44:40.000Z","volume":1000,"label":" ","price":86.9},{"type":"A","date":"2018-05-04T07:45:24.000Z","volume":1000,"label":" ","price":86.9},{"type":"A","date":"2018-05-04T07:45:52.000Z","volume":2000,"label":" ","price":86.8},{"type":"A","date":"2018-05-04T07:46:40.000Z","volume":1000,"label":" ","price":86.8},{"type":"A","date":"2018-05-04T07:46:55.000Z","volume":1000,"label":" ","price":86.75},{"type":"A","date":"2018-05-04T07:46:56.000Z","volume":1000,"label":" ","price":86.75},{"type":"A","date":"2018-05-04T07:46:58.000Z","volume":1000,"label":" ","price":86.75},{"type":"A","date":"2018-05-04T07:47:02.000Z","volume":2000,"label":" ","price":86.75},{"type":"A","date":"2018-05-04T07:47:04.000Z","volume":1000,"label":" ","price":86.75},{"type":"B","date":"2018-05-04T07:47:04.000Z","volume":1000,"label":" ","price":86.75},{"type":"B","date":"2018-05-04T07:47:04.000Z","volume":1000,"label":" ","price":86.7},{"type":"B","date":"2018-05-04T07:47:05.000Z","volume":1000,"label":" ","price":86.7},{"type":"B","date":"2018-05-04T07:47:39.000Z","volume":1000,"label":" ","price":86.75},{"type":"A","date":"2018-05-04T07:47:41.000Z","volume":1000,"label":" ","price":86.8},{"type":"A","date":"2018-05-04T07:48:21.000Z","volume":2000,"label":" ","price":86.8},{"type":"A","date":"2018-05-04T07:50:01.000Z","volume":1000,"label":" ","price":86.85},{"type":"A","date":"2018-05-04T07:50:30.000Z","volume":1000,"label":" ","price":86.85},{"type":"A","date":"2018-05-04T07:50:37.000Z","volume":5000,"label":" ","price":86.85},{"type":"A","date":"2018-05-04T07:51:02.000Z","volume":2000,"label":" ","price":86.9},{"type":"B","date":"2018-05-04T07:51:18.000Z","volume":6000,"label":" ","price":86.75},{"type":"B","date":"2018-05-04T07:51:36.000Z","volume":1000,"label":" ","price":86.75},{"type":"A","date":"2018-05-04T07:52:17.000Z","volume":1000,"label":" ","price":86.95},{"type":"U","date":"2018-05-04T07:53:24.000Z","volume":3000,"label":" ","price":86.8},{"type":"B","date":"2018-05-04T07:53:41.000Z","volume":11000,"label":" ","price":86.8},{"type":"B","date":"2018-05-04T07:53:41.000Z","volume":1000,"label":" ","price":86.75},{"type":"A","date":"2018-05-04T07:54:13.000Z","volume":1000,"label":"Y","price":86.9},{"type":"A","date":"2018-05-04T07:54:13.000Z","volume":21000,"label":" ","price":86.9},{"type":"B","date":"2018-05-04T07:54:14.000Z","volume":10000,"label":" ","price":86.7},{"type":"A","date":"2018-05-04T07:54:30.000Z","volume":10000,"label":" ","price":86.9},{"type":"A","date":"2018-05-04T07:54:30.000Z","volume":1000,"label":" ","price":86.9},{"type":"A","date":"2018-05-04T07:54:30.000Z","volume":9000,"label":" ","price":86.9},{"type":"A","date":"2018-05-04T07:54:55.000Z","volume":1000,"label":"Y","price":86.9},{"type":"B","date":"2018-05-04T07:54:55.000Z","volume":1000,"label":" ","price":86.9},{"type":"B","date":"2018-05-04T07:54:55.000Z","volume":18000,"label":" ","price":86.9},{"type":"A","date":"2018-05-04T07:55:06.000Z","volume":5000,"label":"Y","price":86.9},{"type":"A","date":"2018-05-04T07:55:06.000Z","volume":10000,"label":" ","price":86.9},{"type":"A","date":"2018-05-04T07:55:06.000Z","volume":5000,"label":" ","price":86.95},{"type":"B","date":"2018-05-04T07:55:24.000Z","volume":4000,"label":" ","price":86.7},{"type":"B","date":"2018-05-04T07:55:24.000Z","volume":6000,"label":" ","price":86.65},{"type":"B","date":"2018-05-04T07:55:24.000Z","volume":10000,"label":" ","price":86.6},{"type":"B","date":"2018-05-04T07:55:39.000Z","volume":1000,"label":" ","price":86.75},{"type":"B","date":"2018-05-04T07:56:57.000Z","volume":1000,"label":" ","price":86.9},{"type":"A","date":"2018-05-04T07:57:00.000Z","volume":4000,"label":" ","price":86.95},{"type":"A","date":"2018-05-04T07:57:01.000Z","volume":2000,"label":" ","price":86.95},{"type":"A","date":"2018-05-04T07:57:01.000Z","volume":1000,"label":" ","price":86.95},{"type":"B","date":"2018-05-04T07:57:05.000Z","volume":1000,"label":" ","price":86.9},{"type":"U","date":"2018-05-04T07:57:08.000Z","volume":2000,"label":" ","price":86.95},{"type":"A","date":"2018-05-04T07:57:35.000Z","volume":3000,"label":" ","price":86.9},{"type":"A","date":"2018-05-04T07:57:35.000Z","volume":1000,"label":" ","price":86.9},{"type":"B","date":"2018-05-04T07:57:39.000Z","volume":1000,"label":" ","price":86.85},{"type":"A","date":"2018-05-04T07:58:03.000Z","volume":5000,"label":" ","price":86.85},{"type":"A","date":"2018-05-04T07:58:19.000Z","volume":4000,"label":" ","price":86.9},{"type":"A","date":"2018-05-04T07:58:19.000Z","volume":4000,"label":" ","price":86.95},{"type":"A","date":"2018-05-04T07:58:38.000Z","volume":1000,"label":" ","price":86.95},{"type":"A","date":"2018-05-04T07:58:49.000Z","volume":2000,"label":" ","price":86.95},{"type":"B","date":"2018-05-04T07:58:59.000Z","volume":1000,"label":" ","price":86.9},{"type":"B","date":"2018-05-04T07:58:59.000Z","volume":1000,"label":" ","price":86.9},{"type":"B","date":"2018-05-04T07:59:05.000Z","volume":2000,"label":" ","price":86.9},{"type":"B","date":"2018-05-04T07:59:09.000Z","volume":1000,"label":" ","price":86.9},{"type":"A","date":"2018-05-04T07:59:11.000Z","volume":1000,"label":" ","price":86.95},{"type":"A","date":"2018-05-04T07:59:26.000Z","volume":1000,"label":" ","price":86.95},{"type":"B","date":"2018-05-04T07:59:30.000Z","volume":1000,"label":" ","price":86.9},{"type":"B","date":"2018-05-04T07:59:31.000Z","volume":1000,"label":" ","price":86.9},{"type":"B","date":"2018-05-04T07:59:36.000Z","volume":1000,"label":" ","price":86.9},{"type":"A","date":"2018-05-04T07:59:54.000Z","volume":1000,"label":" ","price":86.95},{"type":"A","date":"2018-05-04T07:59:58.000Z","volume":1000,"label":" ","price":86.95},{"type":"U","date":"2018-05-04T08:08:57.000Z","volume":173000,"label":"U","price":86.9}]