[{"type":"U","date":"2018-04-18T01:20:00.000Z","volume":5000,"label":"U","price":2.75},{"type":"A","date":"2018-04-18T01:30:00.000Z","volume":5000,"label":" ","price":2.75},{"type":"A","date":"2018-04-18T01:32:23.000Z","volume":2500,"label":" ","price":2.75},{"type":"A","date":"2018-04-18T01:32:49.000Z","volume":2500,"label":" ","price":2.75},{"type":"A","date":"2018-04-18T01:33:25.000Z","volume":2500,"label":" ","price":2.75},{"type":"A","date":"2018-04-18T01:34:01.000Z","volume":2500,"label":" ","price":2.75},{"type":"A","date":"2018-04-18T01:39:22.000Z","volume":2500,"label":" ","price":2.75},{"type":"A","date":"2018-04-18T01:44:09.000Z","volume":2500,"label":" ","price":2.75},{"type":"A","date":"2018-04-18T01:49:14.000Z","volume":2500,"label":" ","price":2.75},{"type":"A","date":"2018-04-18T01:55:08.000Z","volume":2500,"label":" ","price":2.75},{"type":"A","date":"2018-04-18T02:01:12.000Z","volume":2500,"label":" ","price":2.75},{"type":"B","date":"2018-04-18T02:01:17.000Z","volume":2500,"label":" ","price":2.74},{"type":"A","date":"2018-04-18T02:07:07.000Z","volume":2500,"label":" ","price":2.74},{"type":"A","date":"2018-04-18T02:14:13.000Z","volume":2500,"label":" ","price":2.74},{"type":"A","date":"2018-04-18T02:22:10.000Z","volume":2500,"label":" ","price":2.74},{"type":"A","date":"2018-04-18T02:30:11.000Z","volume":2500,"label":" ","price":2.74},{"type":"A","date":"2018-04-18T02:37:11.000Z","volume":2500,"label":" ","price":2.74},{"type":"A","date":"2018-04-18T02:46:12.000Z","volume":2500,"label":" ","price":2.74},{"type":"B","date":"2018-04-18T02:51:30.000Z","volume":2500,"label":"Y","price":2.73},{"type":"B","date":"2018-04-18T02:51:30.000Z","volume":2500,"label":" ","price":2.73},{"type":"B","date":"2018-04-18T02:52:26.000Z","volume":10000,"label":" ","price":2.72},{"type":"A","date":"2018-04-18T02:56:51.000Z","volume":2500,"label":" ","price":2.73},{"type":"B","date":"2018-04-18T02:57:02.000Z","volume":2500,"label":" ","price":2.72},{"type":"B","date":"2018-04-18T02:57:36.000Z","volume":5000,"label":" ","price":2.72},{"type":"A","date":"2018-04-18T03:03:13.000Z","volume":2500,"label":" ","price":2.73},{"type":"B","date":"2018-04-18T03:03:26.000Z","volume":2500,"label":" ","price":2.72},{"type":"A","date":"2018-04-18T03:10:23.000Z","volume":2500,"label":" ","price":2.73},{"type":"A","date":"2018-04-18T03:19:11.000Z","volume":2500,"label":" ","price":2.73},{"type":"A","date":"2018-04-18T03:27:10.000Z","volume":2500,"label":" ","price":2.73},{"type":"A","date":"2018-04-18T03:36:14.000Z","volume":2500,"label":" ","price":2.73},{"type":"A","date":"2018-04-18T03:43:08.000Z","volume":2500,"label":" ","price":2.73},{"type":"A","date":"2018-04-18T03:52:10.000Z","volume":2500,"label":" ","price":2.73},{"type":"A","date":"2018-04-18T05:01:13.000Z","volume":2500,"label":" ","price":2.73},{"type":"A","date":"2018-04-18T05:07:09.000Z","volume":2500,"label":" ","price":2.73},{"type":"A","date":"2018-04-18T05:14:08.000Z","volume":2500,"label":" ","price":2.73},{"type":"B","date":"2018-04-18T05:14:17.000Z","volume":2500,"label":" ","price":2.72},{"type":"A","date":"2018-04-18T05:20:19.000Z","volume":2500,"label":"Y","price":2.73},{"type":"A","date":"2018-04-18T05:20:41.000Z","volume":2500,"label":" ","price":2.73},{"type":"A","date":"2018-04-18T05:31:07.000Z","volume":2500,"label":" ","price":2.73},{"type":"A","date":"2018-04-18T05:40:12.000Z","volume":2500,"label":" ","price":2.73},{"type":"B","date":"2018-04-18T05:40:13.000Z","volume":2500,"label":" ","price":2.72},{"type":"A","date":"2018-04-18T05:48:16.000Z","volume":2500,"label":" ","price":2.73},{"type":"A","date":"2018-04-18T05:57:13.000Z","volume":2500,"label":" ","price":2.73},{"type":"B","date":"2018-04-18T06:01:07.000Z","volume":10000,"label":" ","price":2.72},{"type":"A","date":"2018-04-18T06:05:16.000Z","volume":2500,"label":" ","price":2.73},{"type":"A","date":"2018-04-18T06:13:09.000Z","volume":2500,"label":" ","price":2.73},{"type":"B","date":"2018-04-18T06:13:17.000Z","volume":2500,"label":" ","price":2.72},{"type":"A","date":"2018-04-18T06:20:32.000Z","volume":2500,"label":" ","price":2.73},{"type":"A","date":"2018-04-18T06:28:13.000Z","volume":2500,"label":" ","price":2.73},{"type":"A","date":"2018-04-18T06:37:09.000Z","volume":2500,"label":" ","price":2.73},{"type":"A","date":"2018-04-18T06:46:10.000Z","volume":2500,"label":" ","price":2.73},{"type":"A","date":"2018-04-18T06:55:29.000Z","volume":2500,"label":" ","price":2.74},{"type":"B","date":"2018-04-18T07:04:06.000Z","volume":2500,"label":" ","price":2.73},{"type":"A","date":"2018-04-18T07:12:10.000Z","volume":2500,"label":" ","price":2.74},{"type":"A","date":"2018-04-18T07:20:14.000Z","volume":2500,"label":" ","price":2.75},{"type":"B","date":"2018-04-18T07:20:23.000Z","volume":2500,"label":" ","price":2.72},{"type":"A","date":"2018-04-18T07:28:07.000Z","volume":2500,"label":" ","price":2.75},{"type":"A","date":"2018-04-18T07:34:19.000Z","volume":7500,"label":" ","price":2.73},{"type":"A","date":"2018-04-18T07:34:24.000Z","volume":2500,"label":" ","price":2.73},{"type":"A","date":"2018-04-18T07:43:07.000Z","volume":2500,"label":" ","price":2.75},{"type":"B","date":"2018-04-18T07:43:08.000Z","volume":2500,"label":" ","price":2.72},{"type":"A","date":"2018-04-18T07:50:09.000Z","volume":2500,"label":" ","price":2.74},{"type":"A","date":"2018-04-18T07:55:08.000Z","volume":2500,"label":" ","price":2.74},{"type":"A","date":"2018-04-18T07:58:06.000Z","volume":2500,"label":" ","price":2.75}]