[{"type":"B","date":"2018-04-24T01:40:25.000Z","volume":50000,"label":" ","price":1.23},{"type":"B","date":"2018-04-24T01:47:25.000Z","volume":24000,"label":" ","price":1.23},{"type":"A","date":"2018-04-24T02:27:07.000Z","volume":34000,"label":" ","price":1.24},{"type":"A","date":"2018-04-24T02:27:07.000Z","volume":50000,"label":" ","price":1.25},{"type":"A","date":"2018-04-24T02:27:07.000Z","volume":10000,"label":"Y","price":1.26},{"type":"A","date":"2018-04-24T02:27:07.000Z","volume":2000,"label":" ","price":1.27},{"type":"A","date":"2018-04-24T02:27:07.000Z","volume":50000,"label":" ","price":1.28},{"type":"A","date":"2018-04-24T02:27:24.000Z","volume":22000,"label":" ","price":1.28},{"type":"A","date":"2018-04-24T02:27:24.000Z","volume":18000,"label":" ","price":1.29},{"type":"A","date":"2018-04-24T02:27:24.000Z","volume":216000,"label":" ","price":1.3},{"type":"B","date":"2018-04-24T02:41:14.000Z","volume":10000,"label":" ","price":1.26},{"type":"B","date":"2018-04-24T02:41:20.000Z","volume":4000,"label":" ","price":1.26},{"type":"B","date":"2018-04-24T02:42:18.000Z","volume":2000,"label":" ","price":1.25},{"type":"B","date":"2018-04-24T02:43:04.000Z","volume":2000,"label":" ","price":1.25},{"type":"B","date":"2018-04-24T02:44:41.000Z","volume":2000,"label":" ","price":1.25},{"type":"B","date":"2018-04-24T03:26:16.000Z","volume":100000,"label":" ","price":1.25},{"type":"U","date":"2018-04-24T03:46:09.000Z","volume":100,"label":"D","price":1.184},{"type":"B","date":"2018-04-24T03:55:15.000Z","volume":114000,"label":" ","price":1.24},{"type":"B","date":"2018-04-24T05:18:59.000Z","volume":2000,"label":" ","price":1.24},{"type":"B","date":"2018-04-24T05:21:06.000Z","volume":2000,"label":" ","price":1.24},{"type":"A","date":"2018-04-24T05:47:00.000Z","volume":20000,"label":" ","price":1.25},{"type":"A","date":"2018-04-24T06:36:45.000Z","volume":20000,"label":" ","price":1.25},{"type":"B","date":"2018-04-24T07:15:45.000Z","volume":50000,"label":" ","price":1.24},{"type":"B","date":"2018-04-24T07:27:08.000Z","volume":2000,"label":" ","price":1.24}]