[{"type":"U","date":"2018-03-22T01:20:00.000Z","volume":5000,"label":"U","price":2.98},{"type":"B","date":"2018-03-22T01:30:00.000Z","volume":10000,"label":" ","price":2.96},{"type":"A","date":"2018-03-22T01:30:03.000Z","volume":5000,"label":" ","price":2.98},{"type":"B","date":"2018-03-22T01:30:51.000Z","volume":7500,"label":" ","price":2.97},{"type":"B","date":"2018-03-22T01:30:53.000Z","volume":2500,"label":" ","price":2.96},{"type":"B","date":"2018-03-22T01:36:02.000Z","volume":2500,"label":" ","price":2.96},{"type":"A","date":"2018-03-22T01:39:53.000Z","volume":2500,"label":" ","price":2.97},{"type":"B","date":"2018-03-22T01:52:03.000Z","volume":2500,"label":" ","price":2.95},{"type":"A","date":"2018-03-22T02:12:48.000Z","volume":2500,"label":" ","price":2.97},{"type":"B","date":"2018-03-22T02:23:26.000Z","volume":7500,"label":" ","price":2.95},{"type":"B","date":"2018-03-22T02:24:55.000Z","volume":10000,"label":" ","price":2.94},{"type":"A","date":"2018-03-22T02:26:07.000Z","volume":2500,"label":" ","price":2.94},{"type":"B","date":"2018-03-22T02:39:16.000Z","volume":15000,"label":" ","price":2.93},{"type":"A","date":"2018-03-22T02:39:18.000Z","volume":2500,"label":" ","price":2.93},{"type":"B","date":"2018-03-22T02:42:04.000Z","volume":2500,"label":" ","price":2.92},{"type":"B","date":"2018-03-22T02:57:05.000Z","volume":2500,"label":" ","price":2.92},{"type":"B","date":"2018-03-22T03:04:56.000Z","volume":5000,"label":" ","price":2.92},{"type":"B","date":"2018-03-22T03:06:35.000Z","volume":2500,"label":" ","price":2.91},{"type":"A","date":"2018-03-22T03:08:31.000Z","volume":2500,"label":" ","price":2.92},{"type":"A","date":"2018-03-22T03:13:47.000Z","volume":5000,"label":" ","price":2.92},{"type":"B","date":"2018-03-22T03:13:47.000Z","volume":2500,"label":" ","price":2.91},{"type":"B","date":"2018-03-22T03:16:16.000Z","volume":5000,"label":" ","price":2.91},{"type":"B","date":"2018-03-22T03:16:25.000Z","volume":7500,"label":" ","price":2.9},{"type":"A","date":"2018-03-22T03:18:33.000Z","volume":2500,"label":" ","price":2.9},{"type":"B","date":"2018-03-22T03:20:05.000Z","volume":2500,"label":" ","price":2.89},{"type":"B","date":"2018-03-22T03:20:07.000Z","volume":5000,"label":" ","price":2.89},{"type":"B","date":"2018-03-22T03:21:05.000Z","volume":2500,"label":" ","price":2.89},{"type":"A","date":"2018-03-22T03:25:46.000Z","volume":2500,"label":" ","price":2.9},{"type":"A","date":"2018-03-22T03:28:11.000Z","volume":10000,"label":" ","price":2.9},{"type":"A","date":"2018-03-22T03:39:56.000Z","volume":2500,"label":" ","price":2.9},{"type":"B","date":"2018-03-22T03:43:36.000Z","volume":2500,"label":" ","price":2.89},{"type":"A","date":"2018-03-22T03:44:16.000Z","volume":2500,"label":" ","price":2.9},{"type":"A","date":"2018-03-22T03:52:49.000Z","volume":2500,"label":" ","price":2.9},{"type":"A","date":"2018-03-22T05:04:10.000Z","volume":10000,"label":"Y","price":2.9},{"type":"A","date":"2018-03-22T05:04:10.000Z","volume":40000,"label":" ","price":2.9},{"type":"B","date":"2018-03-22T05:05:06.000Z","volume":5000,"label":" ","price":2.89},{"type":"A","date":"2018-03-22T05:05:41.000Z","volume":2500,"label":" ","price":2.9},{"type":"B","date":"2018-03-22T05:08:38.000Z","volume":2500,"label":" ","price":2.89},{"type":"B","date":"2018-03-22T05:14:38.000Z","volume":5000,"label":" ","price":2.89},{"type":"B","date":"2018-03-22T05:22:09.000Z","volume":2500,"label":" ","price":2.89},{"type":"A","date":"2018-03-22T05:35:36.000Z","volume":2500,"label":" ","price":2.9},{"type":"B","date":"2018-03-22T05:35:40.000Z","volume":2500,"label":" ","price":2.89},{"type":"A","date":"2018-03-22T05:53:47.000Z","volume":2500,"label":" ","price":2.9},{"type":"A","date":"2018-03-22T06:02:59.000Z","volume":20000,"label":" ","price":2.9},{"type":"B","date":"2018-03-22T06:03:11.000Z","volume":2500,"label":" ","price":2.88},{"type":"B","date":"2018-03-22T06:09:54.000Z","volume":7500,"label":" ","price":2.88},{"type":"B","date":"2018-03-22T06:10:11.000Z","volume":2500,"label":" ","price":2.87},{"type":"A","date":"2018-03-22T06:18:43.000Z","volume":2500,"label":" ","price":2.88},{"type":"A","date":"2018-03-22T06:21:53.000Z","volume":2500,"label":" ","price":2.88},{"type":"A","date":"2018-03-22T06:30:48.000Z","volume":2500,"label":" ","price":2.88},{"type":"A","date":"2018-03-22T06:40:31.000Z","volume":2500,"label":" ","price":2.88},{"type":"B","date":"2018-03-22T06:43:42.000Z","volume":2500,"label":" ","price":2.87},{"type":"A","date":"2018-03-22T06:55:38.000Z","volume":2500,"label":" ","price":2.88},{"type":"A","date":"2018-03-22T06:58:26.000Z","volume":2500,"label":" ","price":2.88},{"type":"B","date":"2018-03-22T06:58:27.000Z","volume":2500,"label":" ","price":2.87},{"type":"A","date":"2018-03-22T07:10:06.000Z","volume":2500,"label":" ","price":2.88},{"type":"A","date":"2018-03-22T07:28:00.000Z","volume":2500,"label":" ","price":2.88},{"type":"A","date":"2018-03-22T07:47:50.000Z","volume":2500,"label":" ","price":2.88},{"type":"B","date":"2018-03-22T07:48:14.000Z","volume":2500,"label":" ","price":2.87},{"type":"A","date":"2018-03-22T07:57:13.000Z","volume":2500,"label":" ","price":2.88}]