[{"type":"U","date":"2018-04-11T01:20:00.000Z","volume":78000,"label":"U","price":9.62},{"type":"A","date":"2018-04-11T01:30:03.000Z","volume":2000,"label":"Y","price":9.62},{"type":"A","date":"2018-04-11T01:30:03.000Z","volume":39000,"label":" ","price":9.62},{"type":"A","date":"2018-04-11T01:30:03.000Z","volume":16000,"label":" ","price":9.62},{"type":"A","date":"2018-04-11T01:30:03.000Z","volume":6000,"label":" ","price":9.63},{"type":"A","date":"2018-04-11T01:30:03.000Z","volume":4000,"label":" ","price":9.63},{"type":"A","date":"2018-04-11T01:30:03.000Z","volume":4000,"label":" ","price":9.63},{"type":"A","date":"2018-04-11T01:30:03.000Z","volume":1000,"label":" ","price":9.64},{"type":"B","date":"2018-04-11T01:30:03.000Z","volume":4000,"label":" ","price":9.64},{"type":"B","date":"2018-04-11T01:30:03.000Z","volume":2000,"label":" ","price":9.64},{"type":"A","date":"2018-04-11T01:30:04.000Z","volume":3000,"label":" ","price":9.67},{"type":"B","date":"2018-04-11T01:30:04.000Z","volume":1000,"label":" ","price":9.67},{"type":"B","date":"2018-04-11T01:30:05.000Z","volume":1000,"label":" ","price":9.67},{"type":"B","date":"2018-04-11T01:30:05.000Z","volume":1000,"label":" ","price":9.67},{"type":"B","date":"2018-04-11T01:30:05.000Z","volume":1000,"label":" ","price":9.67},{"type":"B","date":"2018-04-11T01:30:05.000Z","volume":1000,"label":" ","price":9.67},{"type":"B","date":"2018-04-11T01:30:05.000Z","volume":1000,"label":" ","price":9.67},{"type":"B","date":"2018-04-11T01:30:06.000Z","volume":14000,"label":" ","price":9.67},{"type":"B","date":"2018-04-11T01:30:06.000Z","volume":1000,"label":" ","price":9.67},{"type":"B","date":"2018-04-11T01:30:06.000Z","volume":1000,"label":" ","price":9.67},{"type":"B","date":"2018-04-11T01:30:06.000Z","volume":4000,"label":" ","price":9.67},{"type":"B","date":"2018-04-11T01:30:07.000Z","volume":1000,"label":" ","price":9.67},{"type":"B","date":"2018-04-11T01:30:07.000Z","volume":1000,"label":" ","price":9.67},{"type":"B","date":"2018-04-11T01:30:07.000Z","volume":1000,"label":" ","price":9.67},{"type":"B","date":"2018-04-11T01:30:07.000Z","volume":1000,"label":" ","price":9.67},{"type":"B","date":"2018-04-11T01:30:07.000Z","volume":1000,"label":" ","price":9.67},{"type":"B","date":"2018-04-11T01:30:07.000Z","volume":8000,"label":" ","price":9.67},{"type":"B","date":"2018-04-11T01:30:07.000Z","volume":9000,"label":" ","price":9.67},{"type":"B","date":"2018-04-11T01:30:08.000Z","volume":8000,"label":" ","price":9.67},{"type":"A","date":"2018-04-11T01:30:08.000Z","volume":1000,"label":"Y","price":9.69},{"type":"A","date":"2018-04-11T01:30:08.000Z","volume":11000,"label":" ","price":9.69},{"type":"B","date":"2018-04-11T01:30:09.000Z","volume":3000,"label":" ","price":9.67},{"type":"B","date":"2018-04-11T01:30:09.000Z","volume":3000,"label":" ","price":9.67},{"type":"B","date":"2018-04-11T01:30:09.000Z","volume":3000,"label":" ","price":9.67},{"type":"B","date":"2018-04-11T01:30:09.000Z","volume":2000,"label":" ","price":9.67},{"type":"B","date":"2018-04-11T01:30:10.000Z","volume":1000,"label":" ","price":9.67},{"type":"U","date":"2018-04-11T01:30:10.000Z","volume":4000,"label":"X","price":9.68},{"type":"A","date":"2018-04-11T01:30:10.000Z","volume":7000,"label":" ","price":9.69},{"type":"B","date":"2018-04-11T01:30:10.000Z","volume":2000,"label":" ","price":9.67},{"type":"B","date":"2018-04-11T01:30:11.000Z","volume":5000,"label":" ","price":9.67},{"type":"B","date":"2018-04-11T01:30:12.000Z","volume":2000,"label":" ","price":9.67},{"type":"B","date":"2018-04-11T01:30:17.000Z","volume":12000,"label":" ","price":9.67},{"type":"B","date":"2018-04-11T01:30:17.000Z","volume":1000,"label":" ","price":9.67},{"type":"B","date":"2018-04-11T01:30:18.000Z","volume":3000,"label":" ","price":9.67},{"type":"B","date":"2018-04-11T01:30:18.000Z","volume":1000,"label":" ","price":9.67},{"type":"B","date":"2018-04-11T01:30:18.000Z","volume":9000,"label":" ","price":9.67},{"type":"A","date":"2018-04-11T01:30:19.000Z","volume":3000,"label":" ","price":9.69},{"type":"A","date":"2018-04-11T01:30:24.000Z","volume":1000,"label":"Y","price":9.68},{"type":"A","date":"2018-04-11T01:30:24.000Z","volume":6000,"label":" ","price":9.68},{"type":"B","date":"2018-04-11T01:30:25.000Z","volume":3000,"label":" ","price":9.66},{"type":"B","date":"2018-04-11T01:30:27.000Z","volume":3000,"label":"Y","price":9.66},{"type":"B","date":"2018-04-11T01:30:27.000Z","volume":19000,"label":" ","price":9.66},{"type":"B","date":"2018-04-11T01:30:27.000Z","volume":3000,"label":"Y","price":9.65},{"type":"B","date":"2018-04-11T01:30:27.000Z","volume":1000,"label":" ","price":9.65},{"type":"B","date":"2018-04-11T01:30:27.000Z","volume":7000,"label":" ","price":9.64},{"type":"B","date":"2018-04-11T01:30:27.000Z","volume":19000,"label":" ","price":9.63},{"type":"U","date":"2018-04-11T01:30:27.000Z","volume":1000,"label":" ","price":9.63},{"type":"B","date":"2018-04-11T01:30:28.000Z","volume":1000,"label":" ","price":9.63},{"type":"A","date":"2018-04-11T01:30:28.000Z","volume":5000,"label":" ","price":9.64},{"type":"B","date":"2018-04-11T01:30:28.000Z","volume":2000,"label":" ","price":9.63},{"type":"B","date":"2018-04-11T01:30:28.000Z","volume":2000,"label":" ","price":9.63},{"type":"B","date":"2018-04-11T01:30:28.000Z","volume":12000,"label":" ","price":9.62},{"type":"B","date":"2018-04-11T01:30:28.000Z","volume":14000,"label":" ","price":9.61},{"type":"B","date":"2018-04-11T01:30:28.000Z","volume":4000,"label":" ","price":9.6},{"type":"U","date":"2018-04-11T01:30:28.000Z","volume":5000,"label":" ","price":9.63},{"type":"B","date":"2018-04-11T01:30:28.000Z","volume":6000,"label":" ","price":9.62},{"type":"A","date":"2018-04-11T01:30:29.000Z","volume":7000,"label":" ","price":9.63},{"type":"A","date":"2018-04-11T01:30:29.000Z","volume":3000,"label":" ","price":9.63},{"type":"A","date":"2018-04-11T01:30:30.000Z","volume":6000,"label":" ","price":9.61},{"type":"B","date":"2018-04-11T01:30:30.000Z","volume":2000,"label":" ","price":9.59},{"type":"A","date":"2018-04-11T01:30:30.000Z","volume":7000,"label":" ","price":9.61},{"type":"A","date":"2018-04-11T01:30:30.000Z","volume":1000,"label":" ","price":9.61},{"type":"A","date":"2018-04-11T01:30:31.000Z","volume":10000,"label":" ","price":9.62},{"type":"A","date":"2018-04-11T01:30:31.000Z","volume":2000,"label":" ","price":9.62},{"type":"A","date":"2018-04-11T01:30:34.000Z","volume":1000,"label":"Y","price":9.61},{"type":"A","date":"2018-04-11T01:30:34.000Z","volume":1000,"label":" ","price":9.61},{"type":"A","date":"2018-04-11T01:30:35.000Z","volume":10000,"label":" ","price":9.61},{"type":"A","date":"2018-04-11T01:30:35.000Z","volume":1000,"label":" ","price":9.61},{"type":"A","date":"2018-04-11T01:30:35.000Z","volume":11000,"label":"Y","price":9.61},{"type":"A","date":"2018-04-11T01:30:35.000Z","volume":2000,"label":" ","price":9.61},{"type":"A","date":"2018-04-11T01:30:35.000Z","volume":4000,"label":" ","price":9.61},{"type":"A","date":"2018-04-11T01:30:35.000Z","volume":1000,"label":" ","price":9.61},{"type":"B","date":"2018-04-11T01:30:36.000Z","volume":9000,"label":" ","price":9.6},{"type":"A","date":"2018-04-11T01:30:36.000Z","volume":1000,"label":" ","price":9.61},{"type":"A","date":"2018-04-11T01:30:38.000Z","volume":1000,"label":" ","price":9.61},{"type":"U","date":"2018-04-11T01:30:39.000Z","volume":1000,"label":"X","price":9.6},{"type":"U","date":"2018-04-11T01:30:39.000Z","volume":3000,"label":"X","price":9.6},{"type":"B","date":"2018-04-11T01:30:40.000Z","volume":2000,"label":" ","price":9.59},{"type":"B","date":"2018-04-11T01:30:40.000Z","volume":23000,"label":" ","price":9.59},{"type":"A","date":"2018-04-11T01:30:40.000Z","volume":1000,"label":"Y","price":9.6},{"type":"B","date":"2018-04-11T01:30:41.000Z","volume":12000,"label":" ","price":9.59},{"type":"A","date":"2018-04-11T01:30:41.000Z","volume":2000,"label":"Y","price":9.6},{"type":"A","date":"2018-04-11T01:30:41.000Z","volume":1000,"label":" ","price":9.6},{"type":"A","date":"2018-04-11T01:30:44.000Z","volume":6000,"label":" ","price":9.6},{"type":"A","date":"2018-04-11T01:30:44.000Z","volume":1000,"label":"Y","price":9.6},{"type":"A","date":"2018-04-11T01:30:44.000Z","volume":5000,"label":" ","price":9.6},{"type":"A","date":"2018-04-11T01:30:44.000Z","volume":3000,"label":" ","price":9.6},{"type":"A","date":"2018-04-11T01:30:45.000Z","volume":1000,"label":" ","price":9.6},{"type":"A","date":"2018-04-11T01:30:45.000Z","volume":6000,"label":" ","price":9.6},{"type":"A","date":"2018-04-11T01:30:45.000Z","volume":1000,"label":" ","price":9.6},{"type":"B","date":"2018-04-11T01:30:51.000Z","volume":27000,"label":" ","price":9.59},{"type":"B","date":"2018-04-11T01:30:51.000Z","volume":4000,"label":"Y","price":9.59},{"type":"B","date":"2018-04-11T01:30:51.000Z","volume":2000,"label":" ","price":9.59},{"type":"A","date":"2018-04-11T01:30:51.000Z","volume":1000,"label":"Y","price":9.6},{"type":"B","date":"2018-04-11T01:30:52.000Z","volume":9000,"label":" ","price":9.59},{"type":"B","date":"2018-04-11T01:30:53.000Z","volume":13000,"label":" ","price":9.59},{"type":"B","date":"2018-04-11T01:30:55.000Z","volume":18000,"label":" ","price":9.59},{"type":"A","date":"2018-04-11T01:30:55.000Z","volume":4000,"label":" ","price":9.6},{"type":"B","date":"2018-04-11T01:30:56.000Z","volume":15000,"label":" ","price":9.59},{"type":"U","date":"2018-04-11T01:30:56.000Z","volume":4000,"label":"X","price":9.59},{"type":"A","date":"2018-04-11T01:30:56.000Z","volume":3000,"label":"Y","price":9.6},{"type":"B","date":"2018-04-11T01:30:57.000Z","volume":11000,"label":" ","price":9.59},{"type":"A","date":"2018-04-11T01:30:57.000Z","volume":3000,"label":"Y","price":9.6},{"type":"B","date":"2018-04-11T01:30:58.000Z","volume":5000,"label":" ","price":9.59},{"type":"A","date":"2018-04-11T01:30:59.000Z","volume":2000,"label":"Y","price":9.6},{"type":"A","date":"2018-04-11T01:30:59.000Z","volume":2000,"label":" ","price":9.6},{"type":"A","date":"2018-04-11T01:30:59.000Z","volume":97000,"label":" ","price":9.6},{"type":"A","date":"2018-04-11T01:30:59.000Z","volume":3000,"label":" ","price":9.61},{"type":"A","date":"2018-04-11T01:30:59.000Z","volume":3000,"label":" ","price":9.61},{"type":"A","date":"2018-04-11T01:30:59.000Z","volume":6000,"label":" ","price":9.61},{"type":"B","date":"2018-04-11T01:30:59.000Z","volume":6000,"label":" ","price":9.6},{"type":"A","date":"2018-04-11T01:31:09.000Z","volume":1000,"label":" ","price":9.63},{"type":"A","date":"2018-04-11T01:31:09.000Z","volume":7000,"label":" ","price":9.62},{"type":"A","date":"2018-04-11T01:31:09.000Z","volume":6000,"label":" ","price":9.63},{"type":"A","date":"2018-04-11T01:31:10.000Z","volume":2000,"label":"Y","price":9.64},{"type":"A","date":"2018-04-11T01:31:10.000Z","volume":1000,"label":" ","price":9.64},{"type":"U","date":"2018-04-11T01:31:23.000Z","volume":5000,"label":"X","price":9.625},{"type":"A","date":"2018-04-11T01:31:28.000Z","volume":9000,"label":" ","price":9.64},{"type":"U","date":"2018-04-11T01:31:35.000Z","volume":4000,"label":"X","price":9.62},{"type":"U","date":"2018-04-11T01:31:35.000Z","volume":1000,"label":"X","price":9.64},{"type":"A","date":"2018-04-11T01:31:58.000Z","volume":42000,"label":" ","price":9.63},{"type":"U","date":"2018-04-11T01:32:05.000Z","volume":1000,"label":"X","price":9.62},{"type":"A","date":"2018-04-11T01:32:34.000Z","volume":10000,"label":" ","price":9.64},{"type":"A","date":"2018-04-11T01:33:00.000Z","volume":30000,"label":" ","price":9.64},{"type":"A","date":"2018-04-11T01:33:00.000Z","volume":7000,"label":" ","price":9.64},{"type":"A","date":"2018-04-11T01:33:02.000Z","volume":4000,"label":" ","price":9.65},{"type":"A","date":"2018-04-11T01:33:03.000Z","volume":15000,"label":" ","price":9.65},{"type":"A","date":"2018-04-11T01:33:03.000Z","volume":4000,"label":" ","price":9.66},{"type":"A","date":"2018-04-11T01:33:03.000Z","volume":5000,"label":" ","price":9.65},{"type":"U","date":"2018-04-11T01:33:08.000Z","volume":5000,"label":"X","price":9.645},{"type":"U","date":"2018-04-11T01:33:08.000Z","volume":3000,"label":" ","price":9.65},{"type":"U","date":"2018-04-11T01:33:35.000Z","volume":1000,"label":"X","price":9.64},{"type":"A","date":"2018-04-11T01:33:39.000Z","volume":6000,"label":" ","price":9.65},{"type":"B","date":"2018-04-11T01:33:50.000Z","volume":3000,"label":"Y","price":9.63},{"type":"B","date":"2018-04-11T01:33:50.000Z","volume":27000,"label":" ","price":9.63},{"type":"B","date":"2018-04-11T01:33:50.000Z","volume":45000,"label":" ","price":9.63},{"type":"B","date":"2018-04-11T01:33:50.000Z","volume":1000,"label":" ","price":9.63},{"type":"U","date":"2018-04-11T01:33:58.000Z","volume":4000,"label":"X","price":9.64},{"type":"B","date":"2018-04-11T01:34:16.000Z","volume":57000,"label":" ","price":9.63},{"type":"B","date":"2018-04-11T01:34:16.000Z","volume":1000,"label":" ","price":9.63},{"type":"A","date":"2018-04-11T01:34:17.000Z","volume":5000,"label":" ","price":9.65},{"type":"B","date":"2018-04-11T01:34:28.000Z","volume":5000,"label":" ","price":9.63},{"type":"U","date":"2018-04-11T01:34:35.000Z","volume":6000,"label":"X","price":9.63},{"type":"A","date":"2018-04-11T01:34:57.000Z","volume":3000,"label":" ","price":9.65},{"type":"B","date":"2018-04-11T01:35:35.000Z","volume":50000,"label":" ","price":9.63},{"type":"B","date":"2018-04-11T01:35:36.000Z","volume":1000,"label":" ","price":9.63},{"type":"B","date":"2018-04-11T01:35:37.000Z","volume":4000,"label":" ","price":9.63},{"type":"B","date":"2018-04-11T01:35:37.000Z","volume":1000,"label":" ","price":9.63},{"type":"A","date":"2018-04-11T01:35:44.000Z","volume":9000,"label":" ","price":9.65},{"type":"A","date":"2018-04-11T01:36:22.000Z","volume":3000,"label":" ","price":9.64},{"type":"U","date":"2018-04-11T01:36:23.000Z","volume":6000,"label":"X","price":9.635},{"type":"B","date":"2018-04-11T01:36:23.000Z","volume":1000,"label":" ","price":9.63},{"type":"B","date":"2018-04-11T01:36:29.000Z","volume":18000,"label":" ","price":9.63},{"type":"B","date":"2018-04-11T01:36:30.000Z","volume":1000,"label":" ","price":9.63},{"type":"B","date":"2018-04-11T01:37:05.000Z","volume":39000,"label":" ","price":9.63},{"type":"B","date":"2018-04-11T01:37:05.000Z","volume":20000,"label":" ","price":9.63},{"type":"U","date":"2018-04-11T01:37:10.000Z","volume":3000,"label":"X","price":9.63},{"type":"B","date":"2018-04-11T01:37:25.000Z","volume":1000,"label":" ","price":9.62},{"type":"U","date":"2018-04-11T01:37:35.000Z","volume":1000,"label":"X","price":9.63},{"type":"U","date":"2018-04-11T01:37:35.000Z","volume":3000,"label":"X","price":9.63},{"type":"U","date":"2018-04-11T01:37:37.000Z","volume":2000,"label":"X","price":9.63},{"type":"B","date":"2018-04-11T01:37:40.000Z","volume":1000,"label":" ","price":9.62},{"type":"B","date":"2018-04-11T01:37:43.000Z","volume":4000,"label":" ","price":9.62},{"type":"A","date":"2018-04-11T01:37:55.000Z","volume":2000,"label":" ","price":9.64},{"type":"B","date":"2018-04-11T01:38:21.000Z","volume":2000,"label":"Y","price":9.62},{"type":"B","date":"2018-04-11T01:38:35.000Z","volume":1000,"label":" ","price":9.62},{"type":"B","date":"2018-04-11T01:38:43.000Z","volume":4000,"label":" ","price":9.62},{"type":"U","date":"2018-04-11T01:38:43.000Z","volume":2000,"label":" ","price":9.63},{"type":"B","date":"2018-04-11T01:38:45.000Z","volume":3000,"label":" ","price":9.62},{"type":"B","date":"2018-04-11T01:39:00.000Z","volume":48000,"label":" ","price":9.62},{"type":"B","date":"2018-04-11T01:39:00.000Z","volume":30000,"label":" ","price":9.61},{"type":"B","date":"2018-04-11T01:39:00.000Z","volume":17000,"label":" ","price":9.6},{"type":"B","date":"2018-04-11T01:39:00.000Z","volume":2000,"label":" ","price":9.6},{"type":"B","date":"2018-04-11T01:39:00.000Z","volume":5000,"label":" ","price":9.6},{"type":"U","date":"2018-04-11T01:39:00.000Z","volume":2000,"label":" ","price":9.6},{"type":"U","date":"2018-04-11T01:39:00.000Z","volume":17000,"label":" ","price":9.61},{"type":"U","date":"2018-04-11T01:39:00.000Z","volume":1000,"label":" ","price":9.6},{"type":"A","date":"2018-04-11T01:39:00.000Z","volume":7000,"label":" ","price":9.63},{"type":"U","date":"2018-04-11T01:39:00.000Z","volume":3000,"label":" ","price":9.61},{"type":"B","date":"2018-04-11T01:39:05.000Z","volume":4000,"label":"Y","price":9.59},{"type":"B","date":"2018-04-11T01:39:05.000Z","volume":2000,"label":" ","price":9.59},{"type":"U","date":"2018-04-11T01:39:05.000Z","volume":1000,"label":" ","price":9.61},{"type":"U","date":"2018-04-11T01:39:05.000Z","volume":2000,"label":"X","price":9.62},{"type":"B","date":"2018-04-11T01:39:05.000Z","volume":2000,"label":" ","price":9.61},{"type":"B","date":"2018-04-11T01:39:06.000Z","volume":16000,"label":" ","price":9.62},{"type":"B","date":"2018-04-11T01:39:06.000Z","volume":2000,"label":" ","price":9.61},{"type":"B","date":"2018-04-11T01:39:06.000Z","volume":3000,"label":"Y","price":9.6},{"type":"U","date":"2018-04-11T01:39:06.000Z","volume":4000,"label":"X","price":9.595},{"type":"A","date":"2018-04-11T01:39:07.000Z","volume":1000,"label":" ","price":9.6},{"type":"B","date":"2018-04-11T01:39:07.000Z","volume":5000,"label":" ","price":9.59},{"type":"B","date":"2018-04-11T01:39:07.000Z","volume":7000,"label":" ","price":9.59},{"type":"A","date":"2018-04-11T01:39:08.000Z","volume":23000,"label":" ","price":9.6},{"type":"A","date":"2018-04-11T01:39:08.000Z","volume":23000,"label":" ","price":9.6},{"type":"B","date":"2018-04-11T01:39:08.000Z","volume":1000,"label":"Y","price":9.59},{"type":"A","date":"2018-04-11T01:39:09.000Z","volume":4000,"label":" ","price":9.6},{"type":"A","date":"2018-04-11T01:39:09.000Z","volume":28000,"label":" ","price":9.6},{"type":"A","date":"2018-04-11T01:39:11.000Z","volume":8000,"label":"Y","price":9.6},{"type":"A","date":"2018-04-11T01:39:11.000Z","volume":1000,"label":" ","price":9.6},{"type":"A","date":"2018-04-11T01:39:11.000Z","volume":1000,"label":"Y","price":9.6},{"type":"A","date":"2018-04-11T01:39:15.000Z","volume":16000,"label":" ","price":9.6},{"type":"A","date":"2018-04-11T01:39:17.000Z","volume":9000,"label":" ","price":9.61},{"type":"B","date":"2018-04-11T01:39:30.000Z","volume":4000,"label":" ","price":9.59},{"type":"U","date":"2018-04-11T01:39:35.000Z","volume":4000,"label":"X","price":9.6},{"type":"U","date":"2018-04-11T01:39:35.000Z","volume":1000,"label":"X","price":9.595},{"type":"U","date":"2018-04-11T01:39:35.000Z","volume":1000,"label":"X","price":9.6},{"type":"U","date":"2018-04-11T01:39:35.000Z","volume":2000,"label":"X","price":9.6},{"type":"B","date":"2018-04-11T01:39:46.000Z","volume":1000,"label":" ","price":9.59},{"type":"A","date":"2018-04-11T01:40:04.000Z","volume":5000,"label":" ","price":9.61},{"type":"B","date":"2018-04-11T01:40:08.000Z","volume":3000,"label":"Y","price":9.59},{"type":"B","date":"2018-04-11T01:40:22.000Z","volume":3000,"label":" ","price":9.6},{"type":"A","date":"2018-04-11T01:40:53.000Z","volume":4000,"label":" ","price":9.61},{"type":"A","date":"2018-04-11T01:40:54.000Z","volume":3000,"label":" ","price":9.61},{"type":"B","date":"2018-04-11T01:41:07.000Z","volume":1000,"label":" ","price":9.6},{"type":"B","date":"2018-04-11T01:41:08.000Z","volume":20000,"label":" ","price":9.6},{"type":"B","date":"2018-04-11T01:41:32.000Z","volume":3000,"label":" ","price":9.6},{"type":"B","date":"2018-04-11T01:41:32.000Z","volume":57000,"label":" ","price":9.6},{"type":"B","date":"2018-04-11T01:41:32.000Z","volume":15000,"label":" ","price":9.59},{"type":"B","date":"2018-04-11T01:41:32.000Z","volume":15000,"label":" ","price":9.6},{"type":"B","date":"2018-04-11T01:41:32.000Z","volume":20000,"label":" ","price":9.6},{"type":"B","date":"2018-04-11T01:41:32.000Z","volume":1000,"label":" ","price":9.6},{"type":"B","date":"2018-04-11T01:41:32.000Z","volume":1000,"label":" ","price":9.6},{"type":"B","date":"2018-04-11T01:41:33.000Z","volume":36000,"label":" ","price":9.6},{"type":"B","date":"2018-04-11T01:41:33.000Z","volume":10000,"label":" ","price":9.6},{"type":"B","date":"2018-04-11T01:41:34.000Z","volume":3000,"label":" ","price":9.59},{"type":"B","date":"2018-04-11T01:41:34.000Z","volume":11000,"label":" ","price":9.58},{"type":"B","date":"2018-04-11T01:41:34.000Z","volume":2000,"label":" ","price":9.58},{"type":"B","date":"2018-04-11T01:41:34.000Z","volume":2000,"label":"Y","price":9.58},{"type":"U","date":"2018-04-11T01:41:35.000Z","volume":7000,"label":"X","price":9.61},{"type":"U","date":"2018-04-11T01:41:38.000Z","volume":1000,"label":"X","price":9.605},{"type":"U","date":"2018-04-11T01:41:39.000Z","volume":4000,"label":"X","price":9.59},{"type":"A","date":"2018-04-11T01:41:43.000Z","volume":1000,"label":"Y","price":9.6},{"type":"A","date":"2018-04-11T01:41:43.000Z","volume":17000,"label":" ","price":9.6},{"type":"A","date":"2018-04-11T01:41:43.000Z","volume":17000,"label":" ","price":9.6},{"type":"U","date":"2018-04-11T01:42:05.000Z","volume":3000,"label":"X","price":9.595},{"type":"U","date":"2018-04-11T01:42:05.000Z","volume":1000,"label":"X","price":9.58},{"type":"U","date":"2018-04-11T01:42:05.000Z","volume":1000,"label":" ","price":9.59},{"type":"A","date":"2018-04-11T01:42:07.000Z","volume":3000,"label":" ","price":9.6},{"type":"A","date":"2018-04-11T01:42:14.000Z","volume":6000,"label":" ","price":9.6},{"type":"A","date":"2018-04-11T01:42:16.000Z","volume":3000,"label":" ","price":9.6},{"type":"B","date":"2018-04-11T01:42:17.000Z","volume":2000,"label":" ","price":9.59},{"type":"B","date":"2018-04-11T01:42:27.000Z","volume":1000,"label":" ","price":9.59},{"type":"B","date":"2018-04-11T01:42:37.000Z","volume":1000,"label":" ","price":9.59},{"type":"B","date":"2018-04-11T01:42:47.000Z","volume":3000,"label":"Y","price":9.59},{"type":"B","date":"2018-04-11T01:42:57.000Z","volume":1000,"label":"Y","price":9.59},{"type":"B","date":"2018-04-11T01:42:57.000Z","volume":2000,"label":" ","price":9.59},{"type":"A","date":"2018-04-11T01:43:27.000Z","volume":2000,"label":" ","price":9.6},{"type":"U","date":"2018-04-11T01:43:35.000Z","volume":1000,"label":"X","price":9.59},{"type":"B","date":"2018-04-11T01:43:36.000Z","volume":1000,"label":"Y","price":9.59},{"type":"B","date":"2018-04-11T01:43:36.000Z","volume":1000,"label":" ","price":9.59},{"type":"B","date":"2018-04-11T01:43:45.000Z","volume":30000,"label":" ","price":9.59},{"type":"B","date":"2018-04-11T01:43:45.000Z","volume":6000,"label":" ","price":9.59},{"type":"A","date":"2018-04-11T01:43:46.000Z","volume":3000,"label":" ","price":9.6},{"type":"B","date":"2018-04-11T01:43:54.000Z","volume":3000,"label":" ","price":9.59},{"type":"B","date":"2018-04-11T01:44:09.000Z","volume":1000,"label":" ","price":9.59},{"type":"B","date":"2018-04-11T01:44:12.000Z","volume":3000,"label":" ","price":9.59},{"type":"B","date":"2018-04-11T01:44:13.000Z","volume":1000,"label":" ","price":9.59},{"type":"B","date":"2018-04-11T01:44:23.000Z","volume":7000,"label":"Y","price":9.59},{"type":"B","date":"2018-04-11T01:44:23.000Z","volume":5000,"label":" ","price":9.59},{"type":"B","date":"2018-04-11T01:44:23.000Z","volume":5000,"label":"Y","price":9.59},{"type":"B","date":"2018-04-11T01:44:23.000Z","volume":3000,"label":" ","price":9.59},{"type":"A","date":"2018-04-11T01:44:24.000Z","volume":3000,"label":" ","price":9.6},{"type":"B","date":"2018-04-11T01:44:24.000Z","volume":8000,"label":" ","price":9.59},{"type":"B","date":"2018-04-11T01:44:25.000Z","volume":40000,"label":" ","price":9.59},{"type":"B","date":"2018-04-11T01:44:25.000Z","volume":1000,"label":" ","price":9.59},{"type":"U","date":"2018-04-11T01:44:25.000Z","volume":2000,"label":" ","price":9.59},{"type":"B","date":"2018-04-11T01:44:26.000Z","volume":1000,"label":" ","price":9.59},{"type":"B","date":"2018-04-11T01:44:26.000Z","volume":16000,"label":" ","price":9.59},{"type":"B","date":"2018-04-11T01:44:27.000Z","volume":3000,"label":"Y","price":9.59},{"type":"B","date":"2018-04-11T01:44:27.000Z","volume":10000,"label":" ","price":9.59},{"type":"B","date":"2018-04-11T01:44:27.000Z","volume":2000,"label":" ","price":9.59},{"type":"B","date":"2018-04-11T01:44:27.000Z","volume":1000,"label":" ","price":9.59},{"type":"B","date":"2018-04-11T01:44:27.000Z","volume":2000,"label":" ","price":9.59},{"type":"B","date":"2018-04-11T01:44:27.000Z","volume":1000,"label":" ","price":9.59},{"type":"U","date":"2018-04-11T01:44:35.000Z","volume":1000,"label":"X","price":9.59},{"type":"U","date":"2018-04-11T01:44:35.000Z","volume":1000,"label":"X","price":9.595},{"type":"B","date":"2018-04-11T01:44:53.000Z","volume":5000,"label":"Y","price":9.59},{"type":"B","date":"2018-04-11T01:44:53.000Z","volume":5000,"label":" ","price":9.59},{"type":"B","date":"2018-04-11T01:44:57.000Z","volume":3000,"label":" ","price":9.59},{"type":"U","date":"2018-04-11T01:44:59.000Z","volume":1000,"label":"X","price":9.595},{"type":"B","date":"2018-04-11T01:45:07.000Z","volume":5000,"label":" ","price":9.59},{"type":"B","date":"2018-04-11T01:45:08.000Z","volume":24000,"label":" ","price":9.59},{"type":"B","date":"2018-04-11T01:45:08.000Z","volume":1000,"label":"Y","price":9.59},{"type":"U","date":"2018-04-11T01:45:08.000Z","volume":3000,"label":"X","price":9.59},{"type":"B","date":"2018-04-11T01:45:12.000Z","volume":9000,"label":" ","price":9.59},{"type":"B","date":"2018-04-11T01:45:12.000Z","volume":3000,"label":" ","price":9.59},{"type":"B","date":"2018-04-11T01:45:23.000Z","volume":6000,"label":"Y","price":9.59},{"type":"B","date":"2018-04-11T01:45:40.000Z","volume":1000,"label":" ","price":9.59},{"type":"B","date":"2018-04-11T01:45:55.000Z","volume":2000,"label":" ","price":9.59},{"type":"B","date":"2018-04-11T01:45:55.000Z","volume":3000,"label":"Y","price":9.59},{"type":"B","date":"2018-04-11T01:45:55.000Z","volume":1000,"label":" ","price":9.59},{"type":"B","date":"2018-04-11T01:45:57.000Z","volume":5000,"label":" ","price":9.59},{"type":"A","date":"2018-04-11T01:45:59.000Z","volume":1000,"label":" ","price":9.6},{"type":"A","date":"2018-04-11T01:46:26.000Z","volume":7000,"label":" ","price":9.6},{"type":"A","date":"2018-04-11T01:46:29.000Z","volume":27000,"label":" ","price":9.6},{"type":"U","date":"2018-04-11T01:46:35.000Z","volume":1000,"label":"X","price":9.59},{"type":"B","date":"2018-04-11T01:46:37.000Z","volume":1000,"label":"Y","price":9.59},{"type":"B","date":"2018-04-11T01:46:37.000Z","volume":1000,"label":" ","price":9.59},{"type":"B","date":"2018-04-11T01:46:42.000Z","volume":1000,"label":" ","price":9.59},{"type":"B","date":"2018-04-11T01:46:42.000Z","volume":7000,"label":" ","price":9.59},{"type":"B","date":"2018-04-11T01:46:42.000Z","volume":1000,"label":" ","price":9.59},{"type":"B","date":"2018-04-11T01:46:42.000Z","volume":1000,"label":" ","price":9.59},{"type":"B","date":"2018-04-11T01:47:30.000Z","volume":1000,"label":" ","price":9.59},{"type":"U","date":"2018-04-11T01:47:35.000Z","volume":1000,"label":"X","price":9.59},{"type":"B","date":"2018-04-11T01:47:43.000Z","volume":1000,"label":"Y","price":9.59},{"type":"B","date":"2018-04-11T01:47:43.000Z","volume":7000,"label":" ","price":9.59},{"type":"B","date":"2018-04-11T01:47:57.000Z","volume":6000,"label":" ","price":9.59},{"type":"B","date":"2018-04-11T01:47:59.000Z","volume":2000,"label":" ","price":9.59},{"type":"U","date":"2018-04-11T01:48:13.000Z","volume":1000,"label":"X","price":9.595},{"type":"U","date":"2018-04-11T01:48:15.000Z","volume":4000,"label":"X","price":9.595},{"type":"A","date":"2018-04-11T01:48:32.000Z","volume":6000,"label":" ","price":9.6},{"type":"U","date":"2018-04-11T01:48:41.000Z","volume":5000,"label":"X","price":9.595},{"type":"B","date":"2018-04-11T01:48:41.000Z","volume":9000,"label":" ","price":9.59},{"type":"A","date":"2018-04-11T01:48:53.000Z","volume":2000,"label":" ","price":9.6},{"type":"B","date":"2018-04-11T01:48:57.000Z","volume":7000,"label":" ","price":9.59},{"type":"B","date":"2018-04-11T01:48:59.000Z","volume":30000,"label":" ","price":9.59},{"type":"B","date":"2018-04-11T01:48:59.000Z","volume":6000,"label":" ","price":9.59},{"type":"U","date":"2018-04-11T01:48:59.000Z","volume":5000,"label":"X","price":9.59},{"type":"B","date":"2018-04-11T01:48:59.000Z","volume":3000,"label":" ","price":9.59},{"type":"B","date":"2018-04-11T01:48:59.000Z","volume":4000,"label":" ","price":9.59},{"type":"B","date":"2018-04-11T01:48:59.000Z","volume":2000,"label":" ","price":9.59},{"type":"B","date":"2018-04-11T01:49:00.000Z","volume":3000,"label":"Y","price":9.59},{"type":"B","date":"2018-04-11T01:49:00.000Z","volume":3000,"label":" ","price":9.59},{"type":"B","date":"2018-04-11T01:49:00.000Z","volume":6000,"label":" ","price":9.59},{"type":"B","date":"2018-04-11T01:49:00.000Z","volume":5000,"label":" ","price":9.58},{"type":"B","date":"2018-04-11T01:49:00.000Z","volume":8000,"label":" ","price":9.59},{"type":"B","date":"2018-04-11T01:49:00.000Z","volume":2000,"label":"Y","price":9.58},{"type":"B","date":"2018-04-11T01:49:00.000Z","volume":2000,"label":" ","price":9.58},{"type":"A","date":"2018-04-11T01:49:02.000Z","volume":3000,"label":" ","price":9.6},{"type":"B","date":"2018-04-11T01:49:25.000Z","volume":1000,"label":" ","price":9.58},{"type":"U","date":"2018-04-11T01:49:35.000Z","volume":1000,"label":"X","price":9.58},{"type":"A","date":"2018-04-11T01:50:08.000Z","volume":100000,"label":" ","price":9.59},{"type":"A","date":"2018-04-11T01:50:08.000Z","volume":10000,"label":" ","price":9.59},{"type":"A","date":"2018-04-11T01:50:08.000Z","volume":27000,"label":" ","price":9.59},{"type":"B","date":"2018-04-11T01:50:09.000Z","volume":4000,"label":"Y","price":9.58},{"type":"B","date":"2018-04-11T01:50:09.000Z","volume":10000,"label":" ","price":9.58},{"type":"A","date":"2018-04-11T01:50:09.000Z","volume":3000,"label":" ","price":9.59},{"type":"A","date":"2018-04-11T01:50:10.000Z","volume":6000,"label":"Y","price":9.59},{"type":"A","date":"2018-04-11T01:50:10.000Z","volume":1000,"label":" ","price":9.59},{"type":"A","date":"2018-04-11T01:50:10.000Z","volume":8000,"label":" ","price":9.59},{"type":"A","date":"2018-04-11T01:50:11.000Z","volume":3000,"label":" ","price":9.59},{"type":"A","date":"2018-04-11T01:50:18.000Z","volume":1000,"label":"Y","price":9.6},{"type":"A","date":"2018-04-11T01:50:18.000Z","volume":4000,"label":" ","price":9.6},{"type":"U","date":"2018-04-11T01:50:35.000Z","volume":2000,"label":"X","price":9.58},{"type":"B","date":"2018-04-11T01:50:39.000Z","volume":10000,"label":" ","price":9.59},{"type":"B","date":"2018-04-11T01:51:01.000Z","volume":10000,"label":" ","price":9.59},{"type":"A","date":"2018-04-11T01:51:02.000Z","volume":2000,"label":" ","price":9.6},{"type":"A","date":"2018-04-11T01:51:32.000Z","volume":6000,"label":" ","price":9.6},{"type":"A","date":"2018-04-11T01:51:32.000Z","volume":92000,"label":" ","price":9.6},{"type":"A","date":"2018-04-11T01:51:33.000Z","volume":9000,"label":" ","price":9.61},{"type":"B","date":"2018-04-11T01:51:33.000Z","volume":3000,"label":" ","price":9.6},{"type":"A","date":"2018-04-11T01:51:34.000Z","volume":6000,"label":" ","price":9.62},{"type":"A","date":"2018-04-11T01:51:34.000Z","volume":1000,"label":" ","price":9.62},{"type":"U","date":"2018-04-11T01:51:42.000Z","volume":7000,"label":"X","price":9.62},{"type":"A","date":"2018-04-11T01:51:44.000Z","volume":18000,"label":" ","price":9.63},{"type":"A","date":"2018-04-11T01:51:45.000Z","volume":4000,"label":" ","price":9.63},{"type":"A","date":"2018-04-11T01:51:48.000Z","volume":1000,"label":" ","price":9.64},{"type":"U","date":"2018-04-11T01:51:50.000Z","volume":7000,"label":"X","price":9.63},{"type":"U","date":"2018-04-11T01:52:05.000Z","volume":1000,"label":"X","price":9.63},{"type":"U","date":"2018-04-11T01:52:06.000Z","volume":7000,"label":"X","price":9.63},{"type":"U","date":"2018-04-11T01:52:06.000Z","volume":1000,"label":"X","price":9.63},{"type":"B","date":"2018-04-11T01:52:10.000Z","volume":10000,"label":" ","price":9.62},{"type":"B","date":"2018-04-11T01:52:26.000Z","volume":82000,"label":" ","price":9.62},{"type":"B","date":"2018-04-11T01:52:26.000Z","volume":38000,"label":" ","price":9.61},{"type":"A","date":"2018-04-11T01:52:26.000Z","volume":3000,"label":" ","price":9.64},{"type":"B","date":"2018-04-11T01:52:26.000Z","volume":20000,"label":" ","price":9.61},{"type":"U","date":"2018-04-11T01:52:34.000Z","volume":3000,"label":"X","price":9.62},{"type":"U","date":"2018-04-11T01:52:34.000Z","volume":7000,"label":"X","price":9.62},{"type":"U","date":"2018-04-11T01:52:35.000Z","volume":4000,"label":"X","price":9.64},{"type":"U","date":"2018-04-11T01:52:35.000Z","volume":1000,"label":"X","price":9.64},{"type":"B","date":"2018-04-11T01:52:35.000Z","volume":4000,"label":"Y","price":9.6},{"type":"B","date":"2018-04-11T01:53:01.000Z","volume":84000,"label":" ","price":9.6},{"type":"B","date":"2018-04-11T01:53:01.000Z","volume":21000,"label":" ","price":9.6},{"type":"B","date":"2018-04-11T01:53:01.000Z","volume":15000,"label":" ","price":9.6},{"type":"B","date":"2018-04-11T01:53:01.000Z","volume":16000,"label":" ","price":9.59},{"type":"U","date":"2018-04-11T01:53:01.000Z","volume":1000,"label":" ","price":9.6},{"type":"U","date":"2018-04-11T01:53:05.000Z","volume":4000,"label":"X","price":9.6},{"type":"B","date":"2018-04-11T01:53:15.000Z","volume":2000,"label":" ","price":9.6},{"type":"U","date":"2018-04-11T01:53:35.000Z","volume":2000,"label":"X","price":9.605},{"type":"B","date":"2018-04-11T01:53:36.000Z","volume":20000,"label":" ","price":9.6},{"type":"B","date":"2018-04-11T01:53:36.000Z","volume":1000,"label":" ","price":9.6},{"type":"B","date":"2018-04-11T01:53:44.000Z","volume":10000,"label":" ","price":9.6},{"type":"U","date":"2018-04-11T01:53:47.000Z","volume":4000,"label":"X","price":9.605},{"type":"B","date":"2018-04-11T01:53:52.000Z","volume":22000,"label":" ","price":9.6},{"type":"A","date":"2018-04-11T01:53:52.000Z","volume":3000,"label":" ","price":9.6},{"type":"U","date":"2018-04-11T01:54:13.000Z","volume":2000,"label":"X","price":9.595},{"type":"U","date":"2018-04-11T01:54:20.000Z","volume":3000,"label":"X","price":9.595},{"type":"A","date":"2018-04-11T01:54:21.000Z","volume":6000,"label":" ","price":9.6},{"type":"U","date":"2018-04-11T01:54:23.000Z","volume":3000,"label":"X","price":9.595},{"type":"U","date":"2018-04-11T01:54:23.000Z","volume":1000,"label":"X","price":9.595},{"type":"A","date":"2018-04-11T01:55:06.000Z","volume":7000,"label":" ","price":9.6},{"type":"A","date":"2018-04-11T01:55:16.000Z","volume":6000,"label":" ","price":9.6},{"type":"B","date":"2018-04-11T01:55:24.000Z","volume":87000,"label":" ","price":9.59},{"type":"A","date":"2018-04-11T01:55:24.000Z","volume":1000,"label":" ","price":9.59},{"type":"B","date":"2018-04-11T01:55:26.000Z","volume":80000,"label":" ","price":9.58},{"type":"U","date":"2018-04-11T01:55:27.000Z","volume":7000,"label":"X","price":9.585},{"type":"A","date":"2018-04-11T01:55:28.000Z","volume":7000,"label":" ","price":9.59},{"type":"B","date":"2018-04-11T01:55:32.000Z","volume":39000,"label":" ","price":9.58},{"type":"U","date":"2018-04-11T01:55:32.000Z","volume":8000,"label":" ","price":9.58},{"type":"B","date":"2018-04-11T01:55:32.000Z","volume":2000,"label":" ","price":9.58},{"type":"U","date":"2018-04-11T01:55:35.000Z","volume":1000,"label":"X","price":9.58},{"type":"A","date":"2018-04-11T01:55:36.000Z","volume":1000,"label":"Y","price":9.59},{"type":"A","date":"2018-04-11T01:55:36.000Z","volume":18000,"label":" ","price":9.59},{"type":"A","date":"2018-04-11T01:55:36.000Z","volume":10000,"label":" ","price":9.59},{"type":"A","date":"2018-04-11T01:55:36.000Z","volume":27000,"label":" ","price":9.59},{"type":"A","date":"2018-04-11T01:55:36.000Z","volume":11000,"label":"Y","price":9.59},{"type":"A","date":"2018-04-11T01:55:36.000Z","volume":8000,"label":" ","price":9.59},{"type":"A","date":"2018-04-11T01:55:37.000Z","volume":2000,"label":" ","price":9.59},{"type":"B","date":"2018-04-11T01:55:37.000Z","volume":3000,"label":" ","price":9.59},{"type":"B","date":"2018-04-11T01:55:37.000Z","volume":3000,"label":" ","price":9.59},{"type":"A","date":"2018-04-11T01:55:45.000Z","volume":15000,"label":" ","price":9.6},{"type":"A","date":"2018-04-11T01:55:46.000Z","volume":2000,"label":" ","price":9.6},{"type":"U","date":"2018-04-11T01:56:09.000Z","volume":1000,"label":"X","price":9.595},{"type":"U","date":"2018-04-11T01:56:09.000Z","volume":4000,"label":"X","price":9.595},{"type":"U","date":"2018-04-11T01:56:09.000Z","volume":3000,"label":"X","price":9.595},{"type":"A","date":"2018-04-11T01:56:16.000Z","volume":10000,"label":" ","price":9.6},{"type":"A","date":"2018-04-11T01:56:23.000Z","volume":10000,"label":" ","price":9.6},{"type":"A","date":"2018-04-11T01:56:23.000Z","volume":4000,"label":" ","price":9.6},{"type":"A","date":"2018-04-11T01:56:23.000Z","volume":7000,"label":" ","price":9.62},{"type":"A","date":"2018-04-11T01:56:23.000Z","volume":4000,"label":" ","price":9.6},{"type":"A","date":"2018-04-11T01:56:24.000Z","volume":1000,"label":"Y","price":9.6},{"type":"A","date":"2018-04-11T01:56:24.000Z","volume":6000,"label":" ","price":9.6},{"type":"A","date":"2018-04-11T01:56:24.000Z","volume":3000,"label":"Y","price":9.61},{"type":"A","date":"2018-04-11T01:56:26.000Z","volume":6000,"label":" ","price":9.61},{"type":"U","date":"2018-04-11T01:56:31.000Z","volume":4000,"label":"X","price":9.61},{"type":"U","date":"2018-04-11T01:56:31.000Z","volume":6000,"label":"X","price":9.61},{"type":"A","date":"2018-04-11T01:56:33.000Z","volume":1000,"label":"Y","price":9.62},{"type":"A","date":"2018-04-11T01:56:33.000Z","volume":37000,"label":" ","price":9.62},{"type":"U","date":"2018-04-11T01:56:33.000Z","volume":2000,"label":" ","price":9.61},{"type":"U","date":"2018-04-11T01:56:35.000Z","volume":1000,"label":"X","price":9.615},{"type":"B","date":"2018-04-11T01:56:55.000Z","volume":92000,"label":" ","price":9.6},{"type":"U","date":"2018-04-11T01:56:58.000Z","volume":7000,"label":"X","price":9.605},{"type":"A","date":"2018-04-11T01:57:01.000Z","volume":2000,"label":"Y","price":9.61},{"type":"A","date":"2018-04-11T01:57:01.000Z","volume":28000,"label":" ","price":9.61},{"type":"U","date":"2018-04-11T01:57:05.000Z","volume":1000,"label":"X","price":9.605},{"type":"U","date":"2018-04-11T01:57:09.000Z","volume":1000,"label":"X","price":9.61},{"type":"U","date":"2018-04-11T01:57:09.000Z","volume":12000,"label":"X","price":9.61},{"type":"A","date":"2018-04-11T01:57:09.000Z","volume":2000,"label":" ","price":9.61},{"type":"B","date":"2018-04-11T01:57:52.000Z","volume":30000,"label":" ","price":9.6},{"type":"B","date":"2018-04-11T01:57:52.000Z","volume":56000,"label":" ","price":9.6},{"type":"U","date":"2018-04-11T01:57:54.000Z","volume":1000,"label":"X","price":9.605},{"type":"U","date":"2018-04-11T01:57:54.000Z","volume":3000,"label":"X","price":9.605},{"type":"B","date":"2018-04-11T01:58:00.000Z","volume":30000,"label":" ","price":9.6},{"type":"B","date":"2018-04-11T01:58:00.000Z","volume":5000,"label":" ","price":9.6},{"type":"B","date":"2018-04-11T01:58:00.000Z","volume":2000,"label":" ","price":9.6},{"type":"B","date":"2018-04-11T01:58:28.000Z","volume":45000,"label":" ","price":9.6},{"type":"A","date":"2018-04-11T01:58:28.000Z","volume":13000,"label":" ","price":9.6},{"type":"A","date":"2018-04-11T01:58:28.000Z","volume":2000,"label":" ","price":9.6},{"type":"B","date":"2018-04-11T01:58:28.000Z","volume":2000,"label":" ","price":9.6},{"type":"B","date":"2018-04-11T01:58:29.000Z","volume":17000,"label":" ","price":9.6},{"type":"A","date":"2018-04-11T01:58:29.000Z","volume":4000,"label":"Y","price":9.61},{"type":"A","date":"2018-04-11T01:58:29.000Z","volume":1000,"label":" ","price":9.61},{"type":"U","date":"2018-04-11T01:58:39.000Z","volume":4000,"label":"X","price":9.605},{"type":"B","date":"2018-04-11T01:58:43.000Z","volume":2000,"label":" ","price":9.6},{"type":"U","date":"2018-04-11T01:59:10.000Z","volume":4000,"label":"X","price":9.605},{"type":"A","date":"2018-04-11T01:59:13.000Z","volume":3000,"label":" ","price":9.61},{"type":"U","date":"2018-04-11T01:59:35.000Z","volume":6000,"label":"X","price":9.6},{"type":"B","date":"2018-04-11T01:59:40.000Z","volume":20000,"label":" ","price":9.6},{"type":"B","date":"2018-04-11T02:00:28.000Z","volume":10000,"label":" ","price":9.6},{"type":"B","date":"2018-04-11T02:00:28.000Z","volume":12000,"label":" ","price":9.6},{"type":"B","date":"2018-04-11T02:00:34.000Z","volume":5000,"label":" ","price":9.6},{"type":"A","date":"2018-04-11T02:01:09.000Z","volume":5000,"label":" ","price":9.61},{"type":"A","date":"2018-04-11T02:02:33.000Z","volume":3000,"label":"Y","price":9.61},{"type":"A","date":"2018-04-11T02:02:33.000Z","volume":2000,"label":" ","price":9.61},{"type":"B","date":"2018-04-11T02:02:35.000Z","volume":1000,"label":" ","price":9.6},{"type":"B","date":"2018-04-11T02:02:35.000Z","volume":2000,"label":"Y","price":9.6},{"type":"B","date":"2018-04-11T02:02:35.000Z","volume":1000,"label":" ","price":9.6},{"type":"A","date":"2018-04-11T02:02:40.000Z","volume":1000,"label":" ","price":9.61},{"type":"B","date":"2018-04-11T02:03:10.000Z","volume":10000,"label":" ","price":9.6},{"type":"B","date":"2018-04-11T02:03:28.000Z","volume":2000,"label":" ","price":9.6},{"type":"U","date":"2018-04-11T02:03:35.000Z","volume":1000,"label":"X","price":9.6},{"type":"A","date":"2018-04-11T02:03:47.000Z","volume":1000,"label":" ","price":9.61},{"type":"A","date":"2018-04-11T02:04:03.000Z","volume":2000,"label":"Y","price":9.61},{"type":"A","date":"2018-04-11T02:04:03.000Z","volume":2000,"label":" ","price":9.61},{"type":"U","date":"2018-04-11T02:04:09.000Z","volume":1000,"label":"X","price":9.6},{"type":"B","date":"2018-04-11T02:05:17.000Z","volume":1000,"label":" ","price":9.6},{"type":"A","date":"2018-04-11T02:05:17.000Z","volume":2000,"label":" ","price":9.61},{"type":"A","date":"2018-04-11T02:05:18.000Z","volume":2000,"label":" ","price":9.61},{"type":"A","date":"2018-04-11T02:05:31.000Z","volume":120000,"label":" ","price":9.61},{"type":"A","date":"2018-04-11T02:05:31.000Z","volume":43000,"label":" ","price":9.61},{"type":"A","date":"2018-04-11T02:05:31.000Z","volume":1000,"label":" ","price":9.61},{"type":"A","date":"2018-04-11T02:05:31.000Z","volume":1000,"label":" ","price":9.61},{"type":"A","date":"2018-04-11T02:05:31.000Z","volume":5000,"label":" ","price":9.61},{"type":"A","date":"2018-04-11T02:05:31.000Z","volume":1000,"label":" ","price":9.61},{"type":"B","date":"2018-04-11T02:05:31.000Z","volume":4000,"label":" ","price":9.61},{"type":"A","date":"2018-04-11T02:05:31.000Z","volume":1000,"label":" ","price":9.61},{"type":"B","date":"2018-04-11T02:05:31.000Z","volume":7000,"label":" ","price":9.61},{"type":"B","date":"2018-04-11T02:05:31.000Z","volume":22000,"label":" ","price":9.61},{"type":"B","date":"2018-04-11T02:05:31.000Z","volume":7000,"label":" ","price":9.61},{"type":"B","date":"2018-04-11T02:05:31.000Z","volume":1000,"label":" ","price":9.61},{"type":"B","date":"2018-04-11T02:05:31.000Z","volume":3000,"label":" ","price":9.61},{"type":"B","date":"2018-04-11T02:05:32.000Z","volume":1000,"label":" ","price":9.61},{"type":"A","date":"2018-04-11T02:05:33.000Z","volume":2000,"label":"Y","price":9.62},{"type":"A","date":"2018-04-11T02:05:33.000Z","volume":1000,"label":" ","price":9.62},{"type":"A","date":"2018-04-11T02:06:12.000Z","volume":85000,"label":" ","price":9.62},{"type":"A","date":"2018-04-11T02:06:12.000Z","volume":1000,"label":" ","price":9.62},{"type":"A","date":"2018-04-11T02:06:12.000Z","volume":2000,"label":" ","price":9.62},{"type":"A","date":"2018-04-11T02:06:12.000Z","volume":5000,"label":" ","price":9.62},{"type":"A","date":"2018-04-11T02:06:12.000Z","volume":7000,"label":" ","price":9.62},{"type":"U","date":"2018-04-11T02:06:12.000Z","volume":7000,"label":"X","price":9.625},{"type":"B","date":"2018-04-11T02:06:15.000Z","volume":49000,"label":" ","price":9.62},{"type":"B","date":"2018-04-11T02:06:15.000Z","volume":1000,"label":" ","price":9.61},{"type":"B","date":"2018-04-11T02:06:16.000Z","volume":1000,"label":" ","price":9.62},{"type":"B","date":"2018-04-11T02:06:16.000Z","volume":1000,"label":" ","price":9.62},{"type":"B","date":"2018-04-11T02:06:26.000Z","volume":20000,"label":" ","price":9.62},{"type":"U","date":"2018-04-11T02:06:35.000Z","volume":5000,"label":"X","price":9.63},{"type":"U","date":"2018-04-11T02:06:35.000Z","volume":1000,"label":"X","price":9.625},{"type":"U","date":"2018-04-11T02:06:35.000Z","volume":1000,"label":"X","price":9.625},{"type":"U","date":"2018-04-11T02:06:35.000Z","volume":2000,"label":"X","price":9.62},{"type":"A","date":"2018-04-11T02:06:42.000Z","volume":20000,"label":" ","price":9.63},{"type":"A","date":"2018-04-11T02:06:44.000Z","volume":3000,"label":" ","price":9.63},{"type":"U","date":"2018-04-11T02:07:35.000Z","volume":2000,"label":"X","price":9.62},{"type":"A","date":"2018-04-11T02:08:00.000Z","volume":30000,"label":" ","price":9.63},{"type":"A","date":"2018-04-11T02:08:00.000Z","volume":33000,"label":" ","price":9.63},{"type":"A","date":"2018-04-11T02:09:30.000Z","volume":2000,"label":" ","price":9.64},{"type":"A","date":"2018-04-11T02:10:49.000Z","volume":2000,"label":" ","price":9.64},{"type":"A","date":"2018-04-11T02:10:49.000Z","volume":2000,"label":" ","price":9.64},{"type":"A","date":"2018-04-11T02:10:50.000Z","volume":3000,"label":"Y","price":9.64},{"type":"A","date":"2018-04-11T02:10:52.000Z","volume":2000,"label":"Y","price":9.64},{"type":"A","date":"2018-04-11T02:10:52.000Z","volume":1000,"label":" ","price":9.64},{"type":"A","date":"2018-04-11T02:12:01.000Z","volume":20000,"label":" ","price":9.64},{"type":"A","date":"2018-04-11T02:12:13.000Z","volume":2000,"label":" ","price":9.64},{"type":"A","date":"2018-04-11T02:12:22.000Z","volume":8000,"label":"Y","price":9.64},{"type":"A","date":"2018-04-11T02:12:22.000Z","volume":3000,"label":" ","price":9.64},{"type":"U","date":"2018-04-11T02:12:36.000Z","volume":1000,"label":"X","price":9.635},{"type":"A","date":"2018-04-11T02:13:32.000Z","volume":1000,"label":" ","price":9.64},{"type":"A","date":"2018-04-11T02:13:35.000Z","volume":2000,"label":" ","price":9.64},{"type":"A","date":"2018-04-11T02:14:08.000Z","volume":1000,"label":" ","price":9.64},{"type":"B","date":"2018-04-11T02:14:09.000Z","volume":1000,"label":" ","price":9.63},{"type":"U","date":"2018-04-11T02:14:36.000Z","volume":1000,"label":"X","price":9.64},{"type":"A","date":"2018-04-11T02:14:58.000Z","volume":3000,"label":" ","price":9.64},{"type":"A","date":"2018-04-11T02:15:18.000Z","volume":60000,"label":" ","price":9.64},{"type":"A","date":"2018-04-11T02:15:20.000Z","volume":5000,"label":" ","price":9.64},{"type":"A","date":"2018-04-11T02:15:24.000Z","volume":2000,"label":" ","price":9.64},{"type":"U","date":"2018-04-11T02:15:36.000Z","volume":1000,"label":"X","price":9.635},{"type":"U","date":"2018-04-11T02:15:36.000Z","volume":2000,"label":"X","price":9.635},{"type":"U","date":"2018-04-11T02:15:36.000Z","volume":22000,"label":"X","price":9.64},{"type":"A","date":"2018-04-11T02:16:20.000Z","volume":2000,"label":" ","price":9.64},{"type":"A","date":"2018-04-11T02:16:52.000Z","volume":2000,"label":" ","price":9.64},{"type":"B","date":"2018-04-11T02:17:30.000Z","volume":1000,"label":" ","price":9.63},{"type":"A","date":"2018-04-11T02:18:02.000Z","volume":2000,"label":" ","price":9.64},{"type":"A","date":"2018-04-11T02:18:31.000Z","volume":60000,"label":" ","price":9.64},{"type":"A","date":"2018-04-11T02:18:39.000Z","volume":10000,"label":" ","price":9.64},{"type":"U","date":"2018-04-11T02:18:39.000Z","volume":2000,"label":"X","price":9.63},{"type":"U","date":"2018-04-11T02:18:39.000Z","volume":1000,"label":"X","price":9.63},{"type":"U","date":"2018-04-11T02:18:39.000Z","volume":5000,"label":"X","price":9.63},{"type":"U","date":"2018-04-11T02:19:06.000Z","volume":2000,"label":"X","price":9.63},{"type":"U","date":"2018-04-11T02:19:06.000Z","volume":1000,"label":"X","price":9.63},{"type":"A","date":"2018-04-11T02:19:46.000Z","volume":2000,"label":" ","price":9.64},{"type":"A","date":"2018-04-11T02:19:47.000Z","volume":3000,"label":"Y","price":9.64},{"type":"A","date":"2018-04-11T02:21:01.000Z","volume":1000,"label":" ","price":9.64},{"type":"A","date":"2018-04-11T02:21:20.000Z","volume":3000,"label":"Y","price":9.64},{"type":"A","date":"2018-04-11T02:22:06.000Z","volume":2000,"label":" ","price":9.64},{"type":"A","date":"2018-04-11T02:22:43.000Z","volume":3000,"label":"Y","price":9.64},{"type":"A","date":"2018-04-11T02:23:30.000Z","volume":1000,"label":" ","price":9.64},{"type":"U","date":"2018-04-11T02:23:36.000Z","volume":2000,"label":"X","price":9.635},{"type":"U","date":"2018-04-11T02:23:36.000Z","volume":1000,"label":"X","price":9.635},{"type":"A","date":"2018-04-11T02:24:14.000Z","volume":1000,"label":"Y","price":9.64},{"type":"A","date":"2018-04-11T02:24:14.000Z","volume":2000,"label":" ","price":9.64},{"type":"B","date":"2018-04-11T02:24:21.000Z","volume":1000,"label":" ","price":9.63},{"type":"A","date":"2018-04-11T02:24:42.000Z","volume":2000,"label":" ","price":9.64},{"type":"A","date":"2018-04-11T02:25:13.000Z","volume":50000,"label":" ","price":9.64},{"type":"A","date":"2018-04-11T02:25:28.000Z","volume":8000,"label":" ","price":9.64},{"type":"A","date":"2018-04-11T02:25:35.000Z","volume":3000,"label":" ","price":9.64},{"type":"A","date":"2018-04-11T02:25:36.000Z","volume":2000,"label":" ","price":9.64},{"type":"U","date":"2018-04-11T02:25:36.000Z","volume":1000,"label":"X","price":9.635},{"type":"U","date":"2018-04-11T02:25:36.000Z","volume":2000,"label":"X","price":9.64},{"type":"A","date":"2018-04-11T02:26:20.000Z","volume":1000,"label":" ","price":9.64},{"type":"A","date":"2018-04-11T02:26:39.000Z","volume":1000,"label":" ","price":9.64},{"type":"A","date":"2018-04-11T02:27:00.000Z","volume":2000,"label":" ","price":9.64},{"type":"U","date":"2018-04-11T02:27:06.000Z","volume":12,"label":"D","price":9.6},{"type":"A","date":"2018-04-11T02:27:07.000Z","volume":1000,"label":" ","price":9.64},{"type":"A","date":"2018-04-11T02:27:45.000Z","volume":2000,"label":" ","price":9.64},{"type":"A","date":"2018-04-11T02:28:43.000Z","volume":3000,"label":" ","price":9.64},{"type":"B","date":"2018-04-11T02:29:13.000Z","volume":50000,"label":" ","price":9.63},{"type":"B","date":"2018-04-11T02:29:13.000Z","volume":11000,"label":" ","price":9.63},{"type":"B","date":"2018-04-11T02:29:13.000Z","volume":26000,"label":" ","price":9.63},{"type":"B","date":"2018-04-11T02:29:13.000Z","volume":10000,"label":" ","price":9.63},{"type":"B","date":"2018-04-11T02:29:19.000Z","volume":27000,"label":" ","price":9.63},{"type":"U","date":"2018-04-11T02:29:36.000Z","volume":1000,"label":"X","price":9.63},{"type":"A","date":"2018-04-11T02:30:10.000Z","volume":3000,"label":" ","price":9.64},{"type":"U","date":"2018-04-11T02:30:36.000Z","volume":1000,"label":"X","price":9.63},{"type":"B","date":"2018-04-11T02:31:32.000Z","volume":1000,"label":" ","price":9.63},{"type":"A","date":"2018-04-11T02:32:05.000Z","volume":3000,"label":" ","price":9.64},{"type":"A","date":"2018-04-11T02:33:02.000Z","volume":2000,"label":" ","price":9.64},{"type":"A","date":"2018-04-11T02:33:28.000Z","volume":3000,"label":" ","price":9.64},{"type":"B","date":"2018-04-11T02:33:28.000Z","volume":11000,"label":" ","price":9.63},{"type":"A","date":"2018-04-11T02:34:39.000Z","volume":10000,"label":" ","price":9.64},{"type":"A","date":"2018-04-11T02:34:50.000Z","volume":3000,"label":" ","price":9.64},{"type":"B","date":"2018-04-11T02:34:53.000Z","volume":1000,"label":" ","price":9.63},{"type":"B","date":"2018-04-11T02:35:05.000Z","volume":1000,"label":" ","price":9.63},{"type":"B","date":"2018-04-11T02:35:13.000Z","volume":125000,"label":" ","price":9.63},{"type":"B","date":"2018-04-11T02:35:13.000Z","volume":2000,"label":" ","price":9.63},{"type":"B","date":"2018-04-11T02:35:13.000Z","volume":7000,"label":" ","price":9.63},{"type":"U","date":"2018-04-11T02:35:13.000Z","volume":7000,"label":"X","price":9.635},{"type":"U","date":"2018-04-11T02:35:13.000Z","volume":1000,"label":"X","price":9.635},{"type":"B","date":"2018-04-11T02:35:15.000Z","volume":3000,"label":" ","price":9.63},{"type":"B","date":"2018-04-11T02:35:20.000Z","volume":4000,"label":" ","price":9.63},{"type":"B","date":"2018-04-11T02:35:24.000Z","volume":4000,"label":"Y","price":9.63},{"type":"U","date":"2018-04-11T02:35:36.000Z","volume":1000,"label":"X","price":9.63},{"type":"U","date":"2018-04-11T02:35:36.000Z","volume":2000,"label":"X","price":9.63},{"type":"A","date":"2018-04-11T02:35:53.000Z","volume":1000,"label":" ","price":9.64},{"type":"A","date":"2018-04-11T02:36:21.000Z","volume":2000,"label":" ","price":9.64},{"type":"A","date":"2018-04-11T02:37:29.000Z","volume":6000,"label":" ","price":9.64},{"type":"B","date":"2018-04-11T02:37:34.000Z","volume":1000,"label":" ","price":9.63},{"type":"U","date":"2018-04-11T02:37:40.000Z","volume":3000,"label":"X","price":9.63},{"type":"A","date":"2018-04-11T02:38:09.000Z","volume":2000,"label":" ","price":9.64},{"type":"B","date":"2018-04-11T02:38:16.000Z","volume":1000,"label":" ","price":9.63},{"type":"B","date":"2018-04-11T02:38:39.000Z","volume":10000,"label":"Y","price":9.63},{"type":"B","date":"2018-04-11T02:38:39.000Z","volume":40000,"label":" ","price":9.63},{"type":"B","date":"2018-04-11T02:38:39.000Z","volume":8000,"label":" ","price":9.63},{"type":"A","date":"2018-04-11T02:38:39.000Z","volume":2000,"label":" ","price":9.64},{"type":"U","date":"2018-04-11T02:38:40.000Z","volume":4000,"label":"X","price":9.635},{"type":"A","date":"2018-04-11T02:38:40.000Z","volume":2000,"label":"Y","price":9.64},{"type":"A","date":"2018-04-11T02:38:40.000Z","volume":3000,"label":" ","price":9.64},{"type":"A","date":"2018-04-11T02:38:41.000Z","volume":4000,"label":" ","price":9.64},{"type":"B","date":"2018-04-11T02:39:16.000Z","volume":50000,"label":" ","price":9.63},{"type":"A","date":"2018-04-11T02:39:18.000Z","volume":5000,"label":" ","price":9.64},{"type":"A","date":"2018-04-11T02:39:49.000Z","volume":2000,"label":" ","price":9.64},{"type":"B","date":"2018-04-11T02:40:00.000Z","volume":1000,"label":"Y","price":9.63},{"type":"B","date":"2018-04-11T02:40:00.000Z","volume":9000,"label":" ","price":9.63},{"type":"B","date":"2018-04-11T02:40:25.000Z","volume":2000,"label":"Y","price":9.63},{"type":"B","date":"2018-04-11T02:41:00.000Z","volume":9000,"label":" ","price":9.63},{"type":"A","date":"2018-04-11T02:41:32.000Z","volume":3000,"label":" ","price":9.64},{"type":"B","date":"2018-04-11T02:41:36.000Z","volume":1000,"label":" ","price":9.63},{"type":"A","date":"2018-04-11T02:41:36.000Z","volume":3000,"label":" ","price":9.64},{"type":"B","date":"2018-04-11T02:42:06.000Z","volume":1000,"label":" ","price":9.63},{"type":"B","date":"2018-04-11T02:42:54.000Z","volume":30000,"label":" ","price":9.63},{"type":"A","date":"2018-04-11T02:43:26.000Z","volume":2000,"label":" ","price":9.64},{"type":"A","date":"2018-04-11T02:43:47.000Z","volume":3000,"label":" ","price":9.64},{"type":"A","date":"2018-04-11T02:44:11.000Z","volume":1000,"label":" ","price":9.64},{"type":"B","date":"2018-04-11T02:44:48.000Z","volume":1000,"label":" ","price":9.63},{"type":"A","date":"2018-04-11T02:45:04.000Z","volume":3000,"label":" ","price":9.64},{"type":"A","date":"2018-04-11T02:45:05.000Z","volume":3000,"label":" ","price":9.64},{"type":"B","date":"2018-04-11T02:46:09.000Z","volume":5000,"label":"Y","price":9.63},{"type":"A","date":"2018-04-11T02:46:41.000Z","volume":3000,"label":" ","price":9.64},{"type":"B","date":"2018-04-11T02:46:45.000Z","volume":3000,"label":"Y","price":9.63},{"type":"B","date":"2018-04-11T02:46:45.000Z","volume":47000,"label":" ","price":9.63},{"type":"B","date":"2018-04-11T02:46:45.000Z","volume":10000,"label":" ","price":9.63},{"type":"B","date":"2018-04-11T02:46:45.000Z","volume":23000,"label":" ","price":9.63},{"type":"B","date":"2018-04-11T02:46:45.000Z","volume":1000,"label":" ","price":9.63},{"type":"B","date":"2018-04-11T02:46:46.000Z","volume":1000,"label":" ","price":9.63},{"type":"U","date":"2018-04-11T02:46:48.000Z","volume":2000,"label":"X","price":9.635},{"type":"U","date":"2018-04-11T02:46:48.000Z","volume":1000,"label":"X","price":9.635},{"type":"U","date":"2018-04-11T02:46:48.000Z","volume":4000,"label":"X","price":9.635},{"type":"U","date":"2018-04-11T02:46:48.000Z","volume":1000,"label":"X","price":9.635},{"type":"B","date":"2018-04-11T02:47:58.000Z","volume":1000,"label":" ","price":9.63},{"type":"A","date":"2018-04-11T02:48:31.000Z","volume":3000,"label":" ","price":9.64},{"type":"A","date":"2018-04-11T02:48:53.000Z","volume":8000,"label":" ","price":9.64},{"type":"A","date":"2018-04-11T02:48:54.000Z","volume":3000,"label":" ","price":9.64},{"type":"A","date":"2018-04-11T02:49:24.000Z","volume":3000,"label":" ","price":9.64},{"type":"B","date":"2018-04-11T02:49:36.000Z","volume":7000,"label":" ","price":9.63},{"type":"B","date":"2018-04-11T02:49:39.000Z","volume":8000,"label":" ","price":9.63},{"type":"A","date":"2018-04-11T02:49:40.000Z","volume":1000,"label":" ","price":9.64},{"type":"A","date":"2018-04-11T02:50:15.000Z","volume":1000,"label":"Y","price":9.64},{"type":"A","date":"2018-04-11T02:50:15.000Z","volume":2000,"label":" ","price":9.64},{"type":"B","date":"2018-04-11T02:51:01.000Z","volume":1000,"label":" ","price":9.63},{"type":"A","date":"2018-04-11T02:52:04.000Z","volume":3000,"label":" ","price":9.64},{"type":"A","date":"2018-04-11T02:52:42.000Z","volume":2000,"label":" ","price":9.64},{"type":"B","date":"2018-04-11T02:52:55.000Z","volume":2000,"label":" ","price":9.63},{"type":"B","date":"2018-04-11T02:53:03.000Z","volume":10000,"label":" ","price":9.63},{"type":"A","date":"2018-04-11T02:53:05.000Z","volume":3000,"label":" ","price":9.64},{"type":"A","date":"2018-04-11T02:53:32.000Z","volume":2000,"label":" ","price":9.64},{"type":"U","date":"2018-04-11T02:54:10.000Z","volume":1000,"label":"X","price":9.635},{"type":"B","date":"2018-04-11T02:54:19.000Z","volume":7000,"label":" ","price":9.63},{"type":"B","date":"2018-04-11T02:54:19.000Z","volume":5000,"label":"Y","price":9.63},{"type":"B","date":"2018-04-11T02:54:19.000Z","volume":1000,"label":" ","price":9.63},{"type":"B","date":"2018-04-11T02:54:26.000Z","volume":2000,"label":" ","price":9.63},{"type":"B","date":"2018-04-11T02:54:55.000Z","volume":2000,"label":" ","price":9.63},{"type":"B","date":"2018-04-11T02:55:09.000Z","volume":10000,"label":" ","price":9.63},{"type":"A","date":"2018-04-11T02:55:10.000Z","volume":1000,"label":"Y","price":9.64},{"type":"A","date":"2018-04-11T02:55:10.000Z","volume":3000,"label":" ","price":9.64},{"type":"A","date":"2018-04-11T02:55:10.000Z","volume":1000,"label":" ","price":9.64},{"type":"B","date":"2018-04-11T02:55:16.000Z","volume":6000,"label":"Y","price":9.63},{"type":"B","date":"2018-04-11T02:55:16.000Z","volume":3000,"label":" ","price":9.63},{"type":"B","date":"2018-04-11T02:55:16.000Z","volume":9000,"label":" ","price":9.63},{"type":"U","date":"2018-04-11T02:55:18.000Z","volume":6000,"label":"X","price":9.635},{"type":"U","date":"2018-04-11T02:55:18.000Z","volume":1000,"label":"X","price":9.635},{"type":"U","date":"2018-04-11T02:55:18.000Z","volume":5000,"label":"X","price":9.635},{"type":"U","date":"2018-04-11T02:55:37.000Z","volume":1000,"label":"X","price":9.63},{"type":"A","date":"2018-04-11T02:55:37.000Z","volume":12000,"label":"Y","price":9.64},{"type":"A","date":"2018-04-11T02:55:37.000Z","volume":18000,"label":" ","price":9.64},{"type":"A","date":"2018-04-11T02:55:38.000Z","volume":1000,"label":"Y","price":9.64},{"type":"A","date":"2018-04-11T02:55:38.000Z","volume":2000,"label":" ","price":9.64},{"type":"B","date":"2018-04-11T02:55:41.000Z","volume":74000,"label":" ","price":9.63},{"type":"U","date":"2018-04-11T02:55:41.000Z","volume":3000,"label":" ","price":9.63},{"type":"B","date":"2018-04-11T02:55:42.000Z","volume":4000,"label":" ","price":9.63},{"type":"U","date":"2018-04-11T02:55:51.000Z","volume":7000,"label":"X","price":9.635},{"type":"A","date":"2018-04-11T02:56:12.000Z","volume":2000,"label":" ","price":9.64},{"type":"U","date":"2018-04-11T02:56:37.000Z","volume":3000,"label":"X","price":9.63},{"type":"B","date":"2018-04-11T02:57:04.000Z","volume":1000,"label":" ","price":9.63},{"type":"A","date":"2018-04-11T02:57:12.000Z","volume":3000,"label":" ","price":9.64},{"type":"A","date":"2018-04-11T02:57:35.000Z","volume":2000,"label":" ","price":9.64},{"type":"A","date":"2018-04-11T02:58:56.000Z","volume":1000,"label":" ","price":9.64},{"type":"A","date":"2018-04-11T02:58:57.000Z","volume":3000,"label":"Y","price":9.64},{"type":"U","date":"2018-04-11T02:59:40.000Z","volume":2000,"label":"X","price":9.64},{"type":"B","date":"2018-04-11T02:59:50.000Z","volume":1000,"label":" ","price":9.63},{"type":"B","date":"2018-04-11T02:59:50.000Z","volume":9000,"label":" ","price":9.63},{"type":"B","date":"2018-04-11T03:00:43.000Z","volume":8000,"label":" ","price":9.63},{"type":"B","date":"2018-04-11T03:00:55.000Z","volume":5000,"label":" ","price":9.63},{"type":"A","date":"2018-04-11T03:00:56.000Z","volume":2000,"label":"Y","price":9.64},{"type":"A","date":"2018-04-11T03:00:56.000Z","volume":1000,"label":" ","price":9.64},{"type":"A","date":"2018-04-11T03:01:01.000Z","volume":3000,"label":" ","price":9.64},{"type":"A","date":"2018-04-11T03:01:01.000Z","volume":3000,"label":" ","price":9.64},{"type":"A","date":"2018-04-11T03:01:07.000Z","volume":2000,"label":" ","price":9.64},{"type":"A","date":"2018-04-11T03:01:19.000Z","volume":3000,"label":" ","price":9.64},{"type":"A","date":"2018-04-11T03:02:39.000Z","volume":2000,"label":" ","price":9.64},{"type":"B","date":"2018-04-11T03:02:55.000Z","volume":2000,"label":"Y","price":9.63},{"type":"A","date":"2018-04-11T03:03:29.000Z","volume":25000,"label":" ","price":9.64},{"type":"B","date":"2018-04-11T03:03:30.000Z","volume":9000,"label":" ","price":9.63},{"type":"A","date":"2018-04-11T03:03:42.000Z","volume":3000,"label":" ","price":9.64},{"type":"A","date":"2018-04-11T03:03:42.000Z","volume":2000,"label":" ","price":9.64},{"type":"B","date":"2018-04-11T03:03:43.000Z","volume":1000,"label":" ","price":9.63},{"type":"B","date":"2018-04-11T03:03:45.000Z","volume":1000,"label":" ","price":9.63},{"type":"B","date":"2018-04-11T03:03:46.000Z","volume":1000,"label":" ","price":9.63},{"type":"A","date":"2018-04-11T03:04:13.000Z","volume":2000,"label":" ","price":9.64},{"type":"U","date":"2018-04-11T03:06:37.000Z","volume":3000,"label":"X","price":9.64},{"type":"B","date":"2018-04-11T03:06:39.000Z","volume":2000,"label":" ","price":9.63},{"type":"A","date":"2018-04-11T03:06:39.000Z","volume":2000,"label":" ","price":9.64},{"type":"B","date":"2018-04-11T03:06:40.000Z","volume":2000,"label":" ","price":9.63},{"type":"B","date":"2018-04-11T03:07:04.000Z","volume":4000,"label":"Y","price":9.63},{"type":"B","date":"2018-04-11T03:07:04.000Z","volume":4000,"label":" ","price":9.63},{"type":"B","date":"2018-04-11T03:07:05.000Z","volume":3000,"label":" ","price":9.63},{"type":"A","date":"2018-04-11T03:07:37.000Z","volume":1000,"label":" ","price":9.64},{"type":"A","date":"2018-04-11T03:08:47.000Z","volume":1000,"label":" ","price":9.64},{"type":"A","date":"2018-04-11T03:09:20.000Z","volume":1000,"label":" ","price":9.64},{"type":"B","date":"2018-04-11T03:09:24.000Z","volume":1000,"label":" ","price":9.63},{"type":"B","date":"2018-04-11T03:11:22.000Z","volume":9000,"label":" ","price":9.63},{"type":"B","date":"2018-04-11T03:11:24.000Z","volume":3000,"label":" ","price":9.63},{"type":"B","date":"2018-04-11T03:11:26.000Z","volume":2000,"label":"Y","price":9.63},{"type":"B","date":"2018-04-11T03:11:39.000Z","volume":1000,"label":" ","price":9.63},{"type":"A","date":"2018-04-11T03:12:06.000Z","volume":2000,"label":" ","price":9.64},{"type":"A","date":"2018-04-11T03:12:07.000Z","volume":2000,"label":" ","price":9.64},{"type":"B","date":"2018-04-11T03:12:09.000Z","volume":1000,"label":" ","price":9.63},{"type":"A","date":"2018-04-11T03:12:10.000Z","volume":3000,"label":"Y","price":9.64},{"type":"B","date":"2018-04-11T03:12:24.000Z","volume":1000,"label":" ","price":9.63},{"type":"B","date":"2018-04-11T03:12:48.000Z","volume":9000,"label":"Y","price":9.63},{"type":"B","date":"2018-04-11T03:12:54.000Z","volume":4000,"label":" ","price":9.63},{"type":"A","date":"2018-04-11T03:13:29.000Z","volume":2000,"label":" ","price":9.64},{"type":"A","date":"2018-04-11T03:14:07.000Z","volume":1000,"label":" ","price":9.64},{"type":"A","date":"2018-04-11T03:14:17.000Z","volume":2000,"label":" ","price":9.64},{"type":"B","date":"2018-04-11T03:14:30.000Z","volume":9000,"label":" ","price":9.63},{"type":"A","date":"2018-04-11T03:14:30.000Z","volume":3000,"label":" ","price":9.64},{"type":"B","date":"2018-04-11T03:14:51.000Z","volume":7000,"label":" ","price":9.63},{"type":"A","date":"2018-04-11T03:15:22.000Z","volume":2000,"label":" ","price":9.64},{"type":"U","date":"2018-04-11T03:16:07.000Z","volume":9000,"label":"X","price":9.64},{"type":"A","date":"2018-04-11T03:16:22.000Z","volume":1000,"label":" ","price":9.64},{"type":"A","date":"2018-04-11T03:16:46.000Z","volume":2000,"label":" ","price":9.64},{"type":"A","date":"2018-04-11T03:17:08.000Z","volume":2000,"label":" ","price":9.64},{"type":"B","date":"2018-04-11T03:17:52.000Z","volume":25000,"label":" ","price":9.63},{"type":"B","date":"2018-04-11T03:17:52.000Z","volume":8000,"label":" ","price":9.63},{"type":"B","date":"2018-04-11T03:17:54.000Z","volume":5000,"label":" ","price":9.63},{"type":"A","date":"2018-04-11T03:18:00.000Z","volume":3000,"label":" ","price":9.64},{"type":"B","date":"2018-04-11T03:19:30.000Z","volume":6000,"label":"Y","price":9.63},{"type":"B","date":"2018-04-11T03:19:30.000Z","volume":4000,"label":" ","price":9.63},{"type":"B","date":"2018-04-11T03:19:45.000Z","volume":1000,"label":" ","price":9.63},{"type":"B","date":"2018-04-11T03:19:54.000Z","volume":1000,"label":" ","price":9.63},{"type":"B","date":"2018-04-11T03:21:31.000Z","volume":9000,"label":" ","price":9.63},{"type":"B","date":"2018-04-11T03:21:39.000Z","volume":3000,"label":" ","price":9.63},{"type":"B","date":"2018-04-11T03:22:07.000Z","volume":1000,"label":" ","price":9.63},{"type":"A","date":"2018-04-11T03:22:32.000Z","volume":1000,"label":" ","price":9.64},{"type":"B","date":"2018-04-11T03:23:26.000Z","volume":2000,"label":" ","price":9.63},{"type":"A","date":"2018-04-11T03:23:30.000Z","volume":1000,"label":" ","price":9.64},{"type":"A","date":"2018-04-11T03:23:56.000Z","volume":2000,"label":" ","price":9.64},{"type":"A","date":"2018-04-11T03:23:58.000Z","volume":1000,"label":"Y","price":9.64},{"type":"A","date":"2018-04-11T03:23:58.000Z","volume":2000,"label":" ","price":9.64},{"type":"A","date":"2018-04-11T03:24:00.000Z","volume":3000,"label":" ","price":9.64},{"type":"A","date":"2018-04-11T03:24:15.000Z","volume":2000,"label":" ","price":9.64},{"type":"B","date":"2018-04-11T03:24:24.000Z","volume":4000,"label":" ","price":9.63},{"type":"B","date":"2018-04-11T03:24:24.000Z","volume":1000,"label":" ","price":9.63},{"type":"A","date":"2018-04-11T03:24:52.000Z","volume":1000,"label":" ","price":9.64},{"type":"B","date":"2018-04-11T03:24:52.000Z","volume":26000,"label":" ","price":9.63},{"type":"B","date":"2018-04-11T03:24:52.000Z","volume":8000,"label":" ","price":9.63},{"type":"B","date":"2018-04-11T03:24:53.000Z","volume":5000,"label":" ","price":9.63},{"type":"B","date":"2018-04-11T03:24:54.000Z","volume":15000,"label":" ","price":9.63},{"type":"B","date":"2018-04-11T03:24:57.000Z","volume":3000,"label":" ","price":9.63},{"type":"B","date":"2018-04-11T03:25:48.000Z","volume":20000,"label":" ","price":9.63},{"type":"B","date":"2018-04-11T03:25:54.000Z","volume":8000,"label":" ","price":9.63},{"type":"A","date":"2018-04-11T03:26:51.000Z","volume":1000,"label":" ","price":9.64},{"type":"B","date":"2018-04-11T03:26:58.000Z","volume":8000,"label":"Y","price":9.63},{"type":"B","date":"2018-04-11T03:28:06.000Z","volume":7000,"label":"Y","price":9.63},{"type":"B","date":"2018-04-11T03:28:06.000Z","volume":1000,"label":" ","price":9.63},{"type":"A","date":"2018-04-11T03:28:08.000Z","volume":3000,"label":" ","price":9.64},{"type":"A","date":"2018-04-11T03:28:17.000Z","volume":2000,"label":" ","price":9.64},{"type":"A","date":"2018-04-11T03:28:18.000Z","volume":3000,"label":"Y","price":9.64},{"type":"B","date":"2018-04-11T03:28:24.000Z","volume":9000,"label":" ","price":9.63},{"type":"A","date":"2018-04-11T03:28:37.000Z","volume":4000,"label":" ","price":9.64},{"type":"B","date":"2018-04-11T03:28:40.000Z","volume":40000,"label":" ","price":9.63},{"type":"B","date":"2018-04-11T03:28:54.000Z","volume":16000,"label":" ","price":9.63},{"type":"A","date":"2018-04-11T03:29:44.000Z","volume":2000,"label":" ","price":9.64},{"type":"B","date":"2018-04-11T03:31:00.000Z","volume":9000,"label":" ","price":9.63},{"type":"U","date":"2018-04-11T03:31:02.000Z","volume":7000,"label":"X","price":9.635},{"type":"U","date":"2018-04-11T03:31:02.000Z","volume":1000,"label":"X","price":9.635},{"type":"B","date":"2018-04-11T03:31:26.000Z","volume":2000,"label":" ","price":9.63},{"type":"A","date":"2018-04-11T03:31:59.000Z","volume":2000,"label":" ","price":9.64},{"type":"B","date":"2018-04-11T03:33:11.000Z","volume":1000,"label":"Y","price":9.63},{"type":"B","date":"2018-04-11T03:33:11.000Z","volume":6000,"label":" ","price":9.63},{"type":"B","date":"2018-04-11T03:33:18.000Z","volume":9000,"label":" ","price":9.63},{"type":"U","date":"2018-04-11T03:33:22.000Z","volume":4000,"label":"X","price":9.635},{"type":"B","date":"2018-04-11T03:33:24.000Z","volume":8000,"label":" ","price":9.63},{"type":"B","date":"2018-04-11T03:33:24.000Z","volume":2000,"label":" ","price":9.63},{"type":"A","date":"2018-04-11T03:33:56.000Z","volume":2000,"label":"Y","price":9.64},{"type":"A","date":"2018-04-11T03:33:56.000Z","volume":1000,"label":" ","price":9.64},{"type":"A","date":"2018-04-11T03:35:22.000Z","volume":2000,"label":" ","price":9.64},{"type":"B","date":"2018-04-11T03:35:24.000Z","volume":2000,"label":"Y","price":9.63},{"type":"B","date":"2018-04-11T03:35:24.000Z","volume":3000,"label":" ","price":9.63},{"type":"A","date":"2018-04-11T03:35:24.000Z","volume":1000,"label":"Y","price":9.64},{"type":"A","date":"2018-04-11T03:35:24.000Z","volume":2000,"label":" ","price":9.64},{"type":"U","date":"2018-04-11T03:35:25.000Z","volume":1000,"label":"X","price":9.635},{"type":"U","date":"2018-04-11T03:35:25.000Z","volume":1000,"label":"X","price":9.635},{"type":"U","date":"2018-04-11T03:35:25.000Z","volume":2000,"label":"X","price":9.635},{"type":"A","date":"2018-04-11T03:35:48.000Z","volume":2000,"label":" ","price":9.64},{"type":"B","date":"2018-04-11T03:36:40.000Z","volume":25000,"label":" ","price":9.63},{"type":"A","date":"2018-04-11T03:36:40.000Z","volume":4000,"label":" ","price":9.64},{"type":"A","date":"2018-04-11T03:36:51.000Z","volume":3000,"label":" ","price":9.64},{"type":"B","date":"2018-04-11T03:36:54.000Z","volume":18000,"label":" ","price":9.63},{"type":"B","date":"2018-04-11T03:37:02.000Z","volume":1000,"label":" ","price":9.63},{"type":"B","date":"2018-04-11T03:37:02.000Z","volume":2000,"label":" ","price":9.63},{"type":"B","date":"2018-04-11T03:37:27.000Z","volume":5000,"label":" ","price":9.63},{"type":"A","date":"2018-04-11T03:39:22.000Z","volume":1000,"label":" ","price":9.64},{"type":"B","date":"2018-04-11T03:40:47.000Z","volume":7000,"label":" ","price":9.63},{"type":"B","date":"2018-04-11T03:41:26.000Z","volume":2000,"label":"Y","price":9.63},{"type":"A","date":"2018-04-11T03:41:30.000Z","volume":1000,"label":" ","price":9.64},{"type":"B","date":"2018-04-11T03:41:59.000Z","volume":5000,"label":"Y","price":9.63},{"type":"B","date":"2018-04-11T03:41:59.000Z","volume":4000,"label":" ","price":9.63},{"type":"A","date":"2018-04-11T03:42:37.000Z","volume":1000,"label":" ","price":9.64},{"type":"B","date":"2018-04-11T03:43:50.000Z","volume":7000,"label":" ","price":9.63},{"type":"B","date":"2018-04-11T03:43:53.000Z","volume":1000,"label":" ","price":9.63},{"type":"B","date":"2018-04-11T03:43:57.000Z","volume":3000,"label":" ","price":9.63},{"type":"B","date":"2018-04-11T03:44:09.000Z","volume":14000,"label":" ","price":9.63},{"type":"A","date":"2018-04-11T03:45:10.000Z","volume":1000,"label":" ","price":9.64},{"type":"B","date":"2018-04-11T03:46:22.000Z","volume":5000,"label":" ","price":9.63},{"type":"U","date":"2018-04-11T03:46:41.000Z","volume":5000,"label":"X","price":9.64},{"type":"U","date":"2018-04-11T03:46:41.000Z","volume":1000,"label":"X","price":9.64},{"type":"B","date":"2018-04-11T03:46:47.000Z","volume":2000,"label":" ","price":9.63},{"type":"A","date":"2018-04-11T03:48:06.000Z","volume":1000,"label":" ","price":9.64},{"type":"B","date":"2018-04-11T03:48:54.000Z","volume":6000,"label":" ","price":9.63},{"type":"B","date":"2018-04-11T03:49:04.000Z","volume":9000,"label":" ","price":9.63},{"type":"B","date":"2018-04-11T03:49:04.000Z","volume":18000,"label":" ","price":9.63},{"type":"B","date":"2018-04-11T03:49:04.000Z","volume":1000,"label":" ","price":9.63},{"type":"B","date":"2018-04-11T03:49:09.000Z","volume":3000,"label":" ","price":9.63},{"type":"B","date":"2018-04-11T03:49:30.000Z","volume":10000,"label":"Y","price":9.63},{"type":"B","date":"2018-04-11T03:50:10.000Z","volume":3000,"label":" ","price":9.63},{"type":"B","date":"2018-04-11T03:50:25.000Z","volume":1000,"label":" ","price":9.63},{"type":"B","date":"2018-04-11T03:51:06.000Z","volume":2000,"label":" ","price":9.63},{"type":"B","date":"2018-04-11T03:51:26.000Z","volume":5000,"label":"Y","price":9.63},{"type":"B","date":"2018-04-11T03:51:26.000Z","volume":1000,"label":" ","price":9.63},{"type":"B","date":"2018-04-11T03:51:41.000Z","volume":1000,"label":" ","price":9.63},{"type":"U","date":"2018-04-11T03:53:59.000Z","volume":79,"label":"D","price":9.68},{"type":"B","date":"2018-04-11T03:54:22.000Z","volume":8000,"label":"Y","price":9.63},{"type":"B","date":"2018-04-11T03:54:22.000Z","volume":18000,"label":" ","price":9.63},{"type":"A","date":"2018-04-11T03:54:22.000Z","volume":5000,"label":" ","price":9.64},{"type":"B","date":"2018-04-11T03:55:08.000Z","volume":8000,"label":" ","price":9.63},{"type":"B","date":"2018-04-11T03:56:33.000Z","volume":1000,"label":" ","price":9.63},{"type":"A","date":"2018-04-11T03:58:37.000Z","volume":2000,"label":" ","price":9.64},{"type":"B","date":"2018-04-11T03:58:38.000Z","volume":7000,"label":"Y","price":9.63},{"type":"B","date":"2018-04-11T03:58:38.000Z","volume":3000,"label":" ","price":9.63},{"type":"A","date":"2018-04-11T03:59:30.000Z","volume":1000,"label":" ","price":9.64},{"type":"B","date":"2018-04-11T05:00:00.000Z","volume":4000,"label":"Y","price":9.63},{"type":"B","date":"2018-04-11T05:00:00.000Z","volume":6000,"label":" ","price":9.63},{"type":"B","date":"2018-04-11T05:00:01.000Z","volume":60000,"label":" ","price":9.63},{"type":"U","date":"2018-04-11T05:00:01.000Z","volume":6000,"label":"X","price":9.635},{"type":"U","date":"2018-04-11T05:00:01.000Z","volume":1000,"label":"X","price":9.635},{"type":"U","date":"2018-04-11T05:00:01.000Z","volume":5000,"label":"X","price":9.635},{"type":"U","date":"2018-04-11T05:00:01.000Z","volume":2000,"label":"X","price":9.635},{"type":"B","date":"2018-04-11T05:00:01.000Z","volume":1000,"label":" ","price":9.63},{"type":"B","date":"2018-04-11T05:00:01.000Z","volume":9000,"label":" ","price":9.63},{"type":"B","date":"2018-04-11T05:00:02.000Z","volume":5000,"label":" ","price":9.63},{"type":"B","date":"2018-04-11T05:00:04.000Z","volume":1000,"label":"Y","price":9.63},{"type":"U","date":"2018-04-11T05:00:17.000Z","volume":5000,"label":"X","price":9.635},{"type":"U","date":"2018-04-11T05:00:17.000Z","volume":2000,"label":"X","price":9.635},{"type":"U","date":"2018-04-11T05:00:21.000Z","volume":2000,"label":"X","price":9.635},{"type":"B","date":"2018-04-11T05:00:54.000Z","volume":3000,"label":"Y","price":9.63},{"type":"U","date":"2018-04-11T05:01:30.000Z","volume":4000,"label":"X","price":9.64},{"type":"A","date":"2018-04-11T05:01:30.000Z","volume":3000,"label":" ","price":9.64},{"type":"B","date":"2018-04-11T05:02:00.000Z","volume":5000,"label":" ","price":9.63},{"type":"B","date":"2018-04-11T05:02:00.000Z","volume":10000,"label":" ","price":9.63},{"type":"B","date":"2018-04-11T05:02:00.000Z","volume":1000,"label":" ","price":9.63},{"type":"A","date":"2018-04-11T05:02:13.000Z","volume":3000,"label":" ","price":9.64},{"type":"B","date":"2018-04-11T05:02:13.000Z","volume":1000,"label":"Y","price":9.63},{"type":"A","date":"2018-04-11T05:02:24.000Z","volume":1000,"label":" ","price":9.64},{"type":"B","date":"2018-04-11T05:03:02.000Z","volume":4000,"label":" ","price":9.63},{"type":"B","date":"2018-04-11T05:04:08.000Z","volume":2000,"label":" ","price":9.63},{"type":"B","date":"2018-04-11T05:04:08.000Z","volume":3000,"label":"Y","price":9.63},{"type":"B","date":"2018-04-11T05:04:08.000Z","volume":2000,"label":" ","price":9.63},{"type":"B","date":"2018-04-11T05:05:17.000Z","volume":5000,"label":" ","price":9.63},{"type":"B","date":"2018-04-11T05:05:23.000Z","volume":1000,"label":" ","price":9.63},{"type":"B","date":"2018-04-11T05:07:35.000Z","volume":6000,"label":" ","price":9.63},{"type":"B","date":"2018-04-11T05:08:00.000Z","volume":12000,"label":" ","price":9.63},{"type":"B","date":"2018-04-11T05:08:00.000Z","volume":50000,"label":" ","price":9.63},{"type":"B","date":"2018-04-11T05:08:00.000Z","volume":2000,"label":" ","price":9.63},{"type":"A","date":"2018-04-11T05:08:00.000Z","volume":5000,"label":" ","price":9.64},{"type":"B","date":"2018-04-11T05:08:13.000Z","volume":1000,"label":" ","price":9.63},{"type":"B","date":"2018-04-11T05:09:37.000Z","volume":5000,"label":" ","price":9.63},{"type":"B","date":"2018-04-11T05:10:11.000Z","volume":1000,"label":" ","price":9.63},{"type":"B","date":"2018-04-11T05:11:37.000Z","volume":4000,"label":" ","price":9.63},{"type":"B","date":"2018-04-11T05:12:13.000Z","volume":1000,"label":" ","price":9.63},{"type":"B","date":"2018-04-11T05:12:44.000Z","volume":1000,"label":" ","price":9.63},{"type":"B","date":"2018-04-11T05:13:10.000Z","volume":4000,"label":" ","price":9.63},{"type":"U","date":"2018-04-11T05:14:35.000Z","volume":1000,"label":"X","price":9.64},{"type":"B","date":"2018-04-11T05:14:41.000Z","volume":4000,"label":" ","price":9.63},{"type":"B","date":"2018-04-11T05:14:45.000Z","volume":1000,"label":" ","price":9.63},{"type":"A","date":"2018-04-11T05:14:47.000Z","volume":3000,"label":" ","price":9.64},{"type":"B","date":"2018-04-11T05:16:43.000Z","volume":5000,"label":" ","price":9.63},{"type":"A","date":"2018-04-11T05:16:59.000Z","volume":10000,"label":" ","price":9.64},{"type":"A","date":"2018-04-11T05:17:08.000Z","volume":1000,"label":" ","price":9.64},{"type":"U","date":"2018-04-11T05:17:13.000Z","volume":9000,"label":"X","price":9.64},{"type":"A","date":"2018-04-11T05:17:30.000Z","volume":1000,"label":" ","price":9.64},{"type":"B","date":"2018-04-11T05:18:45.000Z","volume":4000,"label":" ","price":9.63},{"type":"B","date":"2018-04-11T05:19:00.000Z","volume":3000,"label":" ","price":9.63},{"type":"B","date":"2018-04-11T05:19:14.000Z","volume":1000,"label":" ","price":9.63},{"type":"B","date":"2018-04-11T05:19:20.000Z","volume":79000,"label":" ","price":9.63},{"type":"B","date":"2018-04-11T05:19:20.000Z","volume":28000,"label":" ","price":9.62},{"type":"B","date":"2018-04-11T05:19:20.000Z","volume":1000,"label":" ","price":9.63},{"type":"B","date":"2018-04-11T05:19:20.000Z","volume":1000,"label":" ","price":9.63},{"type":"B","date":"2018-04-11T05:19:20.000Z","volume":9000,"label":" ","price":9.63},{"type":"B","date":"2018-04-11T05:19:20.000Z","volume":4000,"label":" ","price":9.63},{"type":"B","date":"2018-04-11T05:19:21.000Z","volume":3000,"label":" ","price":9.63},{"type":"B","date":"2018-04-11T05:19:33.000Z","volume":46000,"label":" ","price":9.63},{"type":"A","date":"2018-04-11T05:19:33.000Z","volume":13000,"label":" ","price":9.64},{"type":"B","date":"2018-04-11T05:19:49.000Z","volume":14000,"label":" ","price":9.63},{"type":"B","date":"2018-04-11T05:20:18.000Z","volume":32000,"label":" ","price":9.63},{"type":"A","date":"2018-04-11T05:20:20.000Z","volume":4000,"label":" ","price":9.64},{"type":"B","date":"2018-04-11T05:20:47.000Z","volume":3000,"label":"Y","price":9.63},{"type":"B","date":"2018-04-11T05:20:47.000Z","volume":2000,"label":" ","price":9.63},{"type":"U","date":"2018-04-11T05:21:40.000Z","volume":7000,"label":"X","price":9.635},{"type":"U","date":"2018-04-11T05:21:40.000Z","volume":2000,"label":"X","price":9.635},{"type":"B","date":"2018-04-11T05:21:47.000Z","volume":3000,"label":"Y","price":9.63},{"type":"B","date":"2018-04-11T05:22:14.000Z","volume":1000,"label":" ","price":9.63},{"type":"U","date":"2018-04-11T05:22:45.000Z","volume":2000,"label":"X","price":9.64},{"type":"B","date":"2018-04-11T05:22:59.000Z","volume":2000,"label":" ","price":9.63},{"type":"B","date":"2018-04-11T05:23:19.000Z","volume":4000,"label":" ","price":9.63},{"type":"B","date":"2018-04-11T05:23:30.000Z","volume":3000,"label":"Y","price":9.63},{"type":"B","date":"2018-04-11T05:23:30.000Z","volume":1000,"label":" ","price":9.63},{"type":"A","date":"2018-04-11T05:24:50.000Z","volume":2000,"label":" ","price":9.64},{"type":"B","date":"2018-04-11T05:25:17.000Z","volume":2000,"label":" ","price":9.63},{"type":"B","date":"2018-04-11T05:25:20.000Z","volume":3000,"label":" ","price":9.63},{"type":"U","date":"2018-04-11T05:26:02.000Z","volume":1000,"label":"X","price":9.64},{"type":"B","date":"2018-04-11T05:26:21.000Z","volume":3000,"label":" ","price":9.63},{"type":"A","date":"2018-04-11T05:26:22.000Z","volume":3000,"label":" ","price":9.64},{"type":"B","date":"2018-04-11T05:26:30.000Z","volume":2000,"label":" ","price":9.63},{"type":"B","date":"2018-04-11T05:26:32.000Z","volume":1000,"label":" ","price":9.63},{"type":"B","date":"2018-04-11T05:26:38.000Z","volume":10000,"label":" ","price":9.63},{"type":"A","date":"2018-04-11T05:26:56.000Z","volume":10000,"label":" ","price":9.64},{"type":"B","date":"2018-04-11T05:27:14.000Z","volume":1000,"label":"Y","price":9.63},{"type":"A","date":"2018-04-11T05:27:35.000Z","volume":2000,"label":"Y","price":9.64},{"type":"A","date":"2018-04-11T05:27:35.000Z","volume":8000,"label":" ","price":9.64},{"type":"B","date":"2018-04-11T05:27:59.000Z","volume":30000,"label":" ","price":9.63},{"type":"U","date":"2018-04-11T05:27:59.000Z","volume":4000,"label":"X","price":9.635},{"type":"B","date":"2018-04-11T05:28:00.000Z","volume":2000,"label":" ","price":9.63},{"type":"U","date":"2018-04-11T05:28:26.000Z","volume":1000,"label":"X","price":9.64},{"type":"B","date":"2018-04-11T05:28:53.000Z","volume":8000,"label":" ","price":9.63},{"type":"B","date":"2018-04-11T05:29:30.000Z","volume":2000,"label":" ","price":9.63},{"type":"B","date":"2018-04-11T05:29:32.000Z","volume":1000,"label":" ","price":9.63},{"type":"B","date":"2018-04-11T05:29:32.000Z","volume":1000,"label":" ","price":9.63},{"type":"U","date":"2018-04-11T05:31:18.000Z","volume":2000,"label":"X","price":9.64},{"type":"B","date":"2018-04-11T05:31:37.000Z","volume":2000,"label":" ","price":9.63},{"type":"B","date":"2018-04-11T05:31:56.000Z","volume":4000,"label":" ","price":9.63},{"type":"B","date":"2018-04-11T05:32:14.000Z","volume":1000,"label":"Y","price":9.63},{"type":"B","date":"2018-04-11T05:32:14.000Z","volume":1000,"label":" ","price":9.63},{"type":"B","date":"2018-04-11T05:32:25.000Z","volume":4000,"label":" ","price":9.63},{"type":"A","date":"2018-04-11T05:32:26.000Z","volume":3000,"label":" ","price":9.64},{"type":"B","date":"2018-04-11T05:32:32.000Z","volume":3000,"label":"Y","price":9.63},{"type":"A","date":"2018-04-11T05:33:18.000Z","volume":1000,"label":" ","price":9.64},{"type":"B","date":"2018-04-11T05:33:37.000Z","volume":5000,"label":"Y","price":9.63},{"type":"B","date":"2018-04-11T05:33:37.000Z","volume":63000,"label":" ","price":9.63},{"type":"B","date":"2018-04-11T05:33:37.000Z","volume":10000,"label":" ","price":9.62},{"type":"B","date":"2018-04-11T05:33:37.000Z","volume":1000,"label":" ","price":9.62},{"type":"A","date":"2018-04-11T05:33:38.000Z","volume":6000,"label":" ","price":9.64},{"type":"B","date":"2018-04-11T05:33:38.000Z","volume":6000,"label":" ","price":9.63},{"type":"B","date":"2018-04-11T05:33:40.000Z","volume":1000,"label":" ","price":9.63},{"type":"U","date":"2018-04-11T05:33:47.000Z","volume":6000,"label":"X","price":9.635},{"type":"B","date":"2018-04-11T05:34:05.000Z","volume":1000,"label":"Y","price":9.63},{"type":"B","date":"2018-04-11T05:34:05.000Z","volume":1000,"label":" ","price":9.63},{"type":"B","date":"2018-04-11T05:35:30.000Z","volume":2000,"label":" ","price":9.63},{"type":"A","date":"2018-04-11T05:36:27.000Z","volume":3000,"label":" ","price":9.64},{"type":"U","date":"2018-04-11T05:36:40.000Z","volume":2000,"label":"X","price":9.64},{"type":"B","date":"2018-04-11T05:36:44.000Z","volume":1000,"label":" ","price":9.63},{"type":"B","date":"2018-04-11T05:37:00.000Z","volume":2000,"label":" ","price":9.63},{"type":"B","date":"2018-04-11T05:37:30.000Z","volume":4000,"label":" ","price":9.63},{"type":"A","date":"2018-04-11T05:37:32.000Z","volume":3000,"label":" ","price":9.64},{"type":"A","date":"2018-04-11T05:38:24.000Z","volume":3000,"label":" ","price":9.64},{"type":"B","date":"2018-04-11T05:38:30.000Z","volume":2000,"label":" ","price":9.63},{"type":"B","date":"2018-04-11T05:38:30.000Z","volume":2000,"label":" ","price":9.63},{"type":"B","date":"2018-04-11T05:38:53.000Z","volume":1000,"label":" ","price":9.63},{"type":"U","date":"2018-04-11T05:39:22.000Z","volume":1000,"label":"X","price":9.64},{"type":"A","date":"2018-04-11T05:39:29.000Z","volume":3000,"label":" ","price":9.64},{"type":"B","date":"2018-04-11T05:39:42.000Z","volume":2000,"label":" ","price":9.63},{"type":"B","date":"2018-04-11T05:40:02.000Z","volume":2000,"label":" ","price":9.63},{"type":"B","date":"2018-04-11T05:40:32.000Z","volume":3000,"label":" ","price":9.63},{"type":"B","date":"2018-04-11T05:40:41.000Z","volume":20000,"label":" ","price":9.63},{"type":"B","date":"2018-04-11T05:40:56.000Z","volume":7000,"label":" ","price":9.63},{"type":"A","date":"2018-04-11T05:41:00.000Z","volume":3000,"label":" ","price":9.64},{"type":"B","date":"2018-04-11T05:41:14.000Z","volume":1000,"label":" ","price":9.63},{"type":"B","date":"2018-04-11T05:41:48.000Z","volume":2000,"label":" ","price":9.63},{"type":"A","date":"2018-04-11T05:41:52.000Z","volume":3000,"label":" ","price":9.64},{"type":"B","date":"2018-04-11T05:42:02.000Z","volume":3000,"label":"Y","price":9.63},{"type":"B","date":"2018-04-11T05:42:02.000Z","volume":1000,"label":" ","price":9.63},{"type":"U","date":"2018-04-11T05:42:42.000Z","volume":2000,"label":"X","price":9.64},{"type":"B","date":"2018-04-11T05:42:56.000Z","volume":5000,"label":" ","price":9.63},{"type":"B","date":"2018-04-11T05:43:00.000Z","volume":3000,"label":" ","price":9.63},{"type":"B","date":"2018-04-11T05:43:33.000Z","volume":1000,"label":"Y","price":9.63},{"type":"B","date":"2018-04-11T05:43:35.000Z","volume":4000,"label":" ","price":9.63},{"type":"B","date":"2018-04-11T05:44:30.000Z","volume":2000,"label":" ","price":9.63},{"type":"B","date":"2018-04-11T05:44:45.000Z","volume":5000,"label":" ","price":9.63},{"type":"B","date":"2018-04-11T05:44:45.000Z","volume":12000,"label":" ","price":9.63},{"type":"B","date":"2018-04-11T05:44:45.000Z","volume":3000,"label":" ","price":9.63},{"type":"A","date":"2018-04-11T05:44:54.000Z","volume":6000,"label":" ","price":9.64},{"type":"B","date":"2018-04-11T05:44:56.000Z","volume":10000,"label":" ","price":9.63},{"type":"U","date":"2018-04-11T05:45:10.000Z","volume":1000,"label":"X","price":9.63},{"type":"A","date":"2018-04-11T05:45:46.000Z","volume":3000,"label":" ","price":9.64},{"type":"B","date":"2018-04-11T05:45:47.000Z","volume":1000,"label":" ","price":9.63},{"type":"B","date":"2018-04-11T05:45:47.000Z","volume":1000,"label":" ","price":9.63},{"type":"B","date":"2018-04-11T05:45:56.000Z","volume":1000,"label":" ","price":9.63},{"type":"B","date":"2018-04-11T05:45:56.000Z","volume":2000,"label":" ","price":9.63},{"type":"B","date":"2018-04-11T05:46:11.000Z","volume":1000,"label":" ","price":9.63},{"type":"B","date":"2018-04-11T05:46:11.000Z","volume":2000,"label":" ","price":9.63},{"type":"B","date":"2018-04-11T05:46:11.000Z","volume":2000,"label":" ","price":9.63},{"type":"B","date":"2018-04-11T05:46:15.000Z","volume":1000,"label":"Y","price":9.63},{"type":"B","date":"2018-04-11T05:46:26.000Z","volume":2000,"label":" ","price":9.63},{"type":"B","date":"2018-04-11T05:46:31.000Z","volume":30000,"label":" ","price":9.63},{"type":"B","date":"2018-04-11T05:46:31.000Z","volume":2000,"label":" ","price":9.63},{"type":"B","date":"2018-04-11T05:46:31.000Z","volume":1000,"label":" ","price":9.63},{"type":"U","date":"2018-04-11T05:46:35.000Z","volume":1000,"label":"X","price":9.635},{"type":"U","date":"2018-04-11T05:46:35.000Z","volume":5000,"label":"X","price":9.635},{"type":"B","date":"2018-04-11T05:46:41.000Z","volume":11000,"label":" ","price":9.63},{"type":"B","date":"2018-04-11T05:46:43.000Z","volume":3000,"label":" ","price":9.63},{"type":"B","date":"2018-04-11T05:47:20.000Z","volume":3000,"label":"Y","price":9.63},{"type":"B","date":"2018-04-11T05:47:20.000Z","volume":58000,"label":" ","price":9.63},{"type":"B","date":"2018-04-11T05:47:20.000Z","volume":2000,"label":" ","price":9.62},{"type":"B","date":"2018-04-11T05:47:26.000Z","volume":2000,"label":" ","price":9.62},{"type":"A","date":"2018-04-11T05:47:28.000Z","volume":3000,"label":" ","price":9.63},{"type":"B","date":"2018-04-11T05:47:43.000Z","volume":40000,"label":" ","price":9.62},{"type":"B","date":"2018-04-11T05:47:43.000Z","volume":3000,"label":" ","price":9.62},{"type":"A","date":"2018-04-11T05:47:44.000Z","volume":5000,"label":" ","price":9.63},{"type":"U","date":"2018-04-11T05:47:54.000Z","volume":7000,"label":"X","price":9.625},{"type":"U","date":"2018-04-11T05:47:54.000Z","volume":2000,"label":"X","price":9.625},{"type":"U","date":"2018-04-11T05:48:08.000Z","volume":2000,"label":"X","price":9.63},{"type":"U","date":"2018-04-11T05:48:40.000Z","volume":3000,"label":"X","price":9.62},{"type":"B","date":"2018-04-11T05:49:00.000Z","volume":2000,"label":" ","price":9.62},{"type":"B","date":"2018-04-11T05:49:00.000Z","volume":2000,"label":" ","price":9.62},{"type":"A","date":"2018-04-11T05:49:40.000Z","volume":3000,"label":" ","price":9.63},{"type":"B","date":"2018-04-11T05:49:40.000Z","volume":1000,"label":"Y","price":9.62},{"type":"B","date":"2018-04-11T05:49:40.000Z","volume":4000,"label":" ","price":9.62},{"type":"B","date":"2018-04-11T05:49:42.000Z","volume":2000,"label":" ","price":9.62},{"type":"B","date":"2018-04-11T05:49:47.000Z","volume":1000,"label":" ","price":9.62},{"type":"B","date":"2018-04-11T05:50:04.000Z","volume":68000,"label":" ","price":9.62},{"type":"B","date":"2018-04-11T05:50:04.000Z","volume":1000,"label":" ","price":9.62},{"type":"U","date":"2018-04-11T05:50:15.000Z","volume":7000,"label":"X","price":9.625},{"type":"B","date":"2018-04-11T05:50:34.000Z","volume":2000,"label":" ","price":9.62},{"type":"B","date":"2018-04-11T05:50:45.000Z","volume":1000,"label":" ","price":9.62},{"type":"B","date":"2018-04-11T05:51:11.000Z","volume":3000,"label":"Y","price":9.62},{"type":"B","date":"2018-04-11T05:52:00.000Z","volume":2000,"label":" ","price":9.62},{"type":"A","date":"2018-04-11T05:52:16.000Z","volume":3000,"label":" ","price":9.63},{"type":"B","date":"2018-04-11T05:52:43.000Z","volume":4000,"label":" ","price":9.62},{"type":"A","date":"2018-04-11T05:53:08.000Z","volume":3000,"label":" ","price":9.63},{"type":"B","date":"2018-04-11T05:53:35.000Z","volume":2000,"label":" ","price":9.62},{"type":"B","date":"2018-04-11T05:53:35.000Z","volume":2000,"label":" ","price":9.62},{"type":"U","date":"2018-04-11T05:53:49.000Z","volume":2000,"label":"X","price":9.63},{"type":"B","date":"2018-04-11T05:53:50.000Z","volume":25000,"label":" ","price":9.62},{"type":"B","date":"2018-04-11T05:53:50.000Z","volume":3000,"label":" ","price":9.62},{"type":"B","date":"2018-04-11T05:53:55.000Z","volume":1000,"label":" ","price":9.62},{"type":"B","date":"2018-04-11T05:54:33.000Z","volume":1000,"label":" ","price":9.62},{"type":"U","date":"2018-04-11T05:54:40.000Z","volume":1000,"label":"X","price":9.62},{"type":"A","date":"2018-04-11T05:55:12.000Z","volume":2000,"label":"Y","price":9.63},{"type":"B","date":"2018-04-11T05:55:15.000Z","volume":1000,"label":"Y","price":9.62},{"type":"B","date":"2018-04-11T05:55:15.000Z","volume":2000,"label":" ","price":9.62},{"type":"B","date":"2018-04-11T05:55:15.000Z","volume":1000,"label":" ","price":9.62},{"type":"A","date":"2018-04-11T05:56:00.000Z","volume":3000,"label":" ","price":9.63},{"type":"B","date":"2018-04-11T05:56:00.000Z","volume":3000,"label":"Y","price":9.62},{"type":"A","date":"2018-04-11T05:56:39.000Z","volume":3000,"label":" ","price":9.63},{"type":"B","date":"2018-04-11T05:56:46.000Z","volume":4000,"label":" ","price":9.62},{"type":"A","date":"2018-04-11T05:57:00.000Z","volume":3000,"label":" ","price":9.63},{"type":"B","date":"2018-04-11T05:57:00.000Z","volume":2000,"label":" ","price":9.62},{"type":"U","date":"2018-04-11T05:57:00.000Z","volume":2000,"label":"X","price":9.63},{"type":"B","date":"2018-04-11T05:57:00.000Z","volume":4000,"label":" ","price":9.62},{"type":"B","date":"2018-04-11T05:57:30.000Z","volume":2000,"label":" ","price":9.62},{"type":"A","date":"2018-04-11T05:58:00.000Z","volume":3000,"label":" ","price":9.63},{"type":"B","date":"2018-04-11T05:58:01.000Z","volume":1000,"label":" ","price":9.62},{"type":"B","date":"2018-04-11T05:58:01.000Z","volume":3000,"label":" ","price":9.62},{"type":"B","date":"2018-04-11T05:58:11.000Z","volume":3000,"label":" ","price":9.62},{"type":"A","date":"2018-04-11T05:58:59.000Z","volume":3000,"label":" ","price":9.63},{"type":"B","date":"2018-04-11T05:59:11.000Z","volume":1000,"label":" ","price":9.62},{"type":"B","date":"2018-04-11T05:59:11.000Z","volume":3000,"label":" ","price":9.62},{"type":"B","date":"2018-04-11T05:59:11.000Z","volume":2000,"label":" ","price":9.62},{"type":"B","date":"2018-04-11T05:59:12.000Z","volume":1000,"label":" ","price":9.62},{"type":"U","date":"2018-04-11T05:59:18.000Z","volume":5000,"label":"X","price":9.625},{"type":"B","date":"2018-04-11T05:59:26.000Z","volume":2000,"label":" ","price":9.62},{"type":"B","date":"2018-04-11T05:59:39.000Z","volume":21000,"label":" ","price":9.62},{"type":"B","date":"2018-04-11T05:59:39.000Z","volume":1000,"label":" ","price":9.62},{"type":"B","date":"2018-04-11T05:59:41.000Z","volume":7000,"label":" ","price":9.62},{"type":"U","date":"2018-04-11T05:59:45.000Z","volume":2000,"label":"X","price":9.625},{"type":"U","date":"2018-04-11T05:59:45.000Z","volume":2000,"label":"X","price":9.625},{"type":"B","date":"2018-04-11T05:59:45.000Z","volume":1000,"label":" ","price":9.62},{"type":"U","date":"2018-04-11T06:00:41.000Z","volume":1000,"label":"X","price":9.62},{"type":"B","date":"2018-04-11T06:00:49.000Z","volume":3000,"label":" ","price":9.62},{"type":"B","date":"2018-04-11T06:00:56.000Z","volume":2000,"label":" ","price":9.62},{"type":"B","date":"2018-04-11T06:01:17.000Z","volume":1000,"label":" ","price":9.62},{"type":"B","date":"2018-04-11T06:01:17.000Z","volume":1000,"label":" ","price":9.62},{"type":"B","date":"2018-04-11T06:01:17.000Z","volume":4000,"label":" ","price":9.62},{"type":"B","date":"2018-04-11T06:01:26.000Z","volume":2000,"label":" ","price":9.62},{"type":"B","date":"2018-04-11T06:01:30.000Z","volume":2000,"label":" ","price":9.62},{"type":"B","date":"2018-04-11T06:01:30.000Z","volume":3000,"label":" ","price":9.62},{"type":"B","date":"2018-04-11T06:01:30.000Z","volume":2000,"label":" ","price":9.62},{"type":"B","date":"2018-04-11T06:01:30.000Z","volume":3000,"label":" ","price":9.62},{"type":"A","date":"2018-04-11T06:01:34.000Z","volume":3000,"label":" ","price":9.63},{"type":"B","date":"2018-04-11T06:01:41.000Z","volume":5000,"label":" ","price":9.62},{"type":"U","date":"2018-04-11T06:02:03.000Z","volume":2000,"label":"X","price":9.63},{"type":"A","date":"2018-04-11T06:02:03.000Z","volume":1000,"label":"Y","price":9.63},{"type":"B","date":"2018-04-11T06:02:51.000Z","volume":3000,"label":" ","price":9.62},{"type":"B","date":"2018-04-11T06:02:52.000Z","volume":6000,"label":" ","price":9.62},{"type":"B","date":"2018-04-11T06:02:54.000Z","volume":11000,"label":" ","price":9.62},{"type":"B","date":"2018-04-11T06:02:56.000Z","volume":7000,"label":" ","price":9.62},{"type":"B","date":"2018-04-11T06:03:00.000Z","volume":2000,"label":" ","price":9.62},{"type":"U","date":"2018-04-11T06:03:06.000Z","volume":3000,"label":"X","price":9.625},{"type":"U","date":"2018-04-11T06:03:06.000Z","volume":1000,"label":"X","price":9.625},{"type":"U","date":"2018-04-11T06:03:14.000Z","volume":4000,"label":"X","price":9.62},{"type":"B","date":"2018-04-11T06:03:21.000Z","volume":4000,"label":" ","price":9.62},{"type":"B","date":"2018-04-11T06:03:21.000Z","volume":3000,"label":" ","price":9.62},{"type":"B","date":"2018-04-11T06:03:21.000Z","volume":1000,"label":"Y","price":9.62},{"type":"B","date":"2018-04-11T06:03:21.000Z","volume":3000,"label":" ","price":9.62},{"type":"B","date":"2018-04-11T06:03:21.000Z","volume":1000,"label":" ","price":9.62},{"type":"B","date":"2018-04-11T06:03:26.000Z","volume":5000,"label":" ","price":9.62},{"type":"B","date":"2018-04-11T06:03:28.000Z","volume":1000,"label":"Y","price":9.62},{"type":"B","date":"2018-04-11T06:03:36.000Z","volume":8000,"label":" ","price":9.62},{"type":"B","date":"2018-04-11T06:03:37.000Z","volume":1000,"label":" ","price":9.62},{"type":"B","date":"2018-04-11T06:03:37.000Z","volume":1000,"label":" ","price":9.62},{"type":"B","date":"2018-04-11T06:03:41.000Z","volume":4000,"label":" ","price":9.62},{"type":"B","date":"2018-04-11T06:04:15.000Z","volume":1000,"label":" ","price":9.62},{"type":"B","date":"2018-04-11T06:04:16.000Z","volume":2000,"label":"Y","price":9.62},{"type":"A","date":"2018-04-11T06:04:16.000Z","volume":3000,"label":" ","price":9.63},{"type":"B","date":"2018-04-11T06:04:35.000Z","volume":2000,"label":" ","price":9.62},{"type":"B","date":"2018-04-11T06:04:35.000Z","volume":2000,"label":"Y","price":9.62},{"type":"U","date":"2018-04-11T06:04:51.000Z","volume":2000,"label":"X","price":9.63},{"type":"B","date":"2018-04-11T06:05:11.000Z","volume":11000,"label":" ","price":9.62},{"type":"B","date":"2018-04-11T06:05:11.000Z","volume":2000,"label":" ","price":9.62},{"type":"B","date":"2018-04-11T06:05:26.000Z","volume":8000,"label":" ","price":9.62},{"type":"B","date":"2018-04-11T06:05:26.000Z","volume":1000,"label":" ","price":9.62},{"type":"B","date":"2018-04-11T06:05:53.000Z","volume":2000,"label":" ","price":9.62},{"type":"B","date":"2018-04-11T06:06:06.000Z","volume":4000,"label":" ","price":9.62},{"type":"B","date":"2018-04-11T06:06:06.000Z","volume":1000,"label":"Y","price":9.62},{"type":"B","date":"2018-04-11T06:06:06.000Z","volume":1000,"label":" ","price":9.62},{"type":"B","date":"2018-04-11T06:06:07.000Z","volume":18000,"label":" ","price":9.62},{"type":"B","date":"2018-04-11T06:06:07.000Z","volume":2000,"label":" ","price":9.62},{"type":"U","date":"2018-04-11T06:06:14.000Z","volume":1000,"label":"X","price":9.615},{"type":"U","date":"2018-04-11T06:06:14.000Z","volume":2000,"label":"X","price":9.615},{"type":"A","date":"2018-04-11T06:07:26.000Z","volume":76000,"label":" ","price":9.62},{"type":"A","date":"2018-04-11T06:07:26.000Z","volume":25000,"label":" ","price":9.62},{"type":"B","date":"2018-04-11T06:07:27.000Z","volume":8000,"label":" ","price":9.61},{"type":"A","date":"2018-04-11T06:07:27.000Z","volume":3000,"label":" ","price":9.62},{"type":"A","date":"2018-04-11T06:07:28.000Z","volume":10000,"label":" ","price":9.62},{"type":"B","date":"2018-04-11T06:07:30.000Z","volume":2000,"label":" ","price":9.61}