[{"type":"A","date":"2018-03-16T07:59:36.000Z","volume":30000,"price":1.21,"category":"bbull"},{"type":"A","date":"2018-03-16T07:32:11.000Z","volume":30000,"price":1.21,"category":"bbull"},{"type":"A","date":"2018-03-16T07:12:50.000Z","volume":42000,"price":1.21,"category":"bbull"},{"type":"A","date":"2018-03-16T03:45:55.000Z","volume":30000,"price":1.21,"category":"bbull"},{"type":"A","date":"2018-03-16T03:14:05.000Z","volume":40000,"price":1.21,"category":"bbull"},{"type":"A","date":"2018-03-16T07:59:30.000Z","volume":2000,"price":1.21,"category":"rbull"},{"type":"A","date":"2018-03-16T07:59:07.000Z","volume":2000,"price":1.21,"category":"rbull"},{"type":"A","date":"2018-03-16T07:58:03.000Z","volume":2000,"price":1.21,"category":"rbull"},{"type":"A","date":"2018-03-16T07:58:00.000Z","volume":2000,"price":1.21,"category":"rbull"},{"type":"A","date":"2018-03-16T07:56:33.000Z","volume":2000,"price":1.21,"category":"rbull"},{"type":"A","date":"2018-03-16T07:55:03.000Z","volume":2000,"price":1.21,"category":"rbull"},{"type":"A","date":"2018-03-16T07:52:32.000Z","volume":2000,"price":1.21,"category":"rbull"},{"type":"A","date":"2018-03-16T07:52:32.000Z","volume":2000,"price":1.21,"category":"rbull"},{"type":"A","date":"2018-03-16T07:52:32.000Z","volume":2000,"price":1.21,"category":"rbull"},{"type":"A","date":"2018-03-16T07:50:13.000Z","volume":2000,"price":1.21,"category":"rbull"},{"type":"A","date":"2018-03-16T07:47:32.000Z","volume":2000,"price":1.21,"category":"rbull"},{"type":"A","date":"2018-03-16T07:43:55.000Z","volume":2000,"price":1.21,"category":"rbull"},{"type":"A","date":"2018-03-16T07:38:40.000Z","volume":2000,"price":1.21,"category":"rbull"},{"type":"A","date":"2018-03-16T07:32:40.000Z","volume":2000,"price":1.21,"category":"rbull"},{"type":"A","date":"2018-03-16T07:26:40.000Z","volume":2000,"price":1.21,"category":"rbull"},{"type":"A","date":"2018-03-16T07:14:40.000Z","volume":2000,"price":1.21,"category":"rbull"},{"type":"A","date":"2018-03-16T07:08:40.000Z","volume":2000,"price":1.21,"category":"rbull"},{"type":"A","date":"2018-03-16T07:02:40.000Z","volume":2000,"price":1.21,"category":"rbull"},{"type":"A","date":"2018-03-16T06:56:40.000Z","volume":2000,"price":1.21,"category":"rbull"},{"type":"A","date":"2018-03-16T06:50:40.000Z","volume":2000,"price":1.21,"category":"rbull"},{"type":"A","date":"2018-03-16T06:41:14.000Z","volume":2000,"price":1.21,"category":"rbull"},{"type":"A","date":"2018-03-16T06:32:58.000Z","volume":2000,"price":1.21,"category":"rbull"},{"type":"A","date":"2018-03-16T06:32:17.000Z","volume":2000,"price":1.21,"category":"rbull"},{"type":"A","date":"2018-03-16T05:51:54.000Z","volume":2000,"price":1.21,"category":"rbull"},{"type":"A","date":"2018-03-16T05:00:08.000Z","volume":2000,"price":1.21,"category":"rbull"},{"type":"A","date":"2018-03-16T05:00:02.000Z","volume":2000,"price":1.21,"category":"rbull"},{"type":"A","date":"2018-03-16T03:47:57.000Z","volume":2000,"price":1.21,"category":"rbull"},{"type":"A","date":"2018-03-16T03:47:02.000Z","volume":2000,"price":1.21,"category":"rbull"},{"type":"A","date":"2018-03-16T03:45:55.000Z","volume":2000,"price":1.21,"category":"rbull"},{"type":"A","date":"2018-03-16T03:41:44.000Z","volume":2000,"price":1.21,"category":"rbull"},{"type":"A","date":"2018-03-16T03:29:06.000Z","volume":2000,"price":1.21,"category":"rbull"},{"type":"A","date":"2018-03-16T03:24:11.000Z","volume":2000,"price":1.21,"category":"rbull"},{"type":"A","date":"2018-03-16T03:18:24.000Z","volume":2000,"price":1.21,"category":"rbull"},{"type":"A","date":"2018-03-16T02:39:11.000Z","volume":2000,"price":1.21,"category":"rbull"},{"type":"A","date":"2018-03-16T02:36:25.000Z","volume":2000,"price":1.21,"category":"rbull"},{"type":"A","date":"2018-03-16T02:16:00.000Z","volume":2000,"price":1.21,"category":"rbull"},{"type":"A","date":"2018-03-16T01:35:53.000Z","volume":2000,"price":1.22,"category":"rbull"},{"type":"B","date":"2018-03-16T07:59:42.000Z","volume":2000,"price":1.2,"category":"rbear"},{"type":"B","date":"2018-03-16T07:59:37.000Z","volume":2000,"price":1.2,"category":"rbear"},{"type":"B","date":"2018-03-16T07:59:30.000Z","volume":2000,"price":1.2,"category":"rbear"},{"type":"B","date":"2018-03-16T07:59:25.000Z","volume":2000,"price":1.2,"category":"rbear"},{"type":"B","date":"2018-03-16T07:59:20.000Z","volume":2000,"price":1.2,"category":"rbear"},{"type":"B","date":"2018-03-16T07:59:12.000Z","volume":2000,"price":1.2,"category":"rbear"},{"type":"B","date":"2018-03-16T07:59:07.000Z","volume":2000,"price":1.2,"category":"rbear"},{"type":"B","date":"2018-03-16T07:08:15.000Z","volume":2000,"price":1.2,"category":"rbear"},{"type":"B","date":"2018-03-16T06:20:09.000Z","volume":2000,"price":1.2,"category":"rbear"},{"type":"B","date":"2018-03-16T06:06:36.000Z","volume":2000,"price":1.2,"category":"rbear"},{"type":"B","date":"2018-03-16T05:46:15.000Z","volume":2000,"price":1.2,"category":"rbear"},{"type":"B","date":"2018-03-16T05:31:03.000Z","volume":2000,"price":1.2,"category":"rbear"},{"type":"B","date":"2018-03-16T05:27:35.000Z","volume":2000,"price":1.2,"category":"rbear"},{"type":"B","date":"2018-03-16T05:21:08.000Z","volume":2000,"price":1.2,"category":"rbear"},{"type":"B","date":"2018-03-16T03:28:57.000Z","volume":2000,"price":1.2,"category":"rbear"},{"type":"B","date":"2018-03-16T02:40:03.000Z","volume":2000,"price":1.2,"category":"rbear"},{"type":"B","date":"2018-03-16T02:36:14.000Z","volume":2000,"price":1.2,"category":"rbear"},{"type":"B","date":"2018-03-16T02:30:45.000Z","volume":2000,"price":1.2,"category":"rbear"},{"type":"B","date":"2018-03-16T02:17:23.000Z","volume":2000,"price":1.2,"category":"rbear"},{"type":"B","date":"2018-03-16T02:15:43.000Z","volume":2000,"price":1.2,"category":"rbear"},{"type":"B","date":"2018-03-16T01:53:02.000Z","volume":2000,"price":1.21,"category":"rbear"},{"type":"B","date":"2018-03-16T01:52:29.000Z","volume":2000,"price":1.21,"category":"rbear"},{"type":"B","date":"2018-03-16T01:47:47.000Z","volume":2000,"price":1.21,"category":"rbear"},{"type":"B","date":"2018-03-16T01:36:45.000Z","volume":2000,"price":1.21,"category":"rbear"},{"type":"B","date":"2018-03-16T01:35:48.000Z","volume":2000,"price":1.21,"category":"rbear"},{"type":"B","date":"2018-03-16T07:56:51.000Z","volume":40000,"price":1.2,"category":"bbear"},{"type":"B","date":"2018-03-16T07:52:23.000Z","volume":50000,"price":1.2,"category":"bbear"},{"type":"B","date":"2018-03-16T07:38:30.000Z","volume":30000,"price":1.2,"category":"bbear"},{"type":"B","date":"2018-03-16T07:08:14.000Z","volume":50000,"price":1.2,"category":"bbear"},{"type":"B","date":"2018-03-16T06:14:22.000Z","volume":40000,"price":1.2,"category":"bbear"},{"type":"B","date":"2018-03-16T06:09:18.000Z","volume":50000,"price":1.2,"category":"bbear"},{"type":"B","date":"2018-03-16T06:06:56.000Z","volume":28000,"price":1.2,"category":"bbear"},{"type":"B","date":"2018-03-16T06:06:03.000Z","volume":28000,"price":1.2,"category":"bbear"},{"type":"B","date":"2018-03-16T03:33:21.000Z","volume":28000,"price":1.2,"category":"bbear"},{"type":"B","date":"2018-03-16T03:13:56.000Z","volume":44000,"price":1.2,"category":"bbear"},{"type":"B","date":"2018-03-16T03:05:15.000Z","volume":30000,"price":1.2,"category":"bbear"},{"type":"B","date":"2018-03-16T02:30:02.000Z","volume":50000,"price":1.2,"category":"bbear"},{"type":"B","date":"2018-03-16T02:10:08.000Z","volume":28000,"price":1.2,"category":"bbear"},{"type":"B","date":"2018-03-16T01:47:47.000Z","volume":38000,"price":1.21,"category":"bbear"},{"type":"B","date":"2018-03-16T01:47:47.000Z","volume":50000,"price":1.21,"category":"bbear"},{"type":"B","date":"2018-03-16T07:52:23.000Z","volume":132000,"price":1.2,"category":"ubbear"},{"type":"B","date":"2018-03-16T07:42:48.000Z","volume":60000,"price":1.2,"category":"ubbear"},{"type":"B","date":"2018-03-16T07:32:11.000Z","volume":200000,"price":1.2,"category":"ubbear"},{"type":"B","date":"2018-03-16T07:25:56.000Z","volume":96000,"price":1.2,"category":"ubbear"},{"type":"B","date":"2018-03-16T07:12:50.000Z","volume":272000,"price":1.2,"category":"ubbear"},{"type":"B","date":"2018-03-16T06:06:34.000Z","volume":60000,"price":1.2,"category":"ubbear"},{"type":"B","date":"2018-03-16T03:28:56.000Z","volume":70000,"price":1.2,"category":"ubbear"},{"type":"B","date":"2018-03-16T03:27:29.000Z","volume":62000,"price":1.2,"category":"ubbear"},{"type":"B","date":"2018-03-16T03:13:54.000Z","volume":200000,"price":1.2,"category":"ubbear"},{"type":"B","date":"2018-03-16T02:15:53.000Z","volume":120000,"price":1.2,"category":"ubbear"},{"type":"B","date":"2018-03-16T01:54:43.000Z","volume":100000,"price":1.21,"category":"ubbear"}]